4100 6300
455 474 552 540 lilS'i.
574 472 639 538 XV.
662 466 776 535 aaut.
801 465 825 531 l.
844 466 935 534 ART.
958 471 983 536 1.
1005 471 1154 550 QUAEST.
1174 471 1225 536 iv
1582 482 1642 543 253

45 607 167 690 aliquid
193 607 267 673 facit
289 606 382 672 Pater
399 609 484 690 quod
501 627 567 672 non
584 607 658 672 lacit
680 603 817 687 Spiritus
871 607 983 671 nititur
999 608 1134 690 probare
1154 608 1341 671 auctoritate
1362 611 1540 690 stratone,
1554 613 1642 695 quod

45 719 201 779 sanctus:
224 731 301 796 ergo
321 714 422 779 divisa
442 719 517 779 sunt
531 731 628 796 opera
642 710 815 776 Trinitatis.
871 710 1008 796 Spiritus
1029 718 1158 779 sanetus
1179 714 1284 777 mittat
1304 733 1354 794 se,
1378 720 1410 780 et
1430 717 1483 781 det
1504 737 1555 797 se;
1583 738 1641 784 nec

26 846 34 864 ·
83 822 202 886 Contra
217 843 225 886 ε
243 827 272 884 l.
287 821 402 886 Datum
416 823 531 888 dicitur
542 821 673 886 relative
686 819 725 884 ad
737 818 816 883 dan·
870 825 995 902 oportet
1008 821 1186 886 secundum
1199 821 1306 904 ipsum
1317 823 1401 904 quod
1414 822 1497 888 inter
1508 825 1641 889 mitten·

42 935 124 1011 tam,
146 931 232 994 siem
248 929 323 993 dicit
340 930 562 1011 Augustinus¹
584 930 619 992 in
636 927 749 1010 quinto
764 926 816 989 di·
870 932 935 992 tem
956 932 988 992 et
1008 929 1142 994 missum
1164 930 1255 994 cadat
1274 929 1448 1011 personalis
1462 931 1638 1013 distinctim

43 1037 188 1104 simodo
219 1037 401 1104 trinitate:
425 1055 504 1119 argo
529 1036 664 1120 Spiritus
689 1038 817 1098 sanctus
870 1035 1036 1100 sedsolum
1046 1037 1638 1121 quantumadrationemintelligendi,

41 1160 106 1207 non
121 1144 220 1208 datur
237 1143 300 1208 nisi
312 1144 355 1208 ab
372 1143 423 1208 his
436 1145 477 1208 ad
491 1162 573 1227 qnos
585 1142 717 1207 relative
737 1140 816 1204 dici·
870 1148 907 1206 ut
919 1143 986 1226 ipse
997 1144 1176 1209 sitmittens
1186 1145 1221 1208 in
1231 1149 1389 1227 quantum
1400 1145 1497 1223 ilaus,
1511 1150 1543 1210 et
1554 1146 1640 1213 idem

40 1254 112 1316 tur:
137 1251 193 1316 sed
222 1269 288 1315 non
309 1251 426 1316 dicitur
449 1251 580 1316 relative
605 1250 646 1314 ad
661 1266 715 1312 se:
736 1265 816 1329 ergo
869 1249 936 1331 ipse
949 1251 989 1314 sit
1003 1251 1121 1314 missus
1134 1250 1340 1333 inquantum
1352 1251 1487 1316 donum.

40 1376 105 1421 non
122 1357 177 1423 dat
189 1376 245 1423 se:
261 1376 340 1439 ergo
356 1376 415 1423 nec
433 1357 530 1423 mittit
543 1375 587 1422 se.
911 1355 1058 1421 Aliorum
1071 1357 1299 1439 magistrorum
1314 1362 1347 1423 et
1358 1360 1566 1443 antiquorum
1579 1363 1641 1428 fuit
1656 1376 1705 1449 su·
1714 1378 1760 1434 oa·

80 1469 110 1528 2.
127 1463 221 1546 Item,
236 1466 319 1530 deut
335 1464 429 1530 Pater
448 1469 495 1530 est
512 1465 617 1547 prima
629 1481 764 1547 persona
781 1463 815 1526 in
868 1462 994 1545 positio,
1013 1465 1100 1546 quod
1115 1464 1240 1529 mittere
1259 1468 1291 1529 et
1303 1466 1388 1530 mitti
1401 1465 1440 1530 de
1454 1467 1576 1534 ratione
1589 1471 1639 1534 sui
1654 1451 1698 1482 '¹²⁰'

42 1570 208 1649 inuitato,
225 1577 302 1637 ante
313 1591 413 1655 quam
425 1590 492 1636 non
505 1577 553 1637 est
566 1572 637 1651 alia,
653 1572 698 1636 ita
714 1570 814 1654 Spiri-
868 1570 1008 1635 nominis
1020 1571 1195 1654 important
1207 1572 1501 1652 subauctaritatem‚
1516 1581 1548 1640 et
1561 1595 1639 1641 auc-

43 1682 93 1743 tus
120 1683 251 1744 sanctus
273 1683 344 1762 post
365 1698 463 1762 quem
485 1698 552 1744 non
576 1683 625 1743 est
650 1679 731 1743 alia:
760 1678 816 1741 sed
868 1679 1040 1756 toritatem,
1063 1687 1094 1743 et
1118 1678 1370 1760 distinctionem;
1403 1686 1435 1745 et
1456 1682 1528 1746 ideo
1549 1683 1639 1748 nullo

44 1785 144 1863 Pater,
157 1787 237 1869 qaria
250 1805 315 1852 non
330 1788 426 1852 habat
440 1806 609 1872 personam
625 1806 667 1851 ex
682 1805 747 1869 qna
763 1787 814 1861 sit,
869 1783 964 1848 modo
978 1788 1081 1867 potest
1096 1783 1170 1860 dici,
1192 1784 1279 1867 quod
1301 1805 1368 1851 una
1388 1805 1523 1870 persona
1536 1790 1641 1856 mittat

44 1893 131 1958 nullo
149 1894 248 1958 modo
261 1895 376 1960 dicitur
391 1896 507 1959 missus
522 1916 531 1959 z
546 1913 636 1976 ergo,
651 1913 726 1958 oum
741 1893 815 1976 Spi-
868 1910 913 1971 se,
928 1892 979 1956 vel
997 1893 1144 1957 mittatur
1163 1912 1183 1957 a
1206 1911 1251 1957 se.
1274 1892 1364 1960 Unde
1377 1895 1552 1961 locutiones
1568 1897 1638 1961 istae

45 2000 122 2066 ritus
144 2005 277 2067 sanctus
300 2022 366 2068 non
389 2003 504 2069 habeat
525 2020 694 2086 personam
721 2019 763 2066 ex
782 2019 816 2064 se
868 2004 944 2064 suut
956 2000 1202 2084 impropriae;et
1214 2004 1422 2085 exponendae,
1435 2006 1639 2087 quaelroedi-

46 2108 257 2182 emanantem,
272 2106 361 2170 nullo
377 2107 472 2171 modo
486 2106 601 2170 dicitur
615 2106 749 2169 mittere.
869 2125 940 2172 cere
959 2108 1120 2174 videntur.
1145 2113 1181 2173 st
1198 2110 1386 2192 positionem
1409 2129 1501 2175 suam
1521 2112 1639 2176 conflr-

85 2216 113 2274 3.
140 2211 233 2289 item,
255 2214 451 2297 ubicumque
471 2218 518 2278 est
545 2214 656 2279 missio
677 2213 813 2295 passiva,
869 2222 958 2283 mant
967 2238 1024 2303 per
1033 2219 1441 2303 Augustinum³‚quidicit
1449 2223 1535 2305 quod
1547 2222 1639 2288 Pater

46 2319 88 2382 ihi
100 2324 145 2384 esi
162 2322 396 2386 subauetoritas
414 2325 559 2404 respectu
573 2321 710 2403 alicujus
725 2321 815 2404 prin·
868 2326 958 2392 nullo
969 2328 1064 2393 modo
1073 2327 1221 2408 mittitur,
1232 2347 1291 2393 nec
1298 2329 1419 2411 legitur
1428 2332 1544 2395 missus
1556 2353 1565 2396 ε
1578 2332 1639 2395 hoc

48 2426 118 2509 cipli
141 2428 177 2492 in
196 2428 307 2508 misso,
331 2429 414 2493 sicut
433 2430 551 2494 dicitur
572 2430 612 2493 ah
632 2429 815 2511 Augustino
868 2452 934 2499 non
954 2439 1003 2499 est
1023 2435 1066 2500 ab
1087 2435 1186 2513 aliud,
1209 2436 1272 2500 nisi
1291 2438 1367 2520 quia
1389 2438 1464 2516 hoc,
1484 2437 1571 2520 quod
1591 2443 1638 2502 ast

48 2533 270 2616 etldagistro:
293 2555 388 2618 erga,
413 2536 470 2601 ubi
493 2541 540 2601 est
563 2536 672 2601 missio
697 2538 813 2617 activa,
869 2545 1001 2623 missua,
1014 2543 1167 2626 importat
1175 2544 1571 2628 subauctoritatsmzergo‚
1581 2564 1638 2628 per

48 2641 89 2705 ihi
101 2647 230 2708 notatur
241 2644 412 2709 auotoritas
421 2648 566 2727 respectu
577 2662 722 2727 personae
735 2665 744 2709 z
759 2646 813 2711 sed
868 2653 1067 2735 oppositum,
1087 2654 1212 2719 mittere
1227 2651 1377 2734 importat
1390 2652 1634 2719 auctoritatem:

50 2748 179 2833 Spiritus
191 2758 321 2818 sanctus
333 2772 398 2819 non
409 2754 505 2818 habet
514 2754 734 2818 auctoritatem
747 2772 812 2819 res·
868 2758 1635 2842 etunapersonanonhabetauetoritatemsnpra

49 2863 138 2942 pectu
150 2861 212 2940 sui,
226 2879 289 2925 neo
300 2859 431 2925 alterins
445 2878 608 2942 personae:
624 2879 716 2944 ergo,
732 2868 792 2927 etc.
868 2882 912 2930 se.
928 2866 968 2930 Et
985 2866 1178 2948 respondent
1189 2865 1368 2930 rationibus
1381 2865 1535 2947 Magistri,
1549 2867 1636 2949 quod

85 2972 114 3033 i.
135 2968 230 3050 Item,
251 2970 449 3052 ubicumque
471 2975 518 3035 est
538 2970 660 3046 missio,
681 2971 726 3035 ihi
739 2990 815 3037 vare
867 2989 932 3035 non
949 2976 995 3037 est
1011 2972 1116 3037 simile
1136 2972 1176 3037 de
1192 2972 1265 3053 hoc,
1285 2973 1372 3055 qnod
1386 2978 1434 3037 est
1450 2973 1539 3052 dare,
1552 2976 1585 3037 et
1597 2973 1636 3038 de

50 3079 170 3140 notatur
187 3076 357 3154 distinctio,
375 3078 458 3142 sicut
469 3078 504 3140 in
516 3078 668 3141 creaturis
684 3095 814 3161 separa-
867 3077 939 3159 hoc,
952 3079 1039 3162 quod
1051 3083 1099 3143 est
1110 3080 1232 3145 midae
1243 3080 1441 3163 .·quiadare,
1453 3085 1635 3165 anamodo,

50 3183 111 3247 tio:
133 3184 186 3249 sed
199 3203 338 3268 persona
350 3184 486 3267 Spiritus
500 3184 599 3249 sancti
614 3204 681 3249 non
698 3185 812 3249 distin-
867 3190 969 3250 estex
982 3187 1168 3251 liberalitate
1181 3188 1248 3251 sive
1261 3205 1370 3252 amore
1382 3190 1635 3269 communicare3

51 3291 157 3369 guitur
168 3310 188 3356 a
201 3310 236 3356 se
250 3314 259 3356 ε
274 3310 354 3374 ergo
364 3311 384 3356 a
395 3310 429 3356 se
442 3310 507 3356 non
519 3292 675 3358 mittitur:
688 3311 748 3358 nec
761 3292 813 3357 Fi·
867 3293 955 3357 etsie
968 3297 1017 3357 est
1033 3294 1196 3358 essentiale
1210 3295 1353 3374 omnino,
1374 3300 1405 3360 et
1419 3297 1542 3362 nullam
1560 3317 1636 3362 con·

50 3395 125 3461 lium
146 3399 259 3478 mittit,
281 3417 356 3463 cum
378 3416 445 3463 non
463 3398 578 3463 habeat
594 3399 813 3465 auctoritatem
866 3405 955 3466 notat
967 3401 1222 3466 distinctionemt
1244 3402 1338 3467 etsie
1355 3404 1537 3469 conceditur
1549 3406 1636 3488 quod

52 3501 194 3586 inipsum
208 3529 216 3571 ι
232 3523 313 3588 ergo
325 3524 390 3570 non
406 3506 513 3571 mittit.
865 3511 932 3573 tota
944 3508 1082 3573 Trinitas
1094 3508 1148 3573 dat
1163 3509 1310 3591 seipsam,
1327 3513 1359 3574 et
1372 3509 1465 3575 Pater
1477 3512 1634 3577 similiter.

89 3612 117 3674 t.
132 3610 220 3690 Item,
233 3612 339 3677 omnis
348 3616 438 3678 aetus
447 3613 624 3678 secundnm
635 3632 732 3697 quem
743 3632 812 3697 per·
867 3614 937 3679 Alio
949 3616 1057 3696 modo,
1068 3615 1146 3682 dare
1161 3619 1208 3680 est
1220 3615 1315 3680 alicui
1324 3617 1446 3681 donum
1455 3620 1637 3683 eommuni-

54 3734 124 3782 sona
140 3721 312 3787 reflectitur
324 3739 422 3805 supra
438 3739 487 3801 se,
512 3725 561 3785 est
579 3722 767 3802 essentialis,
782 3727 814 3786 et
866 3740 948 3802 aare,
965 3741 1033 3786 non
1050 3727 1177 3788 tantum
1196 3742 1237 3788 ex
1255 3723 1452 3804 liberalitate,
1471 3726 1636 3790 sedetiam

54 3825 250 3893 essentialiter
263 3827 384 3893 dictus:
404 3829 431 3892 si
446 3846 525 3911 ergo
537 3827 638 3893 Filius
654 3829 753 3895 mittit
765 3848 811 3910 se,
866 3847 906 3893 ex
924 3831 1112 3896 auctoritate
1128 3852 1136 3895 :
1150 3834 1182 3894 et
1202 3830 1247 3894 sic
1266 3829 1345 3897 dare
1366 3832 1442 3897 dicit
1454 3832 1634 3912 notionem,

53 3930 99 3993 vel
118 3929 255 4015 Spiritus
276 3940 403 4000 sanctus
423 3955 472 4016 se,
496 3955 575 4019 ergo
595 3936 739 4017 mittere,
760 3937 813 4001 vel
866 3937 934 4002 sive
946 3942 1075 4004 tenetur
1092 3938 1305 4019 animaliter,
1326 3942 1358 4003 et
1378 3939 1440 4003 hoc
1457 3941 1552 4005 modo
1570 3959 1636 4005 non

53 4036 145 4119 mitti,
160 4042 367 4107 essentialiter
387 4044 504 4108 dicitur
517 4065 525 4107 z
540 4044 594 4108 sed
614 4045 718 4108 omnis
741 4044 813 4108 talis
865 4046 974 4110 valent
985 4046 1051 4112 illae
1062 4046 1222 4110 rationes:
1242 4045 1301 4110 «Si
1314 4045 1470 4112 Paterdat
1482 4045 1636 4130 Spiritum

52 4148 134 4210 aetna
144 4148 308 4216 diciturda
318 4150 420 4216 tribus
434 4173 441 4217 :
456 4169 536 4233 ergo
548 4150 642 4217 Pater
653 4152 753 4217 mittit
764 4170 810 4218 se.
866 4156 1024 4230 sanctum,
1039 4157 1071 4218 et
1082 4152 1217 4237 Spiritus
1226 4156 1428 4219 sanctusnon
1437 4154 1491 4219 dat
1502 4173 1547 4235 se,
1557 4172 1636 4237 ergo
1653 4214 1663 4233 ,

865 4260 1631 4344 aliquidiaritPatarquodnonSpiritussauctus3s

311 4419 524 4488 CONGLUSIO
865 4367 942 4450 quia
959 4367 1037 4433 dicit
1055 4368 1230 4448 notionem,
1245 4373 1277 4432 et
1292 4368 1326 4432 iu
1345 4370 1407 4432 hoc
1423 4388 1520 4433 seusu
1533 4370 1637 4452 aequi-

529 4469 537 4485 '
864 4476 1015 4559 polletei,
1029 4476 1115 4559 quod
1138 4480 1186 4539 est
1197 4476 1498 4545 mitterersimiliter
1507 4476 1635 4541 donatio

54 4574 196 4650 impropria
208 4585 245 4637 ast
260 4582 358 4639 lomatio
371 4582 442 4655 quod
453 4585 535 4641 Pater
545 4584 602 4641 stae
612 4585 736 4641 Trinitas
744 4588 810 4641 mit-
864 4584 999 4668 passiva,
1011 4584 1042 4648 εἰ
1054 4581 1141 4666 quod
1152 4586 1199 4647 est
1213 4583 1420 4663 procedere.»
1435 4584 1587 4648 Similiter
1595 4585 1635 4650 ad

85 4668 125 4721 *θ’
139 4682 178 4737 ⁸⁶3
192 4673 411 4775 P'Wffstglwd
426 4687 547 4744 dmm
561 4672 730 4745 Pl⁰⁰³dtlit⁸
742 4677 810 4731 mit·
864 4691 967 4756 simile
982 4690 1069 4775 qnod
1078 4689 1202 4754 inducit
1212 4688 1364 4771 Magister
1372 4691 1411 4755 de
1420 4689 1514 4766 Filio,
1525 4690 1636 4756 dicum

86 4759 143 4812 Μ
160 4773 204 4828 ⁸⁶⁵
222 4765 432 4835 mmm
454 4762 526 4834 paca
539 4763 687 4836 mmm
715 4767 810 4822 'mm‘
865 4800 951 4882 quod
963 4817 1030 4863 non
1043 4802 1090 4863 est
1101 4796 1215 4874 simile,
1230 4795 1442 4880 quiainllilia
1456 4796 1575 4880 duplex
1588 4801 1636 4863 est

84 4847 274 4916 mm
864 4911 992 4986 natura,
1007 4906 1128 4970 scilicet
1139 4904 1259 4984 divina,
1274 4908 1306 4970 et
1319 4904 1524 4985 humana3et
1534 4923 1635 4989 quan·

27 5009 45 5105 ξε
91 5001 177 5090 Resp.
198 5009 238 5074 ad
259 5010 338 5094 Arg.
371 5010 546 5078 Dicendum
574 5013 660 5096 quod
691 5015 727 5079 in
749 5015 811 5081 hac
864 5019 934 5081 tum
948 5014 989 5079 ad
1001 5013 1179 5077 humanam
1191 5014 1294 5094 potest
1305 5011 1401 5091 mitti,
1415 5015 1447 5076 et
1465 5011 1635 5076 mittitura

56 5115 235 5195 questione,
265 5119 422 5202 sepientes
450 5119 623 5203 opinantur
653 5125 810 5189 contrarie
864 5118 1300 5202 totaTrinitate,quiaminor
1309 5123 1356 5183 est
1363 5117 1440 5200 lieo,
1450 5122 1483 5185 et
1490 5119 1632 5201 inferior,

58 5218 248 5300 apientiam.
256 5224 493 5309 Namllagister
501 5228 579 5293 dicit
586 5246 735 5313 expresse
743 5236 811 5311 ’,εἰ
864 5235 897 5295 et
918 5247 985 5295 nan
1000 5231 1127 5293 tantum
1148 5225 1428 5291 smaucuritctem
1449 5225 1557 5307 habet,
1580 5226 1635 5292 ssd

87 5379 96 5413 ¹
118 5383 228 5451 August,
247 5386 278 5437 de
290 5386 390 5452 Frisii„
407 5388 453 5439 lib.
463 5389 517 5450 KV,
532 5403 588 5455 esp.
608 5401 665 5456 ιιι,
678 5405 705 5443 n.
724 5396 764 5445 ti.
779 5420 809 5433 -
865 5393 953 5446 ohardi
966 5395 992 5444 et
1002 5389 1209 5442 allorum-⁸8.
1223 5389 1301 5452 lug„
1314 5388 1344 5440 de
1358 5388 1460 5452 Trinit,
1470 5388 1515 5440 lib.
1530 5389 1563 5449 ll,
1574 5402 1597 5439 c.
1607 5399 1632 5453 v,

59 5445 738 5529 ’udmcadoct.s1bsru‚asuidcrarantasis,
766 5466 812 5518 iti·
865 5467 1006 5531 n.vm,et
1024 5463 1069 5514 lib.
1087 5462 1318 5527 lV‚e.2l,n.32.
