4100 6300
722 414 908 481 eurtum.
930 414 1043 498 mv„
1600 421 1657 481 eor

94 553 276 651 hypostasim
290 560 323 621 et
334 541 577 644 proprietatem.
597 551 740 620 loannes
757 550 856 621 etiem
869 549 1107 637 Damascenus,
1128 572 1281 644 personas
1301 549 1380 619 dicit
1394 562 1402 597 ¹
1417 571 1485 620 esse
1506 549 1661 643 hyposta-

92 697 146 758 ses,
160 679 189 739 et
200 692 253 738 eas
266 669 344 737 dicit
357 676 459 755 entes,
475 668 521 736 ite
532 668 687 761 inquiens
703 692 711 736 ι
732 667 803 735 alu
816 665 934 736 deitate
955 690 1058 737 unam
1077 674 1230 738 naturam
1244 665 1453 754 confitemur,
1476 674 1508 736 et
1519 673 1586 736 ires
1601 667 1663 761 hy-

90 797 219 884 postases
231 783 412 855 secundum
425 782 596 853 ueritatem
610 794 711 869 entes,
725 782 760 853 id
774 791 835 871 est,
850 805 1015 877 personas.
1034 811 1052 852 o

280 1064 484 1132 EXPOSlTIO
503 1062 667 1130 TEXTUS.
902 1081 967 1146 quo
980 1065 1076 1130 modo
1088 1014 1260 1149 accipiatur
1271 1084 1421 1150 persona,
1436 1084 1512 1132 cum
1525 1067 1665 1133 dieitur:

906 1171 1220 1255 «Alieestlpersoua
1242 1172 1390 1239 Patris.»
1417 1173 1577 1253 Semmdo,
1603 1192 1669 1256 quo

132 1262 255 1313 mmm
266 1258 565 1395 wmdffifflfflffl’
575 1257 693 1310 oumhoe
704 1270 800 1310 mmm
901 1280 998 1344 modo
1011 1280 1174 1363 accipitur,
1191 1293 1267 1345 cum
1280 1281 1415 1347 dieitur:
1431 1281 1545 1346 «Alius
1555 1279 1670 1346 estPa·

902 1389 952 1450 ter
967 1385 1003 1449 in
1016 1404 1191 1469 persone.»
1208 1386 1313 1453 Tertio
1331 1389 1393 1454 boc
1407 1390 1576 1454 confirmat
1593 1406 1669 1453 auc-

45 1515 76 1557 e·
125 1497 225 1583 Supra
237 1496 402 1581 respondit
417 1497 457 1581 (a)
473 1496 626 1580 Magister
644 1496 724 1580 quid
744 1497 850 1579 signi-
899 1492 1401 1559 torilatibus.P1imumiecitibi
1428 1516 1436 1558 ι
1456 1494 1551 1559 Nunc
1562 1495 1671 1577 inspi-

85 1609 194 1672 ticetur
206 1625 264 1689 per
276 1606 453 1670 terminum
475 1603 692 1682 numeralem,
708 1623 784 1670 cum
797 1603 850 1668 di-
904 1602 1039 1680 ciamus,
1053 1599 1379 1683 etc.Secundum,ibi
1392 1623 1400 1666 :
1414 1600 1536 1669 Deinde
1549 1604 1670 1685 qudri-

84 1715 185 1779 citm:
203 1713 277 1780 l'rce
286 1712 521 1797 personamus
534 1712 640 1777 subdit
653 1711 851 1794 quidsigni-
904 1715 981 1788 tur,
1000 1716 1111 1776 utrum
1133 1708 1307 1776 secuudum
1332 1708 1475 1776 eumdem
1498 1712 1670 1777 rationem.

83 1825 194 1887 sscetur
216 1840 273 1904 per
293 1821 393 1886 istum
414 1822 607 1896 terminum,
629 1820 788 1887 Peteona:
810 1818 851 1883 Et
903 1815 1061 1898 Tertium,
1079 1816 1126 1880 ibi
1146 1839 1154 1881 ι
1173 1817 1261 1892 cuod
1280 1824 1387 1885 autem
1404 1817 1578 1885 ruendum
1595 1817 1670 1884 eub-

82 1929 234 1994 dividitur
246 1926 720 2011 haeepareinduaszinprima
733 1926 851 2010 quaerit
903 1924 1061 1992 stantium
1071 1923 1212 1993 motor.

82 2041 113 2100 et
126 2035 276 2119 opponit;
295 2035 330 2098 in
344 2033 483 2099 secunda
501 2032 613 2114 solvit,
627 2033 672 2097 ibi
688 2053 697 2097 ι
715 2033 851 2108 umbo-

80 2142 157 2210 dom
171 2141 301 2209 oiddur
312 2140 700 2226 paodnomioePorsonoe.

118 2251 231 2316 Prima
250 2271 325 2335 pars
341 2251 437 2317 habet
457 2254 523 2314 tres
547 2255 653 2333 portes
668 2268 677 2313 ι
692 2249 729 2313 in
745 2248 852 2333 prima

78 2365 190 2425 movet
202 2358 451 2437 dubitationem
462 2357 498 2421 in
510 2356 648 2421 secunda
657 2356 788 2440 opponit
795 2372 852 2438 per
946 2353 1148 2420 Contrarium
1159 2355 1234 2419 dicit
1245 2354 1374 2421 Boetius
1393 2357 1429 2420 in
1444 2356 1527 2421 libre
1539 2356 1579 2424 dc
1595 2355 1674 2424 duo

76 2467 306 2533 auctoritatem
315 2464 507 2547 Augustini,
521 2463 690 2528 osteumns
700 2461 787 2545 quod
802 2461 851 2525 di·
907 2460 964 2528 bue
970 2463 1099 2528 uatum
1108 2468 1355 2544 erumperem
1365 2462 1497 2541 Christi,
1506 2462 1675 2545 assignans

77 2578 164 2642 citur
177 2576 359 2641 secundum
377 2572 609 2652 substantiam,
629 2571 673 2636 ibi
689 2593 697 2635 ι
713 2572 853 2639 Persona
906 2568 1120 2633 differentiam
1144 2570 1227 2635 inter
1255 2570 1426 2636 subsistere
1452 2573 1486 2634 et
1512 2569 1674 2647 substare,

1233 2113 1302 2160 DUB.
1316 2113 1340 2159 Ι.

1028 2230 1091 2281 Tres
1104 2230 1240 2296 Persona,
1260 2229 1288 2281 id
1300 2234 1353 2296 eet,
1371 2230 1549 2284 subeutentim

74 2689 184 2767 cuim,
200 2693 241 2753 ut
261 2700 363 2768 supro
374 2683 576 2765 Augustinus
581 2701 595 2762 ;
613 2681 708 2746 tertio
722 2681 854 2764 opponit
907 2678 995 2760 quod
1018 2677 1161 2743 subsistit
1181 2677 1260 2743 iilud
1282 2678 1368 2761 quod
1387 2696 1456 2743 non
1472 2678 1596 2761 indiget
1613 2677 1676 2742 alio

71 2791 373 2878 perrationem,ibi
386 2788 854 2871 :Auauortomotduurpoeoe
907 2785 948 2850 ed
972 2785 1035 2849 hoc
1060 2786 1146 2868 quod
1160 2785 1215 2865 sit;
1238 2786 1362 2852 substet
1380 2803 1473 2865 vero,
1497 2786 1676 2869 quodsub-

72 2894 685 2985 ostendiqueduemiuePcrsonoe3ubi
698 2896 855 2961 monstrat
905 2894 1027 2975 jectum
1035 2893 1116 2973 aliis,
1126 2896 1242 2960 utesse
1250 2894 1378 2961 valeant
1386 2894 1675 2980 (b)‚snbminisirat.

68 3010 273 3076 illudidem.
908 2997 1041 3065 Videtur
1051 3019 1131 3083 ergo
1144 3001 1230 3084 quod
1251 3002 1425 3068 subsistere
1438 3002 1479 3068 sit
1492 3003 1578 3068 idem
1591 3003 1678 3087 quod

112 3117 279 3185 Similiter
291 3113 431 3181 secunda
452 3130 543 3197 pars,
557 3112 592 3176 in
607 3130 672 3194 qua
685 3108 790 3189 solvit,
806 3108 856 3174 di·
909 3109 1060 3189 essentie;
1076 3127 1156 3193 erge
1175 3111 1265 3176 nullo
1284 3112 1380 3178 modo
1399 3112 1577 3197 potestdioi
1591 3113 1678 3198 quod

67 3228 201 3293 viditur
215 3226 256 3290 in
274 3225 366 3289 dues.
386 3221 425 3286 ln
441 3221 546 3305 prima
563 3219 657 3284 solvit
678 3217 856 3284 secundum
911 3214 975 3279 sint
986 3215 1096 3298 plures
1108 3217 1332 3284 subsistentis.

67 3336 273 3419 opinionem
280 3331 431 3408 aliorum,
441 3329 497 3412 qui
507 3328 619 3393 dicunt
629 3326 714 3409 quod
723 3343 858 3408 persone
951 3320 1044 3406 Resp.
1061 3322 1235 3389 Dicendum
1253 3325 1339 3408 quod
1359 3324 1488 3391 Boetius
1500 3328 1615 3413 accipit
1632 3329 1678 3395 ibi

67 3442 243 3526 accipitur
256 3437 436 3505 secundum
448 3435 636 3513 essentiam,
653 3437 763 3497 tamen
777 3431 857 3496 rela-
911 3431 973 3496 hoc
983 3450 1121 3510 nomen,
1144 3433 1380 3515 subsistentia,
1400 3438 1578 3503 secundum
1592 3437 1680 3505 Mar·

65 3555 140 3616 tam
153 3550 201 3615 od
216 3548 434 3631 suppositum.
449 3543 488 3610 ln
500 3542 859 3608 secundasolvitseoun·
912 3558 987 3604 cum
1000 3539 1162 3622 Tullium,
1175 3547 1271 3625 prout
1283 3542 1397 3626 accipit
1413 3543 1680 3626 significationem

61 3659 152 3723 dum
178 3656 373 3740 opinionem
401 3670 494 3719 suem
520 3670 579 3735 per
606 3648 856 3727 distinctionem,
912 3648 1089 3713 secundum
1111 3655 1220 3715 actum
1253 3651 1463 3732 subsisiendi,
1483 3653 1551 3719 sive
1573 3672 1631 3737 per
1647 3673 1681 3721 se

58 3766 111 3830 ibi
130 3787 139 3831 ε
158 3762 347 3830 Sciendum
361 3766 408 3828 cet
431 3762 535 3844 ipitur
547 3756 634 3842 quod
651 3756 708 3824 ltoc
725 3771 858 3833 numm,
914 3755 1041 3821 standi:
1072 3761 1104 3821 et
1128 3757 1175 3822 sic
1191 3762 1319 3822 tantum
1340 3777 1408 3825 une
1431 3764 1480 3824 est
1506 3761 1679 3828 subsisten-

59 3875 245 3951 Persona,
263 3868 473 3951 multiplicem
492 3866 741 3950 tutellipeuto'om
763 3864 858 3945 fucit.
913 3864 968 3930 tia.
984 3864 1047 3930 Sed
1060 3885 1147 3960 nuno
1168 3867 1316 3932 Doctores
1329 3866 1502 3952 Scripturas
1523 3871 1684 3955 accipiunt

56 3980 102 4046 Et
116 3981 203 4045 haec
218 3994 299 4062 pers
312 3972 860 4056 dividiturinduasdnprimapar-
913 3980 1010 4057 prout
1018 3974 1285 4059 megisimportet
1296 3977 1528 4059 respectumad
1541 3979 1683 4062 proprie·
1761 4014 1767 4028 ·

56 4093 93 4154 te
108 4085 271 4154 ostendit
283 4100 348 4167 quo
358 4081 453 4147 modo
467 4080 643 4164 accipietur
653 4080 715 4145 hoc
727 4095 857 4158 nomen,
913 4085 1011 4148 tatem
1024 4083 1078 4147 cui
1094 4084 1202 4148 subest
1218 4105 1226 4148 ι
1242 4086 1275 4148 et
1296 4084 1342 4148 sio
1354 4085 1565 4168 plurificatur.
1591 4087 1683 4153 Ratio

54 4201 241 4264 Ρονεοπα,
256 4192 293 4254 in
306 4188 434 4273 plurali·
449 4187 595 4253 Secundo
612 4185 786 4270 quomodo
805 4202 860 4248 αο-
913 4195 1023 4257 autem
1040 4192 1193 4275 hruusest
1204 4193 1384 4258 communis
1397 4211 1476 4259 usus
1490 4216 1498 4260 ι
1510 4196 1588 4279 quie
1605 4196 1685 4261 aeci-

53 4305 223 4388 cipiatur
237 4299 276 4363 in
288 4294 468 4378 singulari,
483 4312 558 4359 cum
580 4292 720 4358 dicitur:
739 4291 860 4356 «Alius
913 4301 1225 4387 piuntsubstantiam
1246 4322 1306 4387 pro
1327 4308 1443 4370 natura
1461 4306 1519 4387 rei,
1534 4307 1605 4373 ideo
1624 4326 1684 4391 pro

50 4418 108 4479 ost
119 4410 251 4483 Pater,
268 4403 350 4468 ebus
366 4405 415 4466 0⁸l
432 4399 554 4479 Filius,
574 4421 590 4461 t
607 4400 653 4464 ibi
667 4422 676 4463 ²
691 4399 784 4467 Num
802 4401 859 4466 iu·
913 4410 1077 4495 supposito
1093 4411 1198 4494 magis
1217 4411 1391 4477 voluerunt
1407 4414 1548 4499 accipere
1562 4416 1684 4482 subsis-

48 4519 269 4603 spiciamus
282 4516 390 4577 atrum
412 4508 589 4575 secundum
602 4505 859 4575 comdemrotto-
912 4518 1060 4584 undam,

46 4647 151 4697 nem.
170 4622 298 4690 Prima
309 4637 383 4703 pers
391 4620 489 4685 babet
500 4624 565 4683 tres
577 4621 694 4701 partes.
705 4615 743 4680 ln
754 4615 859 4700 prime
1239 4641 1309 4688 nun,
1332 4642 1366 4695 11·

45 4737 158 4826 ponit
176 4728 429 4800 distinctionem
440 4746 498 4812 per
510 4744 608 4810 quam
626 4726 731 4792 solvit.
751 4724 789 4789 ln
807 4744 860 4791 se-
913 4751 976 4803 ures
999 4753 1125 4803 oenones
1150 4763 1207 4804 erse
1228 4766 1306 4804 enam
1329 4753 1478 4822 semiim,
1499 4758 1542 4810 vet
1566 4758 1682 4826 studeam

45 4845 178 4914 cunda
199 4838 381 4905 confirmet
391 4852 448 4918 per
461 4833 684 4900 auctoritatem
699 4833 859 4916 Auguru-
1059 4822 1407 4891 camberonensem
1420 4830 1538 4882 menno

45 4956 99 5036 ni,
117 4951 176 5019 ibi
198 4967 211 5014 ε
230 4946 280 5012 Et
297 4944 350 5010 bic
370 4959 482 5011 scruas-s
499 4940 676 5024 adjuvant
688 4957 730 5008 ed
741 4943 857 5010 verbm
952 4948 1086 5016 Videtur
1102 4951 1165 5016 boc
1183 4951 1319 5032 tabum,
1337 4953 1415 5036 quia
1436 4954 1529 5021 Pater
1547 4966 1680 5041 generat

45 5068 85 5132 in
92 5061 216 5130 tertia
225 5055 273 5121 ad
280 5052 489 5134 abiectionem
496 5050 674 5135 respondet,
681 5050 859 5118 inuidere
913 5056 1034 5123 Filium
1046 5058 1086 5123 de
1097 5078 1155 5123 sua
1165 5059 1352 5140 substantia,
1369 5065 1400 5125 et
1413 5063 1513 5146 spirat
1526 5063 1681 5150 Spiritum

45 5182 177 5246 mrem
202 5162 305 5250 qued
328 5159 383 5227 dtr·
402 5159 528 5227 duona
551 5158 702 5224 Similiter
723 5178 860 5243 sequeus
914 5168 1062 5229 sanctum
1075 5188 1084 5229 ι
1098 5164 1527 5249 ergovideturquodomnes
1535 5192 1680 5256 personae

45 5303 131 5361 ms
145 5269 274 5345 hahet
285 5273 350 5335 tres
362 5273 478 5353 partes.
497 5267 533 5333 ln
548 5268 653 5351 prime
670 5267 860 5336 determinat
914 5272 980 5338 sint
1005 5271 1045 5336 de
1070 5271 1180 5336 eadem
1207 5271 1394 5340 substantia.
1418 5274 1497 5342 ltem
1523 5284 1681 5362 queritur

45 5366 86 5454 ἰ
109 5414 213 5464 roan.
230 5394 483 5460 nummariae
492 5392 601 5457 mom,
614 5394 660 5445 uo.
674 5394 721 5458 ru,
735 5409 795 5449 ev.
948 5397 979 5463 (a)
993 5396 1128 5450 careae.
1141 5397 1555 5465 repondet.-(uumvuse.

224 5504 310 5553 τοι.
330 5504 354 5552 ι.
1481 5496 1522 5558 26
