<?xml version="1.0" encoding="UTF-8"?>
<!DOCTYPE html PUBLIC "-//W3C//DTD XHTML 1.0 Transitional//EN"
    "http://www.w3.org/TR/xhtml1/DTD/xhtml1-transitional.dtd">
<html xmlns="http://www.w3.org/1999/xhtml" xml:lang="en" lang="en">
 <head>
  <title>
</title>
<meta http-equiv="Content-Type" content="text/html;charset=utf-8" />
  <meta name='ocr-system' content='tesseract 3.04.00' />
  <meta name='ocr-capabilities' content='ocr_page ocr_carea ocr_par ocr_line ocrx_word'/>
</head>
<body>
  <div class='ocr_page' id='page_1' title='image "./srecardinalissb00peltgoog_0013.png"; bbox 0 0 4100 6300; ppageno 0'>
   <div class='ocr_carea' id='block_1_1' title="bbox 724 469 1737 539">
    <p class='ocr_par' dir='ltr' id='par_1_1' title="bbox 724 469 1737 539">
     <span class='ocr_line' id='line_1_1' title="bbox 724 469 1737 539; baseline 0.002 -2"><span class='ocrx_word' id='word_1_1' title='bbox 724 470 949 538; x_wconf 73' lang='lat' dir='ltr'><em>unctantem</em></span> <span class='ocrx_word' id='word_1_2' title='bbox 969 469 1161 538; x_wconf 75' lang='lat' dir='ltr'><em>Ll‘l&#39;l&#39;EliAE.</em></span> <span class='ocrx_word' id='word_1_3' title='bbox 1714 494 1737 539; x_wconf 85' lang='lat' dir='ltr'><em>v</em></span> 
     </span>
    </p>
   </div>
   <div class='ocr_carea' id='block_1_2' title="bbox 30 606 1737 708">
    <p class='ocr_par' dir='ltr' id='par_1_2' title="bbox 30 606 1737 708">
     <span class='ocr_line' id='line_1_2' title="bbox 30 606 1737 708; baseline 0.001 -32"><span class='ocrx_word' id='word_1_4' title='bbox 30 630 35 645; x_wconf 92' lang='lat'><strong>·</strong></span> <span class='ocrx_word' id='word_1_5' title='bbox 120 700 124 708; x_wconf 23' lang='grc' dir='ltr'>Ι</span> <span class='ocrx_word' id='word_1_6' title='bbox 148 610 305 701; x_wconf 82' lang='lat' dir='ltr'><em>Apostolo</em></span> <span class='ocrx_word' id='word_1_7' title='bbox 318 609 437 679; x_wconf 81' lang='lat' dir='ltr'><strong>diserte</strong></span> <span class='ocrx_word' id='word_1_8' title='bbox 450 615 662 679; x_wconf 87' lang='lat' dir='ltr'><em>enumeratus</em></span> <span class='ocrx_word' id='word_1_9' title='bbox 670 661 680 695; x_wconf 94' lang='lat'><em>,</em></span> <span class='ocrx_word' id='word_1_10' title='bbox 694 630 770 677; x_wconf 92' lang='lat' dir='ltr'><em>cum</em></span> <span class='ocrx_word' id='word_1_11' title='bbox 784 607 829 677; x_wconf 89' lang='lat' dir='ltr'><em>ait</em></span> <span class='ocrx_word' id='word_1_12' title='bbox 846 633 853 675; x_wconf 93' lang='lat'><strong>:</strong></span> <span class='ocrx_word' id='word_1_13' title='bbox 869 610 917 676; x_wconf 90' lang='lat' dir='ltr'><em>Et</em></span> <span class='ocrx_word' id='word_1_14' title='bbox 930 608 999 699; x_wconf 65' lang='lat' dir='ltr'><em>nise</em></span> <span class='ocrx_word' id='word_1_15' title='bbox 1011 606 1104 675; x_wconf 84' lang='lat' dir='ltr'><em>dedit</em></span> <span class='ocrx_word' id='word_1_16' title='bbox 1117 607 1276 700; x_wconf 85' lang='lat' dir='ltr'><em>quosdam</em></span> <span class='ocrx_word' id='word_1_17' title='bbox 1291 607 1422 700; x_wconf 84' lang='lat' dir='ltr'><em>quidem</em></span> <span class='ocrx_word' id='word_1_18' title='bbox 1435 608 1622 700; x_wconf 82' lang='lat' dir='ltr'><em>Apostolos,</em></span> <span class='ocrx_word' id='word_1_19' title='bbox 1644 631 1737 700; x_wconf 81' lang='lat' dir='ltr'><em>puos-</em></span> 
     </span>
    </p>
   </div>
   <div class='ocr_carea' id='block_1_3' title="bbox 144 742 1739 1514">
    <p class='ocr_par' dir='ltr' id='par_1_3' title="bbox 144 742 1739 1514">
     <span class='ocr_line' id='line_1_3' title="bbox 146 742 1737 837; baseline 0.002 -27"><span class='ocrx_word' id='word_1_20' title='bbox 146 742 227 811; x_wconf 90' lang='lat' dir='ltr'><em>dam</em></span> <span class='ocrx_word' id='word_1_21' title='bbox 241 755 354 813; x_wconf 91' lang='lat' dir='ltr'><em>autem</em></span> <span class='ocrx_word' id='word_1_22' title='bbox 368 745 563 837; x_wconf 76' lang='lat' dir='ltr'><em>Prophetas,</em></span> <span class='ocrx_word' id='word_1_23' title='bbox 580 744 663 813; x_wconf 88' lang='lat' dir='ltr'><em>alios</em></span> <span class='ocrx_word' id='word_1_24' title='bbox 675 766 749 812; x_wconf 82' lang='lat' dir='ltr'><em>uem</em></span> <span class='ocrx_word' id='word_1_25' title='bbox 763 742 1009 834; x_wconf 83' lang='lat' dir='ltr'><em>annpelistas,</em></span> <span class='ocrx_word' id='word_1_26' title='bbox 1028 742 1111 810; x_wconf 88' lang='lat' dir='ltr'><em>alios</em></span> <span class='ocrx_word' id='word_1_27' title='bbox 1124 754 1236 811; x_wconf 87' lang='lat' dir='ltr'><em>antem</em></span> <span class='ocrx_word' id='word_1_28' title='bbox 1251 746 1414 825; x_wconf 88' lang='lat' dir='ltr'><em>Pastores,</em></span> <span class='ocrx_word' id='word_1_29' title='bbox 1432 755 1464 813; x_wconf 89' lang='lat' dir='ltr'><em>et</em></span> <span class='ocrx_word' id='word_1_30' title='bbox 1477 746 1642 827; x_wconf 81' lang='lat' dir='ltr'><em>Doctores,</em></span> <span class='ocrx_word' id='word_1_31' title='bbox 1660 767 1737 836; x_wconf 80' lang='lat' dir='ltr'><em>qitos</em></span> 
     </span>
     <span class='ocr_line' id='line_1_4' title="bbox 145 877 1737 971; baseline 0.003 -26"><span class='ocrx_word' id='word_1_32' title='bbox 145 877 251 946; x_wconf 85' lang='lat' dir='ltr'><em>cinea</em></span> <span class='ocrx_word' id='word_1_33' title='bbox 263 901 333 948; x_wconf 84' lang='lat' dir='ltr'><em>sua</em></span> <span class='ocrx_word' id='word_1_34' title='bbox 346 890 505 963; x_wconf 86' lang='lat' dir='ltr'><em>strenuos,</em></span> <span class='ocrx_word' id='word_1_35' title='bbox 519 878 696 971; x_wconf 73' lang='lat' dir='ltr'><em>fidelesque</em></span> <span class='ocrx_word' id='word_1_36' title='bbox 710 877 857 960; x_wconf 82' lang='lat' dir='ltr'><em>cultores,</em></span> <span class='ocrx_word' id='word_1_37' title='bbox 875 889 973 969; x_wconf 85' lang='lat' dir='ltr'><em>atque</em></span> <span class='ocrx_word' id='word_1_38' title='bbox 986 878 1152 970; x_wconf 86' lang='lat' dir='ltr'><em>operarios</em></span> <span class='ocrx_word' id='word_1_39' title='bbox 1167 877 1349 962; x_wconf 87' lang='lat' dir='ltr'><em>constituit,</em></span> <span class='ocrx_word' id='word_1_40' title='bbox 1366 877 1413 946; x_wconf 94' lang='lat' dir='ltr'><em>ad</em></span> <span class='ocrx_word' id='word_1_41' title='bbox 1421 879 1737 951; x_wconf 80' lang='lat' dir='ltr'><em>consummationem</em></span> 
     </span>
     <span class='ocr_line' id='line_1_5' title="bbox 144 1012 1738 1109; baseline 0.004 -29"><span class='ocrx_word' id='word_1_42' title='bbox 144 1014 344 1082; x_wconf 83' lang='lat' dir='ltr'><em>Sanctorum</em></span> <span class='ocrx_word' id='word_1_43' title='bbox 363 1015 493 1108; x_wconf 87' lang='lat' dir='ltr'><em>inopus</em></span> <span class='ocrx_word' id='word_1_44' title='bbox 512 1014 708 1097; x_wconf 72' lang='lat' dir='ltr'><em>ministerii,</em></span> <span class='ocrx_word' id='word_1_45' title='bbox 733 1014 769 1082; x_wconf 88' lang='lat' dir='ltr'><em>in</em></span> <span class='ocrx_word' id='word_1_46' title='bbox 784 1012 1043 1105; x_wconf 73' lang='lat' dir='ltr'><em>aedificationem</em></span> <span class='ocrx_word' id='word_1_47' title='bbox 1063 1014 1205 1106; x_wconf 82' lang='lat' dir='ltr'><em>corporis</em></span> <span class='ocrx_word' id='word_1_48' title='bbox 1229 1014 1364 1083; x_wconf 78' lang='lat' dir='ltr'><em>Christi.</em></span> <span class='ocrx_word' id='word_1_49' title='bbox 1384 1015 1428 1083; x_wconf 92' lang='lat' dir='ltr'><em>Hi</em></span> <span class='ocrx_word' id='word_1_50' title='bbox 1442 1024 1538 1102; x_wconf 90' lang='lat' dir='ltr'><em>sunt,</em></span> <span class='ocrx_word' id='word_1_51' title='bbox 1559 1015 1738 1109; x_wconf 89' lang='lat' dir='ltr'><em>dequibus</em></span> 
     </span>
     <span class='ocr_line' id='line_1_6' title="bbox 145 1146 1738 1241; baseline 0.002 -25"><span class='ocrx_word' id='word_1_52' title='bbox 145 1146 260 1218; x_wconf 90' lang='lat' dir='ltr'><em>divina</em></span> <span class='ocrx_word' id='word_1_53' title='bbox 274 1149 440 1241; x_wconf 88' lang='lat' dir='ltr'><em>Sapientia</em></span> <span class='ocrx_word' id='word_1_54' title='bbox 452 1150 590 1219; x_wconf 89' lang='lat' dir='ltr'><em>clamat:</em></span> <span class='ocrx_word' id='word_1_55' title='bbox 613 1149 679 1233; x_wconf 87' lang='lat' dir='ltr'><em>Qui</em></span> <span class='ocrx_word' id='word_1_56' title='bbox 692 1146 860 1218; x_wconf 79' lang='lat' dir='ltr'><em>elucidant</em></span> <span class='ocrx_word' id='word_1_57' title='bbox 874 1171 943 1230; x_wconf 89' lang='lat' dir='ltr'><em>me,</em></span> <span class='ocrx_word' id='word_1_58' title='bbox 965 1149 1248 1218; x_wconf 66' lang='lat' dir='ltr'><em>vitam‘oeternam</em></span> <span class='ocrx_word' id='word_1_59' title='bbox 1261 1149 1435 1220; x_wconf 78' lang='lat' dir='ltr'><em>laubabunt.</em></span> <span class='ocrx_word' id='word_1_60' title='bbox 1462 1150 1508 1219; x_wconf 87' lang='lat' dir='ltr'><em>De</em></span> <span class='ocrx_word' id='word_1_61' title='bbox 1522 1150 1573 1218; x_wconf 90' lang='lat' dir='ltr'><em>his</em></span> <span class='ocrx_word' id='word_1_62' title='bbox 1590 1151 1738 1240; x_wconf 85' lang='lat' dir='ltr'><em>Angelus</em></span> 
     </span>
     <span class='ocr_line' id='line_1_7' title="bbox 144 1282 1735 1379; baseline 0.002 -27"><span class='ocrx_word' id='word_1_63' title='bbox 144 1284 234 1377; x_wconf 87' lang='lat' dir='ltr'><em>apud</em></span> <span class='ocrx_word' id='word_1_64' title='bbox 248 1285 416 1354; x_wconf 79' lang='lat' dir='ltr'><em>Danielem</em></span> <span class='ocrx_word' id='word_1_65' title='bbox 431 1286 600 1379; x_wconf 89' lang='lat' dir='ltr'><em>loquitur:</em></span> <span class='ocrx_word' id='word_1_66' title='bbox 622 1284 687 1369; x_wconf 88' lang='lat' dir='ltr'><em>Qui</em></span> <span class='ocrx_word' id='word_1_67' title='bbox 697 1296 809 1352; x_wconf 89' lang='lat' dir='ltr'><em>autem</em></span> <span class='ocrx_word' id='word_1_68' title='bbox 819 1282 908 1352; x_wconf 90' lang='lat' dir='ltr'><em>docti</em></span> <span class='ocrx_word' id='word_1_69' title='bbox 915 1285 1056 1375; x_wconf 80' lang='lat' dir='ltr'><em>suerint,</em></span> <span class='ocrx_word' id='word_1_70' title='bbox 1064 1286 1238 1376; x_wconf 77' lang='lat' dir='ltr'><em>sulpehnnt</em></span> <span class='ocrx_word' id='word_1_71' title='bbox 1247 1286 1342 1376; x_wconf 79' lang='lat' dir='ltr'><em>quasi</em></span> <span class='ocrx_word' id='word_1_72' title='bbox 1350 1284 1503 1377; x_wconf 82' lang='lat' dir='ltr'><em>splendor</em></span> <span class='ocrx_word' id='word_1_73' title='bbox 1513 1287 1735 1377; x_wconf 76' lang='lat' dir='ltr'><em>firmamatti,</em></span> 
     </span>
     <span class='ocr_line' id='line_1_8' title="bbox 145 1418 1739 1514; baseline 0.004 -29"><span class='ocrx_word' id='word_1_74' title='bbox 145 1429 177 1486; x_wconf 89' lang='lat' dir='ltr'><em>et</em></span> <span class='ocrx_word' id='word_1_75' title='bbox 190 1418 249 1509; x_wconf 76' lang='lat' dir='ltr'><em>qui</em></span> <span class='ocrx_word' id='word_1_76' title='bbox 263 1418 489 1509; x_wconf 83' lang='lat' dir='ltr'><em>adjustitiam</em></span> <span class='ocrx_word' id='word_1_77' title='bbox 504 1419 659 1490; x_wconf 75' lang='lat' dir='ltr'><em>cnidium</em></span> <span class='ocrx_word' id='word_1_78' title='bbox 672 1421 804 1503; x_wconf 67' lang='lat' dir='ltr'><em>mutos,</em></span> <span class='ocrx_word' id='word_1_79' title='bbox 822 1420 917 1512; x_wconf 75' lang='lat' dir='ltr'><em>occasi</em></span> <span class='ocrx_word' id='word_1_80' title='bbox 930 1420 1033 1489; x_wconf 84' lang='lat' dir='ltr'><em>stella</em></span> <span class='ocrx_word' id='word_1_81' title='bbox 1050 1421 1273 1513; x_wconf 84' lang='lat' dir='ltr'><em>inperpetuas</em></span> <span class='ocrx_word' id='word_1_82' title='bbox 1288 1422 1514 1489; x_wconf 76' lang='lat' dir='ltr'><em>aeternitates:</em></span> <span class='ocrx_word' id='word_1_83' title='bbox 1529 1444 1584 1491; x_wconf 90' lang='lat' dir='ltr'><em>eos</em></span> <span class='ocrx_word' id='word_1_84' title='bbox 1595 1422 1739 1514; x_wconf 86' lang='lat' dir='ltr'><em>denique</em></span> 
     </span>
    </p>
   </div>
   <div class='ocr_carea' id='block_1_4' title="bbox 145 1527 1738 1646">
    <p class='ocr_par' dir='ltr' id='par_1_4' title="bbox 145 1527 1738 1646">
     <span class='ocr_line' id='line_1_9' title="bbox 145 1527 1738 1646; baseline 0.003 -25"><span class='ocrx_word' id='word_1_85' title='bbox 145 1551 294 1621; x_wconf 82' lang='lat' dir='ltr'><em>Salvator</em></span> <span class='ocrx_word' id='word_1_86' title='bbox 307 1553 375 1646; x_wconf 91' lang='lat' dir='ltr'><em>ipse</em></span> <span class='ocrx_word' id='word_1_87' title='bbox 388 1554 537 1624; x_wconf 89' lang='lat' dir='ltr'><em>Christus</em></span> <span class='ocrx_word' id='word_1_88' title='bbox 554 1527 715 1625; x_wconf 83' lang='lat' dir='ltr'><em>Dominus</em></span> <span class='ocrx_word' id='word_1_89' title='bbox 726 1555 850 1644; x_wconf 82' lang='lat' dir='ltr'><em>insigni</em></span> <span class='ocrx_word' id='word_1_90' title='bbox 863 1555 922 1623; x_wconf 93' lang='lat' dir='ltr'><em>illo</em></span> <span class='ocrx_word' id='word_1_91' title='bbox 935 1553 1042 1643; x_wconf 90' lang='lat' dir='ltr'><em>elogio</em></span> <span class='ocrx_word' id='word_1_92' title='bbox 1055 1554 1186 1622; x_wconf 90' lang='lat' dir='ltr'><em>ornavit</em></span> <span class='ocrx_word' id='word_1_93' title='bbox 1202 1579 1209 1622; x_wconf 92' lang='lat'><strong>:</strong></span> <span class='ocrx_word' id='word_1_94' title='bbox 1230 1554 1295 1638; x_wconf 84' lang='lat' dir='ltr'><em>Qui</em></span> <span class='ocrx_word' id='word_1_95' title='bbox 1304 1555 1439 1646; x_wconf 74' lang='lat' dir='ltr'><em>lecerit,</em></span> <span class='ocrx_word' id='word_1_96' title='bbox 1456 1567 1488 1623; x_wconf 88' lang='lat' dir='ltr'><em>et</em></span> <span class='ocrx_word' id='word_1_97' title='bbox 1503 1554 1669 1639; x_wconf 77' lang='lat' dir='ltr'><em>docuerit,</em></span> <span class='ocrx_word' id='word_1_98' title='bbox 1685 1555 1738 1625; x_wconf 81' lang='lat' dir='ltr'><em>tte</em></span> 
     </span>
    </p>
   </div>
   <div class='ocr_carea' id='block_1_5' title="bbox 132 1668 1740 5569">
    <p class='ocr_par' dir='ltr' id='par_1_5' title="bbox 132 1668 1740 5569">
     <span class='ocr_line' id='line_1_10' title="bbox 145 1668 1738 1783; baseline 0.001 -26"><span class='ocrx_word' id='word_1_99' title='bbox 145 1712 287 1780; x_wconf 78' lang='lat' dir='ltr'><em>mapnus</em></span> <span class='ocrx_word' id='word_1_100' title='bbox 301 1690 472 1759; x_wconf 83' lang='lat' dir='ltr'><em>vocabitur</em></span> <span class='ocrx_word' id='word_1_101' title='bbox 489 1692 526 1759; x_wconf 88' lang='lat' dir='ltr'><em>in</em></span> <span class='ocrx_word' id='word_1_102' title='bbox 541 1714 641 1783; x_wconf 80' lang='lat' dir='ltr'><em>cepno</em></span> <span class='ocrx_word' id='word_1_103' title='bbox 655 1692 822 1760; x_wconf 84' lang='lat' dir='ltr'><em>calorum.</em></span> <span class='ocrx_word' id='word_1_104' title='bbox 846 1668 930 1760; x_wconf 81' lang='lat' dir='ltr'><em>Cum</em></span> <span class='ocrx_word' id='word_1_105' title='bbox 945 1698 1056 1759; x_wconf 89' lang='lat' dir='ltr'><em>autem</em></span> <span class='ocrx_word' id='word_1_106' title='bbox 1073 1690 1229 1759; x_wconf 90' lang='lat' dir='ltr'><em>omnibus</em></span> <span class='ocrx_word' id='word_1_107' title='bbox 1245 1689 1449 1782; x_wconf 81' lang='lat' dir='ltr'><em>temporibus</em></span> <span class='ocrx_word' id='word_1_108' title='bbox 1468 1713 1635 1759; x_wconf 89' lang='lat' dir='ltr'><em>sacrorum</em></span> <span class='ocrx_word' id='word_1_109' title='bbox 1656 1691 1738 1760; x_wconf 91' lang='lat' dir='ltr'><em>Doc-</em></span> 
     </span>
     <span class='ocr_line' id='line_1_11' title="bbox 145 1823 1739 1912; baseline 0.002 -21"><span class='ocrx_word' id='word_1_110' title='bbox 145 1831 258 1893; x_wconf 83' lang='lat' dir='ltr'><em>torum</em></span> <span class='ocrx_word' id='word_1_111' title='bbox 269 1825 436 1912; x_wconf 88' lang='lat' dir='ltr'><em>studium,</em></span> <span class='ocrx_word' id='word_1_112' title='bbox 455 1831 487 1894; x_wconf 89' lang='lat' dir='ltr'><em>ct</em></span> <span class='ocrx_word' id='word_1_113' title='bbox 501 1825 649 1895; x_wconf 89' lang='lat' dir='ltr'><em>doctrina</em></span> <span class='ocrx_word' id='word_1_114' title='bbox 666 1825 702 1893; x_wconf 90' lang='lat' dir='ltr'><em>in</em></span> <span class='ocrx_word' id='word_1_115' title='bbox 718 1824 860 1893; x_wconf 84' lang='lat' dir='ltr'><em>Ecclesia</em></span> <span class='ocrx_word' id='word_1_116' title='bbox 879 1824 939 1893; x_wconf 87' lang='lat' dir='ltr'><em>Dei</em></span> <span class='ocrx_word' id='word_1_117' title='bbox 953 1824 1063 1910; x_wconf 90' lang='lat' dir='ltr'><em>utilis,</em></span> <span class='ocrx_word' id='word_1_118' title='bbox 1089 1832 1121 1891; x_wconf 90' lang='lat' dir='ltr'><em>et</em></span> <span class='ocrx_word' id='word_1_119' title='bbox 1136 1823 1288 1892; x_wconf 88' lang='lat' dir='ltr'><em>salutaris</em></span> <span class='ocrx_word' id='word_1_120' title='bbox 1301 1823 1386 1910; x_wconf 86' lang='lat' dir='ltr'><em>luit,</em></span> <span class='ocrx_word' id='word_1_121' title='bbox 1405 1831 1478 1893; x_wconf 88' lang='lat' dir='ltr'><em>tum</em></span> <span class='ocrx_word' id='word_1_122' title='bbox 1495 1825 1638 1894; x_wconf 84' lang='lat' dir='ltr'><em>maxime</em></span> <span class='ocrx_word' id='word_1_123' title='bbox 1652 1826 1739 1895; x_wconf 89' lang='lat' dir='ltr'><em>fruc·</em></span> 
     </span>
     <span class='ocr_line' id='line_1_12' title="bbox 146 1959 1737 2053; baseline 0.003 -27"><span class='ocrx_word' id='word_1_124' title='bbox 146 1965 291 2046; x_wconf 87' lang='lat' dir='ltr'><em>tuosam,</em></span> <span class='ocrx_word' id='word_1_125' title='bbox 310 1967 343 2029; x_wconf 87' lang='lat' dir='ltr'><em>et</em></span> <span class='ocrx_word' id='word_1_126' title='bbox 355 1961 452 2053; x_wconf 89' lang='lat' dir='ltr'><em>plane</em></span> <span class='ocrx_word' id='word_1_127' title='bbox 471 1960 685 2032; x_wconf 86' lang='lat' dir='ltr'><em>necessariam</em></span> <span class='ocrx_word' id='word_1_128' title='bbox 698 1983 766 2030; x_wconf 88' lang='lat' dir='ltr'><em>csse</em></span> <span class='ocrx_word' id='word_1_129' title='bbox 786 1983 837 2029; x_wconf 89' lang='lat' dir='ltr'><em>res</em></span> <span class='ocrx_word' id='word_1_130' title='bbox 852 1961 922 2053; x_wconf 90' lang='lat' dir='ltr'><em>ipsa</em></span> <span class='ocrx_word' id='word_1_131' title='bbox 935 1959 1192 2047; x_wconf 81' lang='lat' dir='ltr'><em>demonstravit,</em></span> <span class='ocrx_word' id='word_1_132' title='bbox 1211 1981 1288 2028; x_wconf 92' lang='lat' dir='ltr'><em>cum</em></span> <span class='ocrx_word' id='word_1_133' title='bbox 1306 1966 1553 2051; x_wconf 81' lang='lat' dir='ltr'><em>persecutorum</em></span> <span class='ocrx_word' id='word_1_134' title='bbox 1567 1961 1737 2031; x_wconf 86' lang='lat' dir='ltr'><em>christiani</em></span> 
     </span>
     <span class='ocr_line' id='line_1_13' title="bbox 145 2092 1737 2188; baseline 0.007 -29"><span class='ocrx_word' id='word_1_135' title='bbox 145 2092 290 2161; x_wconf 87' lang='lat' dir='ltr'><em>nominis</em></span> <span class='ocrx_word' id='word_1_136' title='bbox 303 2093 456 2163; x_wconf 88' lang='lat' dir='ltr'><em>horribili</em></span> <span class='ocrx_word' id='word_1_137' title='bbox 470 2096 581 2166; x_wconf 89' lang='lat' dir='ltr'><em>furore</em></span> <span class='ocrx_word' id='word_1_138' title='bbox 594 2119 753 2188; x_wconf 90' lang='lat' dir='ltr'><em>represso,</em></span> <span class='ocrx_word' id='word_1_139' title='bbox 769 2095 804 2164; x_wconf 91' lang='lat' dir='ltr'><em>in</em></span> <span class='ocrx_word' id='word_1_140' title='bbox 818 2095 888 2187; x_wconf 90' lang='lat' dir='ltr'><em>ipsa</em></span> <span class='ocrx_word' id='word_1_141' title='bbox 904 2095 1055 2165; x_wconf 76' lang='lat' dir='ltr'><em>Ecclesiae</em></span> <span class='ocrx_word' id='word_1_142' title='bbox 1069 2118 1159 2188; x_wconf 88' lang='lat' dir='ltr'><em>paca,</em></span> <span class='ocrx_word' id='word_1_143' title='bbox 1175 2096 1344 2166; x_wconf 89' lang='lat' dir='ltr'><em>teterrima</em></span> <span class='ocrx_word' id='word_1_144' title='bbox 1357 2097 1522 2166; x_wconf 83' lang='lat' dir='ltr'><em>haeresum</em></span> <span class='ocrx_word' id='word_1_145' title='bbox 1538 2098 1625 2167; x_wconf 91' lang='lat' dir='ltr'><em>bella</em></span> <span class='ocrx_word' id='word_1_146' title='bbox 1639 2100 1737 2170; x_wconf 77' lang='lat' dir='ltr'><em>vehe</em></span> 
     </span>
     <span class='ocr_line' id='line_1_14' title="bbox 145 2227 1736 2325; baseline 0.004 -29"><span class='ocrx_word' id='word_1_147' title='bbox 145 2227 290 2297; x_wconf 89' lang='lat' dir='ltr'><em>mentius</em></span> <span class='ocrx_word' id='word_1_148' title='bbox 304 2229 442 2299; x_wconf 83' lang='lat' dir='ltr'><em>excitata</em></span> <span class='ocrx_word' id='word_1_149' title='bbox 454 2239 542 2300; x_wconf 89' lang='lat' dir='ltr'><em>sunt.</em></span> <span class='ocrx_word' id='word_1_150' title='bbox 558 2231 653 2300; x_wconf 87' lang='lat' dir='ltr'><em>Tunc</em></span> <span class='ocrx_word' id='word_1_151' title='bbox 662 2232 751 2300; x_wconf 92' lang='lat' dir='ltr'><em>enim</em></span> <span class='ocrx_word' id='word_1_152' title='bbox 764 2230 995 2301; x_wconf 74' lang='lat' dir='ltr'><em>haereticorum</em></span> <span class='ocrx_word' id='word_1_153' title='bbox 1009 2231 1090 2316; x_wconf 89' lang='lat' dir='ltr'><em>doli,</em></span> <span class='ocrx_word' id='word_1_154' title='bbox 1106 2239 1138 2300; x_wconf 91' lang='lat' dir='ltr'><em>et</em></span> <span class='ocrx_word' id='word_1_155' title='bbox 1151 2230 1301 2317; x_wconf 78' lang='lat' dir='ltr'><em>fallaciae,</em></span> <span class='ocrx_word' id='word_1_156' title='bbox 1313 2231 1385 2324; x_wconf 88' lang='lat' dir='ltr'><em>qni,</em></span> <span class='ocrx_word' id='word_1_157' title='bbox 1401 2231 1736 2325; x_wconf 84' lang='lat' dir='ltr'><em>diaboloinstigante,</em></span> 
     </span>
     <span class='ocr_line' id='line_1_15' title="bbox 146 2360 1739 2459; baseline 0.006 -30"><span class='ocrx_word' id='word_1_158' title='bbox 146 2360 180 2430; x_wconf 87' lang='lat' dir='ltr'><em>in</em></span> <span class='ocrx_word' id='word_1_159' title='bbox 192 2384 274 2452; x_wconf 90' lang='lat' dir='ltr'><em>agro</em></span> <span class='ocrx_word' id='word_1_160' title='bbox 290 2363 422 2432; x_wconf 85' lang='lat' dir='ltr'><em>Domini</em></span> <span class='ocrx_word' id='word_1_161' title='bbox 436 2365 561 2435; x_wconf 87' lang='lat' dir='ltr'><em>zizania</em></span> <span class='ocrx_word' id='word_1_162' title='bbox 577 2367 836 2459; x_wconf 85' lang='lat' dir='ltr'><em>superseminare</em></span> <span class='ocrx_word' id='word_1_163' title='bbox 850 2390 918 2436; x_wconf 91' lang='lat' dir='ltr'><em>non</em></span> <span class='ocrx_word' id='word_1_164' title='bbox 932 2365 1175 2452; x_wconf 89' lang='lat' dir='ltr'><em>intermittunt,</em></span> <span class='ocrx_word' id='word_1_165' title='bbox 1200 2365 1379 2435; x_wconf 89' lang='lat' dir='ltr'><em>Doctorum</em></span> <span class='ocrx_word' id='word_1_166' title='bbox 1391 2389 1491 2455; x_wconf 88' lang='lat' dir='ltr'><em>cura,</em></span> <span class='ocrx_word' id='word_1_167' title='bbox 1511 2375 1544 2436; x_wconf 90' lang='lat' dir='ltr'><em>et</em></span> <span class='ocrx_word' id='word_1_168' title='bbox 1566 2366 1739 2457; x_wconf 84' lang='lat' dir='ltr'><em>diligentia</em></span> 
     </span>
     <span class='ocr_line' id='line_1_16' title="bbox 145 2494 1737 2592; baseline 0.004 -29"><span class='ocrx_word' id='word_1_169' title='bbox 145 2494 298 2581; x_wconf 81' lang='lat' dir='ltr'><em>detectae3</em></span> <span class='ocrx_word' id='word_1_170' title='bbox 315 2504 348 2565; x_wconf 89' lang='lat' dir='ltr'><em>et</em></span> <span class='ocrx_word' id='word_1_171' title='bbox 360 2499 524 2589; x_wconf 82' lang='lat' dir='ltr'><em>pestiferi,</em></span> <span class='ocrx_word' id='word_1_172' title='bbox 540 2524 577 2570; x_wconf 89' lang='lat' dir='ltr'><em>ac</em></span> <span class='ocrx_word' id='word_1_173' title='bbox 587 2501 792 2571; x_wconf 87' lang='lat' dir='ltr'><em>detestabiles</em></span> <span class='ocrx_word' id='word_1_174' title='bbox 805 2523 931 2571; x_wconf 89' lang='lat' dir='ltr'><em>errores</em></span> <span class='ocrx_word' id='word_1_175' title='bbox 944 2500 1055 2591; x_wconf 90' lang='lat' dir='ltr'><em>gladio</em></span> <span class='ocrx_word' id='word_1_176' title='bbox 1069 2499 1213 2591; x_wconf 87' lang='lat' dir='ltr'><em>Spiritus</em></span> <span class='ocrx_word' id='word_1_177' title='bbox 1226 2499 1407 2592; x_wconf 88' lang='lat' dir='ltr'><em>amputati,</em></span> <span class='ocrx_word' id='word_1_178' title='bbox 1422 2508 1454 2569; x_wconf 89' lang='lat' dir='ltr'><em>et</em></span> <span class='ocrx_word' id='word_1_179' title='bbox 1467 2500 1636 2570; x_wconf 76' lang='lat' dir='ltr'><em>catholicae</em></span> <span class='ocrx_word' id='word_1_180' title='bbox 1651 2502 1737 2570; x_wconf 89' lang='lat' dir='ltr'><em>veri-</em></span> 
     </span>
     <span class='ocr_line' id='line_1_17' title="bbox 144 2633 1736 2729; baseline 0.003 -28"><span class='ocrx_word' id='word_1_181' title='bbox 144 2634 219 2702; x_wconf 89' lang='lat' dir='ltr'><em>tatis</em></span> <span class='ocrx_word' id='word_1_182' title='bbox 242 2633 296 2721; x_wconf 89' lang='lat' dir='ltr'><em>vi,</em></span> <span class='ocrx_word' id='word_1_183' title='bbox 319 2635 418 2703; x_wconf 87' lang='lat' dir='ltr'><em>sacris</em></span> <span class='ocrx_word' id='word_1_184' title='bbox 443 2635 637 2706; x_wconf 81' lang='lat' dir='ltr'><em>Doctoribus</em></span> <span class='ocrx_word' id='word_1_185' title='bbox 659 2635 879 2722; x_wconf 83' lang='lat' dir='ltr'><em>administris,</em></span> <span class='ocrx_word' id='word_1_186' title='bbox 910 2633 1118 2702; x_wconf 89' lang='lat' dir='ltr'><em>mendacium</em></span> <span class='ocrx_word' id='word_1_187' title='bbox 1144 2641 1355 2726; x_wconf 89' lang='lat' dir='ltr'><em>prostratum.</em></span> <span class='ocrx_word' id='word_1_188' title='bbox 1387 2633 1495 2715; x_wconf 86' lang='lat' dir='ltr'><em>Quare</em></span> <span class='ocrx_word' id='word_1_189' title='bbox 1515 2635 1592 2726; x_wconf 89' lang='lat' dir='ltr'><em>jure</em></span> <span class='ocrx_word' id='word_1_190' title='bbox 1612 2637 1736 2729; x_wconf 91' lang='lat' dir='ltr'><em>optimo</em></span> 
     </span>
     <span class='ocr_line' id='line_1_18' title="bbox 143 2769 1738 2863; baseline 0.003 -27"><span class='ocrx_word' id='word_1_191' title='bbox 143 2769 301 2861; x_wconf 85' lang='lat' dir='ltr'><em>Hyadum</em></span> <span class='ocrx_word' id='word_1_192' title='bbox 323 2771 495 2842; x_wconf 87' lang='lat' dir='ltr'><em>stellarum</em></span> <span class='ocrx_word' id='word_1_193' title='bbox 520 2772 653 2842; x_wconf 91' lang='lat' dir='ltr'><em>nomine</em></span> <span class='ocrx_word' id='word_1_194' title='bbox 676 2771 779 2841; x_wconf 89' lang='lat' dir='ltr'><em>sancti</em></span> <span class='ocrx_word' id='word_1_195' title='bbox 805 2771 959 2840; x_wconf 86' lang='lat' dir='ltr'><em>Doctores</em></span> <span class='ocrx_word' id='word_1_196' title='bbox 986 2771 1022 2839; x_wconf 92' lang='lat' dir='ltr'><em>in</em></span> <span class='ocrx_word' id='word_1_197' title='bbox 1051 2770 1194 2839; x_wconf 83' lang='lat' dir='ltr'><em>Ecclesia</em></span> <span class='ocrx_word' id='word_1_198' title='bbox 1219 2769 1451 2859; x_wconf 84' lang='lat' dir='ltr'><em>designantur,</em></span> <span class='ocrx_word' id='word_1_199' title='bbox 1477 2769 1536 2863; x_wconf 88' lang='lat' dir='ltr'><em>qui</em></span> <span class='ocrx_word' id='word_1_200' title='bbox 1559 2770 1738 2861; x_wconf 81' lang='lat' dir='ltr'><em>perfrigida</em></span> 
     </span>
     <span class='ocr_line' id='line_1_19' title="bbox 145 2902 1738 2998; baseline 0.002 -27"><span class='ocrx_word' id='word_1_201' title='bbox 145 2902 282 2995; x_wconf 85' lang='lat' dir='ltr'><em>hyeme,</em></span> <span class='ocrx_word' id='word_1_202' title='bbox 299 2912 331 2973; x_wconf 89' lang='lat' dir='ltr'><em>et</em></span> <span class='ocrx_word' id='word_1_203' title='bbox 343 2905 451 2996; x_wconf 89' lang='lat' dir='ltr'><em>longis</em></span> <span class='ocrx_word' id='word_1_204' title='bbox 464 2906 668 2976; x_wconf 87' lang='lat' dir='ltr'><em>infidelitatis</em></span> <span class='ocrx_word' id='word_1_205' title='bbox 681 2907 831 2976; x_wconf 89' lang='lat' dir='ltr'><em>noctibus</em></span> <span class='ocrx_word' id='word_1_206' title='bbox 843 2906 996 2997; x_wconf 84' lang='lat' dir='ltr'><em>expletis,</em></span> <span class='ocrx_word' id='word_1_207' title='bbox 1012 2915 1044 2975; x_wconf 90' lang='lat' dir='ltr'><em>et</em></span> <span class='ocrx_word' id='word_1_208' title='bbox 1059 2904 1292 2998; x_wconf 87' lang='lat' dir='ltr'><em>persecutionis</em></span> <span class='ocrx_word' id='word_1_209' title='bbox 1308 2911 1498 2996; x_wconf 89' lang='lat' dir='ltr'><em>tempestate</em></span> <span class='ocrx_word' id='word_1_210' title='bbox 1512 2905 1642 2991; x_wconf 84' lang='lat' dir='ltr'><em>sedata,</em></span> <span class='ocrx_word' id='word_1_211' title='bbox 1658 2913 1738 2975; x_wconf 88' lang='lat' dir='ltr'><em>tunc</em></span> 
     </span>
     <span class='ocr_line' id='line_1_20' title="bbox 142 3039 1738 3133; baseline 0.003 -26"><span class='ocrx_word' id='word_1_212' title='bbox 142 3039 299 3110; x_wconf 87' lang='lat' dir='ltr'><em>clariores</em></span> <span class='ocrx_word' id='word_1_213' title='bbox 311 3048 430 3109; x_wconf 81' lang='lat' dir='ltr'><em>sancta</em></span> <span class='ocrx_word' id='word_1_214' title='bbox 443 3040 593 3110; x_wconf 79' lang='lat' dir='ltr'><em>Ecclesia</em></span> <span class='ocrx_word' id='word_1_215' title='bbox 608 3041 713 3111; x_wconf 86' lang='lat' dir='ltr'><em>exorti</em></span> <span class='ocrx_word' id='word_1_216' title='bbox 725 3050 814 3129; x_wconf 90' lang='lat' dir='ltr'><em>sont,</em></span> <span class='ocrx_word' id='word_1_217' title='bbox 829 3064 906 3111; x_wconf 90' lang='lat' dir='ltr'><em>cum</em></span> <span class='ocrx_word' id='word_1_218' title='bbox 920 3041 1066 3110; x_wconf 88' lang='lat' dir='ltr'><em>veritatis</em></span> <span class='ocrx_word' id='word_1_219' title='bbox 1079 3042 1128 3109; x_wconf 93' lang='lat' dir='ltr'><em>sol</em></span> <span class='ocrx_word' id='word_1_220' title='bbox 1142 3063 1199 3133; x_wconf 88' lang='lat' dir='ltr'><em>per</em></span> <span class='ocrx_word' id='word_1_221' title='bbox 1212 3041 1310 3109; x_wconf 89' lang='lat' dir='ltr'><em>corda</em></span> <span class='ocrx_word' id='word_1_222' title='bbox 1325 3039 1475 3109; x_wconf 88' lang='lat' dir='ltr'><em>fidelium</em></span> <span class='ocrx_word' id='word_1_223' title='bbox 1489 3041 1589 3110; x_wconf 89' lang='lat' dir='ltr'><em>altius</em></span> <span class='ocrx_word' id='word_1_224' title='bbox 1601 3042 1738 3111; x_wconf 89' lang='lat' dir='ltr'><em>calesce-</em></span> 
     </span>
     <span class='ocr_line' id='line_1_21' title="bbox 141 3174 1740 3268; baseline 0.002 -25"><span class='ocrx_word' id='word_1_225' title='bbox 141 3181 211 3262; x_wconf 87' lang='lat' dir='ltr'><em>ret,</em></span> <span class='ocrx_word' id='word_1_226' title='bbox 238 3182 270 3244; x_wconf 92' lang='lat' dir='ltr'><em>et</em></span> <span class='ocrx_word' id='word_1_227' title='bbox 294 3183 452 3268; x_wconf 86' lang='lat' dir='ltr'><em>tanquam</em></span> <span class='ocrx_word' id='word_1_228' title='bbox 471 3199 558 3246; x_wconf 90' lang='lat' dir='ltr'><em>novo</em></span> <span class='ocrx_word' id='word_1_229' title='bbox 575 3177 654 3245; x_wconf 87' lang='lat' dir='ltr'><em>fidei</em></span> <span class='ocrx_word' id='word_1_230' title='bbox 672 3199 747 3246; x_wconf 89' lang='lat' dir='ltr'><em>vere</em></span> <span class='ocrx_word' id='word_1_231' title='bbox 769 3175 909 3246; x_wconf 90' lang='lat' dir='ltr'><em>lucidior</em></span> <span class='ocrx_word' id='word_1_232' title='bbox 922 3198 1031 3245; x_wconf 88' lang='lat' dir='ltr'><em>annus</em></span> <span class='ocrx_word' id='word_1_233' title='bbox 1052 3175 1245 3267; x_wconf 89' lang='lat' dir='ltr'><em>aperiretur.</em></span> <span class='ocrx_word' id='word_1_234' title='bbox 1270 3174 1345 3244; x_wconf 84' lang='lat' dir='ltr'><em>lam</em></span> <span class='ocrx_word' id='word_1_235' title='bbox 1357 3198 1437 3244; x_wconf 89' lang='lat' dir='ltr'><em>vero</em></span> <span class='ocrx_word' id='word_1_236' title='bbox 1457 3174 1544 3245; x_wconf 87' lang='lat' dir='ltr'><em>inter</em></span> <span class='ocrx_word' id='word_1_237' title='bbox 1557 3198 1631 3263; x_wconf 90' lang='lat' dir='ltr'><em>eos,</em></span> <span class='ocrx_word' id='word_1_238' title='bbox 1656 3200 1740 3268; x_wconf 90' lang='lat' dir='ltr'><em>quos</em></span> 
     </span>
     <span class='ocr_line' id='line_1_22' title="bbox 140 3309 1739 3405; baseline 0.003 -28"><span class='ocrx_word' id='word_1_239' title='bbox 140 3309 308 3380; x_wconf 88' lang='lat' dir='ltr'><em>Dominus</em></span> <span class='ocrx_word' id='word_1_240' title='bbox 324 3333 464 3401; x_wconf 90' lang='lat' dir='ltr'><em>magnus</em></span> <span class='ocrx_word' id='word_1_241' title='bbox 476 3311 594 3405; x_wconf 88' lang='lat' dir='ltr'><em>spiritu</em></span> <span class='ocrx_word' id='word_1_242' title='bbox 612 3309 840 3401; x_wconf 79' lang='lat' dir='ltr'><em>intelligentis</em></span> <span class='ocrx_word' id='word_1_243' title='bbox 860 3310 986 3403; x_wconf 88' lang='lat' dir='ltr'><em>replere</em></span> <span class='ocrx_word' id='word_1_244' title='bbox 1000 3310 1128 3397; x_wconf 92' lang='lat' dir='ltr'><em>voluit,</em></span> <span class='ocrx_word' id='word_1_245' title='bbox 1153 3310 1278 3402; x_wconf 90' lang='lat' dir='ltr'><em>quique</em></span> <span class='ocrx_word' id='word_1_246' title='bbox 1300 3318 1457 3403; x_wconf 90' lang='lat' dir='ltr'><em>tanquam</em></span> <span class='ocrx_word' id='word_1_247' title='bbox 1471 3310 1593 3380; x_wconf 83' lang='lat' dir='ltr'><em>imbres</em></span> <span class='ocrx_word' id='word_1_248' title='bbox 1606 3312 1739 3405; x_wconf 90' lang='lat' dir='ltr'><em>eloquia</em></span> 
     </span>
     <span class='ocr_line' id='line_1_23' title="bbox 140 3443 1736 3535; baseline 0.001 -24"><span class='ocrx_word' id='word_1_249' title='bbox 140 3443 314 3535; x_wconf 75' lang='lat' dir='ltr'><em>sapientiae</em></span> <span class='ocrx_word' id='word_1_250' title='bbox 329 3467 397 3515; x_wconf 83' lang='lat' dir='ltr'><em>suae</em></span> <span class='ocrx_word' id='word_1_251' title='bbox 413 3446 449 3515; x_wconf 91' lang='lat' dir='ltr'><em>in</em></span> <span class='ocrx_word' id='word_1_252' title='bbox 462 3443 606 3514; x_wconf 81' lang='lat' dir='ltr'><em>Ecclesia</em></span> <span class='ocrx_word' id='word_1_253' title='bbox 618 3446 678 3514; x_wconf 91' lang='lat' dir='ltr'><em>Dei</em></span> <span class='ocrx_word' id='word_1_254' title='bbox 692 3444 890 3534; x_wconf 90' lang='lat' dir='ltr'><em>emiserunt,</em></span> <span class='ocrx_word' id='word_1_255' title='bbox 908 3445 1025 3515; x_wconf 92' lang='lat' dir='ltr'><em>merito</em></span> <span class='ocrx_word' id='word_1_256' title='bbox 1039 3452 1235 3513; x_wconf 91' lang='lat' dir='ltr'><em>numeratur</em></span> <span class='ocrx_word' id='word_1_257' title='bbox 1249 3444 1285 3514; x_wconf 85' lang='lat' dir='ltr'><em>S.</em></span> <span class='ocrx_word' id='word_1_258' title='bbox 1301 3445 1536 3535; x_wconf 86' lang='lat' dir='ltr'><em>Bonaventura</em></span> <span class='ocrx_word' id='word_1_259' title='bbox 1548 3445 1736 3534; x_wconf 81' lang='lat' dir='ltr'><em>Confessor,</em></span> 
     </span>
     <span class='ocr_line' id='line_1_24' title="bbox 140 3578 1738 3673; baseline 0.001 -26"><span class='ocrx_word' id='word_1_260' title='bbox 140 3587 173 3647; x_wconf 85' lang='lat' dir='ltr'><em>et</em></span> <span class='ocrx_word' id='word_1_261' title='bbox 185 3578 361 3667; x_wconf 81' lang='lat' dir='ltr'><em>Pontifex,</em></span> <span class='ocrx_word' id='word_1_262' title='bbox 382 3588 414 3650; x_wconf 88' lang='lat' dir='ltr'><em>et</em></span> <span class='ocrx_word' id='word_1_263' title='bbox 434 3581 470 3650; x_wconf 91' lang='lat' dir='ltr'><em>in</em></span> <span class='ocrx_word' id='word_1_264' title='bbox 485 3582 598 3652; x_wconf 89' lang='lat' dir='ltr'><em>eadem</em></span> <span class='ocrx_word' id='word_1_265' title='bbox 611 3582 778 3653; x_wconf 87' lang='lat' dir='ltr'><em>Catholica</em></span> <span class='ocrx_word' id='word_1_266' title='bbox 791 3581 934 3651; x_wconf 87' lang='lat' dir='ltr'><em>Ecclesia</em></span> <span class='ocrx_word' id='word_1_267' title='bbox 954 3582 1074 3651; x_wconf 90' lang='lat' dir='ltr'><em>Doctor</em></span> <span class='ocrx_word' id='word_1_268' title='bbox 1087 3580 1247 3668; x_wconf 86' lang='lat' dir='ltr'><em>eximius,</em></span> <span class='ocrx_word' id='word_1_269' title='bbox 1269 3602 1370 3673; x_wconf 88' lang='lat' dir='ltr'><em>quem</em></span> <span class='ocrx_word' id='word_1_270' title='bbox 1389 3579 1491 3649; x_wconf 82' lang='lat' dir='ltr'><em>felicis</em></span> <span class='ocrx_word' id='word_1_271' title='bbox 1505 3579 1738 3650; x_wconf 88' lang='lat' dir='ltr'><em>recordationis</em></span> 
     </span>
     <span class='ocr_line' id='line_1_25' title="bbox 138 3715 1737 3813; baseline -0.001 -26"><span class='ocrx_word' id='word_1_272' title='bbox 138 3716 259 3788; x_wconf 84' lang='lat' dir='ltr'><em>Sixtus</em></span> <span class='ocrx_word' id='word_1_273' title='bbox 272 3718 363 3812; x_wconf 88' lang='lat' dir='ltr'><em>Papa</em></span> <span class='ocrx_word' id='word_1_274' title='bbox 375 3720 438 3807; x_wconf 89' lang='lat' dir='ltr'><em>IV,</em></span> <span class='ocrx_word' id='word_1_275' title='bbox 455 3719 670 3813; x_wconf 74' lang='lat' dir='ltr'><em>praedecessor</em></span> <span class='ocrx_word' id='word_1_276' title='bbox 681 3727 807 3806; x_wconf 89' lang='lat' dir='ltr'><em>noster,</em></span> <span class='ocrx_word' id='word_1_277' title='bbox 822 3719 865 3789; x_wconf 92' lang='lat' dir='ltr'><em>ob</em></span> <span class='ocrx_word' id='word_1_278' title='bbox 877 3717 1105 3787; x_wconf 88' lang='lat' dir='ltr'><em>admirabilem</em></span> <span class='ocrx_word' id='word_1_279' title='bbox 1119 3717 1197 3787; x_wconf 75' lang='lat' dir='ltr'><em>vita</em></span> <span class='ocrx_word' id='word_1_280' title='bbox 1213 3715 1436 3803; x_wconf 86' lang='lat' dir='ltr'><em>sanctitatem,</em></span> <span class='ocrx_word' id='word_1_281' title='bbox 1451 3723 1484 3785; x_wconf 90' lang='lat' dir='ltr'><em>et</em></span> <span class='ocrx_word' id='word_1_282' title='bbox 1495 3715 1737 3808; x_wconf 72' lang='lat' dir='ltr'><em>precellentem</em></span> 
     </span>
     <span class='ocr_line' id='line_1_26' title="bbox 138 3850 1738 3944; baseline -0.002 -21"><span class='ocrx_word' id='word_1_283' title='bbox 138 3853 330 3924; x_wconf 88' lang='lat' dir='ltr'><em>doctrinam</em></span> <span class='ocrx_word' id='word_1_284' title='bbox 348 3854 385 3923; x_wconf 91' lang='lat' dir='ltr'><em>in</em></span> <span class='ocrx_word' id='word_1_285' title='bbox 398 3855 593 3925; x_wconf 90' lang='lat' dir='ltr'><em>Sanctorum</em></span> <span class='ocrx_word' id='word_1_286' title='bbox 606 3865 786 3924; x_wconf 89' lang='lat' dir='ltr'><em>numerum</em></span> <span class='ocrx_word' id='word_1_287' title='bbox 798 3853 978 3944; x_wconf 86' lang='lat' dir='ltr'><em>adscripsit.</em></span> <span class='ocrx_word' id='word_1_288' title='bbox 994 3852 1027 3919; x_wconf 91' lang='lat' dir='ltr'><em>ls</em></span> <span class='ocrx_word' id='word_1_289' title='bbox 1037 3852 1126 3921; x_wconf 90' lang='lat' dir='ltr'><em>enim</em></span> <span class='ocrx_word' id='word_1_290' title='bbox 1145 3851 1354 3941; x_wconf 82' lang='lat' dir='ltr'><em>Balneoregii</em></span> <span class='ocrx_word' id='word_1_291' title='bbox 1368 3851 1405 3921; x_wconf 90' lang='lat' dir='ltr'><em>in</em></span> <span class='ocrx_word' id='word_1_292' title='bbox 1420 3850 1554 3921; x_wconf 86' lang='lat' dir='ltr'><em>Etruria</em></span> <span class='ocrx_word' id='word_1_293' title='bbox 1567 3858 1684 3938; x_wconf 90' lang='lat' dir='ltr'><em>natus,</em></span> <span class='ocrx_word' id='word_1_294' title='bbox 1701 3859 1738 3921; x_wconf 91' lang='lat' dir='ltr'><em>ut</em></span> 
     </span>
     <span class='ocr_line' id='line_1_27' title="bbox 137 3987 1740 4081; baseline 0.001 -23"><span class='ocrx_word' id='word_1_295' title='bbox 137 3989 205 4081; x_wconf 83' lang='lat' dir='ltr'><em>piae</em></span> <span class='ocrx_word' id='word_1_296' title='bbox 219 3988 338 4058; x_wconf 91' lang='lat' dir='ltr'><em>matris</em></span> <span class='ocrx_word' id='word_1_297' title='bbox 351 3996 427 4059; x_wconf 87' lang='lat' dir='ltr'><em>voto</em></span> <span class='ocrx_word' id='word_1_298' title='bbox 441 3990 658 4078; x_wconf 82' lang='lat' dir='ltr'><em>satisfaceret,</em></span> <span class='ocrx_word' id='word_1_299' title='bbox 673 3989 858 4058; x_wconf 88' lang='lat' dir='ltr'><em>adolescens</em></span> <span class='ocrx_word' id='word_1_300' title='bbox 871 3987 1072 4081; x_wconf 81' lang='lat' dir='ltr'><em>seraphicum</em></span> <span class='ocrx_word' id='word_1_301' title='bbox 1092 3989 1202 4057; x_wconf 85' lang='lat' dir='ltr'><em>Sancti</em></span> <span class='ocrx_word' id='word_1_302' title='bbox 1219 3987 1383 4057; x_wconf 87' lang='lat' dir='ltr'><em>Francisci</em></span> <span class='ocrx_word' id='word_1_303' title='bbox 1396 3988 1604 4078; x_wconf 82' lang='lat' dir='ltr'><em>Religionem</em></span> <span class='ocrx_word' id='word_1_304' title='bbox 1619 3998 1667 4059; x_wconf 89' lang='lat' dir='ltr'><em>est</em></span> <span class='ocrx_word' id='word_1_305' title='bbox 1686 3989 1740 4059; x_wconf 90' lang='lat' dir='ltr'><em>in-</em></span> 
     </span>
     <span class='ocr_line' id='line_1_28' title="bbox 138 4122 1740 4217; baseline 0.002 -24"><span class='ocrx_word' id='word_1_306' title='bbox 138 4145 303 4213; x_wconf 86' lang='lat' dir='ltr'><em>gressus:</em></span> <span class='ocrx_word' id='word_1_307' title='bbox 329 4146 388 4216; x_wconf 90' lang='lat' dir='ltr'><em>per</em></span> <span class='ocrx_word' id='word_1_308' title='bbox 401 4125 496 4217; x_wconf 88' lang='lat' dir='ltr'><em>cujus</em></span> <span class='ocrx_word' id='word_1_309' title='bbox 508 4125 646 4216; x_wconf 88' lang='lat' dir='ltr'><em>vestigia</em></span> <span class='ocrx_word' id='word_1_310' title='bbox 658 4123 801 4194; x_wconf 88' lang='lat' dir='ltr'><em>recentia</em></span> <span class='ocrx_word' id='word_1_311' title='bbox 819 4123 926 4192; x_wconf 88' lang='lat' dir='ltr'><em>adhuc</em></span> <span class='ocrx_word' id='word_1_312' title='bbox 939 4145 1046 4192; x_wconf 89' lang='lat' dir='ltr'><em>novus</em></span> <span class='ocrx_word' id='word_1_313' title='bbox 1065 4123 1186 4193; x_wconf 89' lang='lat' dir='ltr'><em>Christi</em></span> <span class='ocrx_word' id='word_1_314' title='bbox 1206 4123 1301 4192; x_wconf 88' lang='lat' dir='ltr'><em>miles</em></span> <span class='ocrx_word' id='word_1_315' title='bbox 1323 4122 1495 4194; x_wconf 89' lang='lat' dir='ltr'><em>humiliter</em></span> <span class='ocrx_word' id='word_1_316' title='bbox 1507 4131 1540 4194; x_wconf 90' lang='lat' dir='ltr'><em>et</em></span> <span class='ocrx_word' id='word_1_317' title='bbox 1553 4131 1740 4196; x_wconf 86' lang='lat' dir='ltr'><em>constanter</em></span> 
     </span>
     <span class='ocr_line' id='line_1_29' title="bbox 137 4258 1740 4351; baseline 0.001 -23"><span class='ocrx_word' id='word_1_318' title='bbox 137 4258 301 4328; x_wconf 89' lang='lat' dir='ltr'><em>incedens</em></span> <span class='ocrx_word' id='word_1_319' title='bbox 314 4259 564 4329; x_wconf 86' lang='lat' dir='ltr'><em>saluberrimam</em></span> <span class='ocrx_word' id='word_1_320' title='bbox 577 4259 782 4351; x_wconf 84' lang='lat' dir='ltr'><em>regularium</em></span> <span class='ocrx_word' id='word_1_321' title='bbox 795 4258 1021 4328; x_wconf 86' lang='lat' dir='ltr'><em>institutorum</em></span> <span class='ocrx_word' id='word_1_322' title='bbox 1036 4259 1277 4329; x_wconf 87' lang='lat' dir='ltr'><em>observantiam</em></span> <span class='ocrx_word' id='word_1_323' title='bbox 1291 4266 1381 4328; x_wconf 88' lang='lat' dir='ltr'><em>tanto</em></span> <span class='ocrx_word' id='word_1_324' title='bbox 1395 4259 1499 4329; x_wconf 91' lang='lat' dir='ltr'><em>animi</em></span> <span class='ocrx_word' id='word_1_325' title='bbox 1511 4259 1649 4349; x_wconf 88' lang='lat' dir='ltr'><em>ardore,</em></span> <span class='ocrx_word' id='word_1_326' title='bbox 1664 4269 1740 4330; x_wconf 86' lang='lat' dir='ltr'><em>tan·</em></span> 
     </span>
     <span class='ocr_line' id='line_1_30' title="bbox 137 4393 1738 4488; baseline 0.001 -25"><span class='ocrx_word' id='word_1_327' title='bbox 137 4403 243 4488; x_wconf 84' lang='lat' dir='ltr'><em>taque</em></span> <span class='ocrx_word' id='word_1_328' title='bbox 256 4393 365 4464; x_wconf 86' lang='lat' dir='ltr'><em>cordis</em></span> <span class='ocrx_word' id='word_1_329' title='bbox 377 4394 532 4464; x_wconf 89' lang='lat' dir='ltr'><em>aviditate</em></span> <span class='ocrx_word' id='word_1_330' title='bbox 545 4395 672 4483; x_wconf 89' lang='lat' dir='ltr'><em>hausit,</em></span> <span class='ocrx_word' id='word_1_331' title='bbox 687 4404 725 4465; x_wconf 88' lang='lat' dir='ltr'><em>ut</em></span> <span class='ocrx_word' id='word_1_332' title='bbox 737 4417 868 4464; x_wconf 90' lang='lat' dir='ltr'><em>summa</em></span> <span class='ocrx_word' id='word_1_333' title='bbox 880 4393 917 4463; x_wconf 89' lang='lat' dir='ltr'><em>in</em></span> <span class='ocrx_word' id='word_1_334' title='bbox 928 4416 966 4463; x_wconf 92' lang='lat' dir='ltr'><em>eo</em></span> <span class='ocrx_word' id='word_1_335' title='bbox 979 4393 1133 4463; x_wconf 88' lang='lat' dir='ltr'><em>sanctitas</em></span> <span class='ocrx_word' id='word_1_336' title='bbox 1145 4402 1330 4487; x_wconf 88' lang='lat' dir='ltr'><em>appareret,</em></span> <span class='ocrx_word' id='word_1_337' title='bbox 1346 4417 1384 4465; x_wconf 88' lang='lat' dir='ltr'><em>ac</em></span> <span class='ocrx_word' id='word_1_338' title='bbox 1398 4394 1474 4465; x_wconf 86' lang='lat' dir='ltr'><em>vitae</em></span> <span class='ocrx_word' id='word_1_339' title='bbox 1487 4395 1686 4482; x_wconf 86' lang='lat' dir='ltr'><em>innocentia,</em></span> <span class='ocrx_word' id='word_1_340' title='bbox 1705 4403 1738 4466; x_wconf 92' lang='lat' dir='ltr'><em>et</em></span> 
     </span>
     <span class='ocr_line' id='line_1_31' title="bbox 136 4527 1734 4623; baseline 0 -24"><span class='ocrx_word' id='word_1_341' title='bbox 136 4527 309 4616; x_wconf 80' lang='lat' dir='ltr'><em>castitate,</em></span> <span class='ocrx_word' id='word_1_342' title='bbox 328 4536 439 4598; x_wconf 90' lang='lat' dir='ltr'><em>sancta</em></span> <span class='ocrx_word' id='word_1_343' title='bbox 451 4529 653 4617; x_wconf 87' lang='lat' dir='ltr'><em>humilitate,</em></span> <span class='ocrx_word' id='word_1_344' title='bbox 669 4529 842 4622; x_wconf 85' lang='lat' dir='ltr'><em>patientia,</em></span> <span class='ocrx_word' id='word_1_345' title='bbox 858 4529 1110 4599; x_wconf 86' lang='lat' dir='ltr'><em>mansuetudine</em></span> <span class='ocrx_word' id='word_1_346' title='bbox 1119 4582 1128 4615; x_wconf 93' lang='lat'>‚</span> <span class='ocrx_word' id='word_1_347' title='bbox 1152 4537 1358 4599; x_wconf 85' lang='lat' dir='ltr'><em>terrenarum</em></span> <span class='ocrx_word' id='word_1_348' title='bbox 1373 4551 1486 4600; x_wconf 89' lang='lat' dir='ltr'><em>rerum</em></span> <span class='ocrx_word' id='word_1_349' title='bbox 1507 4530 1734 4623; x_wconf 87' lang='lat' dir='ltr'><em>despicientia,</em></span> 
     </span>
     <span class='ocr_line' id='line_1_32' title="bbox 135 4662 1737 4758; baseline 0 -24"><span class='ocrx_word' id='word_1_350' title='bbox 135 4664 328 4737; x_wconf 70' lang='lat' dir='ltr'><em>caelestium</em></span> <span class='ocrx_word' id='word_1_351' title='bbox 347 4664 506 4735; x_wconf 89' lang='lat' dir='ltr'><em>desiderio</em></span> <span class='ocrx_word' id='word_1_352' title='bbox 527 4665 680 4734; x_wconf 90' lang='lat' dir='ltr'><em>omnibus</em></span> <span class='ocrx_word' id='word_1_353' title='bbox 697 4673 728 4735; x_wconf 92' lang='lat' dir='ltr'><em>et</em></span> <span class='ocrx_word' id='word_1_354' title='bbox 742 4665 909 4756; x_wconf 87' lang='lat' dir='ltr'><em>exemplo,</em></span> <span class='ocrx_word' id='word_1_355' title='bbox 933 4671 966 4733; x_wconf 89' lang='lat' dir='ltr'><em>et</em></span> <span class='ocrx_word' id='word_1_356' title='bbox 983 4662 1194 4735; x_wconf 89' lang='lat' dir='ltr'><em>admirationi</em></span> <span class='ocrx_word' id='word_1_357' title='bbox 1207 4671 1315 4733; x_wconf 85' lang='lat' dir='ltr'><em>esset:</em></span> <span class='ocrx_word' id='word_1_358' title='bbox 1339 4671 1432 4734; x_wconf 86' lang='lat' dir='ltr'><em>tenta</em></span> <span class='ocrx_word' id='word_1_359' title='bbox 1448 4687 1582 4758; x_wconf 89' lang='lat' dir='ltr'><em>quoque</em></span> <span class='ocrx_word' id='word_1_360' title='bbox 1602 4664 1737 4758; x_wconf 88' lang='lat' dir='ltr'><em>spiritus</em></span> 
     </span>
     <span class='ocr_line' id='line_1_33' title="bbox 135 4797 1736 4891; baseline -0.001 -22"><span class='ocrx_word' id='word_1_361' title='bbox 135 4798 338 4886; x_wconf 88' lang='lat' dir='ltr'><em>dulcedine,</em></span> <span class='ocrx_word' id='word_1_362' title='bbox 355 4808 387 4868; x_wconf 87' lang='lat' dir='ltr'><em>et</em></span> <span class='ocrx_word' id='word_1_363' title='bbox 399 4799 505 4869; x_wconf 89' lang='lat' dir='ltr'><em>divini</em></span> <span class='ocrx_word' id='word_1_364' title='bbox 518 4800 638 4870; x_wconf 90' lang='lat' dir='ltr'><em>amoris</em></span> <span class='ocrx_word' id='word_1_365' title='bbox 651 4801 779 4871; x_wconf 89' lang='lat' dir='ltr'><em>fervore</em></span> <span class='ocrx_word' id='word_1_366' title='bbox 791 4798 1016 4868; x_wconf 87' lang='lat' dir='ltr'><em>inflammatus</em></span> <span class='ocrx_word' id='word_1_367' title='bbox 1032 4798 1068 4867; x_wconf 90' lang='lat' dir='ltr'><em>in</em></span> <span class='ocrx_word' id='word_1_368' title='bbox 1084 4798 1191 4867; x_wconf 89' lang='lat' dir='ltr'><em>Deum</em></span> <span class='ocrx_word' id='word_1_369' title='bbox 1208 4798 1413 4891; x_wconf 87' lang='lat' dir='ltr'><em>rapiebatur,</em></span> <span class='ocrx_word' id='word_1_370' title='bbox 1430 4805 1469 4866; x_wconf 89' lang='lat' dir='ltr'><em>ut</em></span> <span class='ocrx_word' id='word_1_371' title='bbox 1479 4798 1549 4890; x_wconf 88' lang='lat' dir='ltr'><em>jam</em></span> <span class='ocrx_word' id='word_1_372' title='bbox 1568 4797 1606 4867; x_wconf 91' lang='lat' dir='ltr'><em>in</em></span> <span class='ocrx_word' id='word_1_373' title='bbox 1620 4797 1736 4868; x_wconf 88' lang='lat' dir='ltr'><em>cellam</em></span> 
     </span>
     <span class='ocr_line' id='line_1_34' title="bbox 134 4931 1736 5028; baseline -0.001 -24"><span class='ocrx_word' id='word_1_374' title='bbox 134 4935 309 5005; x_wconf 80' lang='lat' dir='ltr'><em>vinariam</em></span> <span class='ocrx_word' id='word_1_375' title='bbox 332 4933 449 5026; x_wconf 89' lang='lat' dir='ltr'><em>Sponsi</em></span> <span class='ocrx_word' id='word_1_376' title='bbox 469 4934 694 5021; x_wconf 88' lang='lat' dir='ltr'><em>introductus,</em></span> <span class='ocrx_word' id='word_1_377' title='bbox 710 4942 743 5003; x_wconf 89' lang='lat' dir='ltr'><em>et</em></span> <span class='ocrx_word' id='word_1_378' title='bbox 758 4934 834 5006; x_wconf 91' lang='lat' dir='ltr'><em>vino</em></span> <span class='ocrx_word' id='word_1_379' title='bbox 848 4934 971 5028; x_wconf 89' lang='lat' dir='ltr'><em>optimo</em></span> <span class='ocrx_word' id='word_1_380' title='bbox 984 4932 1151 5002; x_wconf 88' lang='lat' dir='ltr'><em>charitatis</em></span> <span class='ocrx_word' id='word_1_381' title='bbox 1164 4932 1293 5018; x_wconf 90' lang='lat' dir='ltr'><em>ebrius,</em></span> <span class='ocrx_word' id='word_1_382' title='bbox 1313 4931 1427 5001; x_wconf 84' lang='lat' dir='ltr'><em>lesum</em></span> <span class='ocrx_word' id='word_1_383' title='bbox 1448 4931 1616 5003; x_wconf 84' lang='lat' dir='ltr'><em>Christum</em></span> <span class='ocrx_word' id='word_1_384' title='bbox 1630 4933 1736 5003; x_wconf 90' lang='lat' dir='ltr'><em>cruci-</em></span> 
     </span>
     <span class='ocr_line' id='line_1_35' title="bbox 133 5066 1736 5162; baseline -0.001 -23"><span class='ocrx_word' id='word_1_385' title='bbox 133 5066 264 5158; x_wconf 77' lang='lat' dir='ltr'><em>fixum,</em></span> <span class='ocrx_word' id='word_1_386' title='bbox 283 5076 318 5138; x_wconf 90' lang='lat' dir='ltr'><em>et</em></span> <span class='ocrx_word' id='word_1_387' title='bbox 329 5069 505 5161; x_wconf 87' lang='lat' dir='ltr'><em>patientem</em></span> <span class='ocrx_word' id='word_1_388' title='bbox 519 5068 643 5162; x_wconf 90' lang='lat' dir='ltr'><em>ubique</em></span> <span class='ocrx_word' id='word_1_389' title='bbox 661 5069 802 5158; x_wconf 90' lang='lat' dir='ltr'><em>intueri,</em></span> <span class='ocrx_word' id='word_1_390' title='bbox 826 5080 857 5140; x_wconf 88' lang='lat' dir='ltr'><em>et</em></span> <span class='ocrx_word' id='word_1_391' title='bbox 872 5069 909 5138; x_wconf 91' lang='lat' dir='ltr'><em>in</em></span> <span class='ocrx_word' id='word_1_392' title='bbox 922 5069 994 5160; x_wconf 88' lang='lat' dir='ltr'><em>ejus</em></span> <span class='ocrx_word' id='word_1_393' title='bbox 1006 5069 1201 5140; x_wconf 86' lang='lat' dir='ltr'><em>vulneribus</em></span> <span class='ocrx_word' id='word_1_394' title='bbox 1218 5067 1365 5138; x_wconf 88' lang='lat' dir='ltr'><em>habitare</em></span> <span class='ocrx_word' id='word_1_395' title='bbox 1379 5068 1558 5138; x_wconf 87' lang='lat' dir='ltr'><em>videretur.</em></span> <span class='ocrx_word' id='word_1_396' title='bbox 1581 5068 1632 5137; x_wconf 86' lang='lat' dir='ltr'><em>Ad</em></span> <span class='ocrx_word' id='word_1_397' title='bbox 1650 5069 1736 5138; x_wconf 88' lang='lat' dir='ltr'><em>hauc</em></span> 
     </span>
     <span class='ocr_line' id='line_1_36' title="bbox 134 5201 1732 5296; baseline -0.001 -23"><span class='ocrx_word' id='word_1_398' title='bbox 134 5226 216 5275; x_wconf 89' lang='lat' dir='ltr'><em>vero</em></span> <span class='ocrx_word' id='word_1_399' title='bbox 230 5202 395 5274; x_wconf 82' lang='lat' dir='ltr'><em>eximiam</em></span> <span class='ocrx_word' id='word_1_400' title='bbox 407 5202 484 5273; x_wconf 83' lang='lat' dir='ltr'><em>vitae</em></span> <span class='ocrx_word' id='word_1_401' title='bbox 497 5203 700 5273; x_wconf 89' lang='lat' dir='ltr'><em>sanctitatem</em></span> <span class='ocrx_word' id='word_1_402' title='bbox 714 5204 766 5274; x_wconf 90' lang='lat' dir='ltr'><em>vir</em></span> <span class='ocrx_word' id='word_1_403' title='bbox 784 5204 844 5273; x_wconf 88' lang='lat' dir='ltr'><em>Dei</em></span> <span class='ocrx_word' id='word_1_404' title='bbox 862 5226 1016 5294; x_wconf 88' lang='lat' dir='ltr'><em>magnam</em></span> <span class='ocrx_word' id='word_1_405' title='bbox 1034 5202 1217 5296; x_wconf 73' lang='lat' dir='ltr'><em>praestantis</em></span> <span class='ocrx_word' id='word_1_406' title='bbox 1230 5201 1386 5271; x_wconf 73' lang='lat' dir='ltr'><em>doctrinae</em></span> <span class='ocrx_word' id='word_1_407' title='bbox 1408 5201 1541 5272; x_wconf 90' lang='lat' dir='ltr'><em>laudem</em></span> <span class='ocrx_word' id='word_1_408' title='bbox 1561 5201 1732 5295; x_wconf 87' lang='lat' dir='ltr'><em>adjunxit,</em></span> 
     </span>
     <span class='ocr_line' id='line_1_37' title="bbox 133 5336 1734 5430; baseline -0.003 -21"><span class='ocrx_word' id='word_1_409' title='bbox 133 5339 203 5409; x_wconf 90' lang='lat' dir='ltr'><em>Deo</em></span> <span class='ocrx_word' id='word_1_410' title='bbox 216 5339 268 5408; x_wconf 90' lang='lat' dir='ltr'><em>ita</em></span> <span class='ocrx_word' id='word_1_411' title='bbox 282 5336 492 5429; x_wconf 83' lang='lat' dir='ltr'><em>disponente,</em></span> <span class='ocrx_word' id='word_1_412' title='bbox 508 5344 547 5408; x_wconf 87' lang='lat' dir='ltr'><em>ut</em></span> <span class='ocrx_word' id='word_1_413' title='bbox 558 5337 601 5406; x_wconf 90' lang='lat' dir='ltr'><em>ad</em></span> <span class='ocrx_word' id='word_1_414' title='bbox 612 5338 684 5430; x_wconf 89' lang='lat' dir='ltr'><em>ejus</em></span> <span class='ocrx_word' id='word_1_415' title='bbox 695 5339 854 5430; x_wconf 89' lang='lat' dir='ltr'><em>gloriam,</em></span> <span class='ocrx_word' id='word_1_416' title='bbox 869 5348 901 5409; x_wconf 92' lang='lat' dir='ltr'><em>et</em></span> <span class='ocrx_word' id='word_1_417' title='bbox 913 5337 1065 5409; x_wconf 80' lang='lat' dir='ltr'><em>Ecclesia</em></span> <span class='ocrx_word' id='word_1_418' title='bbox 1078 5336 1273 5424; x_wconf 89' lang='lat' dir='ltr'><em>utilitatem,</em></span> <span class='ocrx_word' id='word_1_419' title='bbox 1288 5358 1357 5406; x_wconf 90' lang='lat' dir='ltr'><em>non</em></span> <span class='ocrx_word' id='word_1_420' title='bbox 1369 5338 1478 5406; x_wconf 93' lang='lat' dir='ltr'><em>solum</em></span> <span class='ocrx_word' id='word_1_421' title='bbox 1492 5336 1661 5429; x_wconf 85' lang='lat' dir='ltr'><em>exemplo,</em></span> <span class='ocrx_word' id='word_1_422' title='bbox 1676 5336 1734 5404; x_wconf 89' lang='lat' dir='ltr'><em>sed</em></span> 
     </span>
     <span class='ocr_line' id='line_1_38' title="bbox 132 5461 1731 5569; baseline -0.004 -24"><span class='ocrx_word' id='word_1_423' title='bbox 132 5475 255 5564; x_wconf 89' lang='lat' dir='ltr'><em>verbo,</em></span> <span class='ocrx_word' id='word_1_424' title='bbox 271 5481 309 5544; x_wconf 89' lang='lat' dir='ltr'><em>et</em></span> <span class='ocrx_word' id='word_1_425' title='bbox 320 5470 505 5546; x_wconf 77' lang='lat' dir='ltr'><em>emdihcne</em></span> <span class='ocrx_word' id='word_1_426' title='bbox 518 5495 715 5567; x_wconf 85' lang='lat' dir='ltr'><em>magnopere</em></span> <span class='ocrx_word' id='word_1_427' title='bbox 727 5476 910 5569; x_wconf 86' lang='lat' dir='ltr'><em>proficeret.</em></span> <span class='ocrx_word' id='word_1_428' title='bbox 934 5475 1048 5568; x_wconf 84' lang='lat' dir='ltr'><em>Itaque</em></span> <span class='ocrx_word' id='word_1_429' title='bbox 1068 5494 1145 5542; x_wconf 89' lang='lat' dir='ltr'><em>cum</em></span> <span class='ocrx_word' id='word_1_430' title='bbox 1160 5471 1196 5539; x_wconf 92' lang='lat' dir='ltr'><em>in</em></span> <span class='ocrx_word' id='word_1_431' title='bbox 1209 5492 1376 5541; x_wconf 87' lang='lat' dir='ltr'><em>sacrarum</em></span> <span class='ocrx_word' id='word_1_432' title='bbox 1389 5461 1590 5540; x_wconf 84' lang='lat' dir='ltr'><em>Litterarum</em></span> <span class='ocrx_word' id='word_1_433' title='bbox 1603 5469 1731 5558; x_wconf 88' lang='lat' dir='ltr'><em>studio,</em></span> 
     </span>
    </p>
   </div>
   <div class='ocr_carea' id='block_1_6' title="bbox 0 0 2054 6295">
    <p class='ocr_par' dir='ltr' id='par_1_6' title="bbox 0 0 2054 6295">
     <span class='ocr_line' id='line_1_39' title="bbox 0 0 2054 6295; baseline 0 0"><span class='ocrx_word' id='word_1_434' title='bbox 0 0 2054 6295; x_wconf 95' lang='lat' dir='ltr'><em> </em></span> 
     </span>
    </p>
   </div>
  </div>
 </body>
</html>
