4100 6300
341 2605 403 2657 Quod

333 2668 404 2723 imago

326 2730 424 2783 aliquan·

314 2792 342 2835 do
362 2791 423 2832 dica·

327 2857 362 2895 tur
380 2864 413 2893 se·

366 2915 381 2957 d
397 2926 418 2955 in

334 2987 405 3019 euen-

341 3039 400 3082 tiam.

332 3911 421 3959 Divisio.

420 500 480 562 tta
990 490 1304 558 SENTENTIARUM
1323 490 1398 557 ΗΒ.
1421 488 1447 559 l.

418 654 452 700 se
469 630 600 699 dicitur.
614 627 728 720 Seipsa
740 628 830 696 enim
841 634 889 696 est
902 627 1047 719 sapiens,
1069 635 1102 696 et
1114 627 1176 697 hoc
1189 637 1238 697 est
1250 629 1322 721 ejus
1334 629 1501 724 essequod
1510 654 1644 725 sapere:
1655 633 1901 712 undePateretllia

420 748 520 817 simul
535 769 603 816 una
616 744 790 856 sapientia,
807 745 889 838 quia
903 766 971 814 una
989 745 1141 814 essentia.
1158 771 1176 812 i>
1191 745 1296 830 Cave,
1314 748 1426 835 lector,
1444 748 1589 840 qualiter
1601 748 1662 816 hoc
1677 749 1903 846 intelligasqoott'e

419 864 498 933 dicit
512 863 732 952 Augustinus.
748 861 891 932 Videtur
905 861 993 932 enim
1013 862 1121 931 dicere
1135 863 1242 955 quod,
1260 886 1335 932 cum
1356 864 1476 934 dicitur
1488 877 1575 933 noto
1589 866 1755 958 sapientia,
1768 870 1904 963 ibisopiotta

420 978 593 1049 essentiam
607 977 781 1068 significet,
800 986 928 1045 stacta
941 979 1135 1047 relationem
1149 987 1250 1049 notet.
1267 980 1361 1061 Quod
1377 980 1405 1048 si
1418 981 1465 1049 ita
1478 990 1539 1068 est,
1555 981 1702 1072 cogimur
1712 982 1798 1052 dioere
1807 992 1906 1059 tantm

420 1097 568 1167 divinam
582 1118 650 1164 esse
664 1103 776 1165 natam
792 1119 800 1162 :
816 1096 905 1187 quod
915 1096 1140 1187 superioribus
1153 1105 1325 1190 repugnat.
1345 1098 1407 1167 Sed
1419 1098 1460 1167 ad
1474 1098 1537 1167 hoc
1549 1099 1688 1167 dicimus
1700 1101 1774 1191 qnod
1785 1102 1908 1186 asaal

421 1222 487 1302 est,
502 1214 539 1282 in
552 1236 591 1283 eo
603 1212 694 1305 quod
710 1225 796 1282 nuta
810 1220 874 1300 est,
889 1211 1004 1281 eadem
1020 1214 1111 1283 notio
1129 1213 1349 1304 intelligatur,
1365 1238 1440 1307 quae
1457 1223 1595 1285 notatur
1610 1238 1684 1285 cam
1699 1216 1799 1285 dicitu
1807 1220 1910 1290 latae

422 1332 546 1423 imayo.
569 1329 609 1398 In
623 1330 726 1399 altero
740 1352 839 1417 vero,
858 1331 980 1400 seilicet
995 1330 1179 1423 sapientia,
1199 1330 1444 1401 demonstratur
1460 1334 1620 1418 essentia,
1638 1332 1673 1401 id
1689 1341 1746 1418 est,
1760 1334 1912 1404 temam

422 1446 512 1540 quod
525 1442 686 1516 Filius'sit
698 1448 848 1535 essentia,
864 1449 944 1540 quia
957 1447 1117 1540 sapientia
1130 1447 1312 1516 secundum
1326 1447 1498 1516 essentiam
1511 1447 1646 1516 dicitur.
1665 1449 1704 1516 Et
1715 1449 1776 1517 ideo
1785 1472 1839 1517 oon
1849 1452 1913 1519 tan

422 1577 507 1634 nato
521 1564 700 1657 sapientia,
713 1563 912 1652 intelligitur
922 1564 1011 1656 quod
1026 1565 1108 1654 ipse,
1119 1564 1179 1655 qui
1188 1571 1356 1650 natusest,
1367 1564 1509 1632 essentia
1521 1572 1583 1633 est.
1596 1564 1647 1631 lbi
1660 1573 1758 1633 tamen
1765 1566 1914 1657 sapientiam

424 1705 484 1774 pro
499 1681 649 1767 essentia,
668 1680 724 1749 sed
738 1703 798 1772 pro
811 1680 978 1772 hypostasi
990 1679 1069 1748 iacit
1081 1680 1348 1769 intelligentiam,
1363 1688 1414 1766 ut,
1428 1681 1513 1749 sicut
1526 1682 1663 1774 quando
1676 1682 1779 1749 dicitur
1794 1683 1916 1750 raama

424 1797 543 1881 Filius,
555 1797 753 1886 intelligitur
766 1796 949 1889 hypostasis
960 1819 1037 1864 cum
1049 1819 1111 1864 sua
1122 1797 1320 1888 proprietate
1331 1822 1339 1880 ;
1352 1797 1409 1885 ita,
1424 1819 1501 1864 cum
1514 1796 1637 1866 dieitur
1648 1810 1727 1866 nato
1735 1798 1864 1890 sapiatis,
1872 1799 1917 1867 ida

426 1913 637 2002 intelligitur,
652 1912 764 1999 idest,
781 1913 892 2002 genita
909 1912 1104 2005 hypostasis.
1124 1913 1201 1981 Ideo
1221 1913 1398 2002 vigilanter
1418 1913 1466 1982 ait
1485 1914 1574 1982 idem
1590 1937 1658 1982 csse
1678 1915 1917 2004 intelligendnnon

428 2029 549 2100 dicitur
561 2030 707 2113 verbum,
717 2038 832 2100 etcum
842 2031 962 2100 dicitur
970 2043 1055 2138 nato
1064 2031 1243 2123 sapientia,
1256 2029 1289 2099 id
1302 2038 1361 2116 est,
1373 2030 1486 2098 eadem
1496 2030 1629 2116 relatio,
1640 2031 1918 2122 eademquehypostm

429 2149 484 2216 cui
497 2149 583 2217 inest
601 2147 661 2217 illa
681 2148 871 2241 proprietas.
892 2149 935 2217 Et
953 2170 994 2217 ex
1012 2148 1073 2217 hoc
1092 2147 1270 2239 adjuvetur
1286 2147 1372 2216 illud
1393 2147 1482 2239 quod
1502 2147 1679 2239 superius¹
1696 2147 1920 2232 diximuasciliat:

430 2265 516 2335 Cum
540 2265 661 2334 dicitur
681 2264 790 2352 Pater,
813 2265 867 2336 vel
893 2265 1020 2351 Filius,
1037 2263 1099 2333 'vel
1121 2264 1265 2356 Spiritus
1289 2270 1440 2349 sanctus,
1465 2286 1532 2332 non
1562 2272 1692 2332 tantum
1715 2264 1772 2331 illa
1795 2263 1923 2353 propriata

432 2383 673 2473 significantur,
692 2389 731 2451 ut
741 2404 818 2452 cum
831 2381 952 2451 dieitur
967 2383 1161 2473 paternitas,
1177 2380 1307 2467 filiatio,
1322 2381 1492 2450 sedetiam
1507 2379 1697 2472 hypostases
1708 2402 1774 2447 cum
1784 2379 1924 2469 suispropi

433 2500 568 2570 tatibus.

478 2616 567 2685 Illud
581 2615 670 2684 enim
684 2615 758 2684 sciri
775 2622 913 2708 oportet,
929 2613 1025 2707 quia,
1041 2637 1118 2684 cum
1139 2637 1239 2707 supra
1252 2614 1376 2683 dictum
1389 2614 1432 2683 sit
1447 2614 1629 2703 imaginem
1644 2613 1768 2680 relative
1780 2609 1924 2682 dicidel'lit.

437 2735 520 2803 sicut
533 2732 700 2817 Verbum,
716 2731 769 2799 vel
786 2730 909 2815 Filius,
929 2731 1097 2800 interdum
1111 2739 1221 2799 umen
1235 2730 1399 2823 reperitur
1411 2731 1596 2800 secundum
1611 2728 1803 2798 substantiam
1815 2726 1867 2794 dio'.
1878 2724 1926 2792 [nt

438 2846 711 2938 Augustinus¹in
723 2846 809 2916 libro
823 2846 955 2916 deFide
964 2846 1011 2915 ad
1020 2850 1157 2915 Petrum
1166 2847 1256 2934 dicit,
1267 2847 1357 2939 qnod
1371 2870 1438 2915 una
1451 2855 1500 2915 est
1510 2857 1632 2915 sancta
1640 2844 1791 2913 Trinitatis
1798 2840 1927 2909 watche

439 2964 609 3051 divinitas,
624 2971 656 3033 et
668 2964 778 3053 imago
792 2964 947 3056 adquam
960 2963 1065 3032 factus
1078 2971 1126 3032 ast
1139 2963 1248 3032 homo.
1265 2963 1413 3031 Hilarius
1427 2963 1528 3031 etiam
1541 2963 1579 3030 in
1589 2962 1702 3054 quinto
1713 2960 1786 3028 libro
1796 2957 1826 3025 dc
1837 2957 1927 3023 tata

438 3082 509 3167 ait⁸
526 3105 535 3148 ι
555 3079 694 3151 «Homo
707 3081 745 3148 fit
758 3080 800 3150 ad
817 3102 1028 3150 communem
1047 3081 1237 3171 imaginem.
1254 3078 1383 3148 Nomen
1401 3102 1469 3148 non
1488 3079 1669 3171 discrepat,
1687 3086 1790 3145 natura
1803 3070 1926 3142 nondilat

442 3198 513 3268 Una
526 3207 574 3266 est
587 3197 689 3284 enim,
704 3198 856 3289 adquam
871 3197 969 3267 homo
984 3205 1112 3266 creatus
1126 3204 1185 3282 est,
1197 3195 1329 3289 species.
1346 3222 1364 3263 a
1381 3197 1431 3266 Ex
1441 3196 1493 3265 his
1504 3197 1617 3264 verbis
1629 3194 1794 3264 ostenditur
1800 3189 1927 3282 qaodinut

440 3314 618 3407 aliquando
631 3315 777 3385 essentiae
790 3315 1044 3404 intelligentiam
1057 3315 1135 3383 lacit
1150 3339 1158 3382 ε
1175 3324 1207 3384 et
1222 3323 1299 3385 tunc
1313 3315 1354 3384 ad
1368 3337 1402 3384 se
1414 3314 1549 3402 dicitur,
1565 3323 1599 3383 et
1610 3335 1677 3383 non
1691 3310 1813 3380 mahte.

629 3538 836 3606 expositio
856 3538 1019 3605 TEXTUS.
1264 3541 1323 3621 tra,
1348 3542 1549 3608 distinctione
1569 3541 1703 3607 eadem:
1721 3535 1853 3604 &tadu
1864 3546 1928 3614 Μ

1266 3657 1312 3718 est
1325 3650 1727 3734 cusamrasathaim
1739 3638 1929 3731 primapauhlt

1266 3764 1404 3844 quatuor
1427 3764 1544 3843 partes.
1564 3758 1603 3824 ln
1622 3760 1721 3844 prima
1735 3753 1840 3821 ostendit
1855 3744 1929 3830 otili

482 3869 661 3952 Supraegit
671 3869 821 3951 Magister
832 3868 872 3933 de
881 3869 1127 3951 proprietatibus
1136 3886 1211 3952 qua
1267 3869 1486 3951 significatum
1506 3869 1610 3952 huius
1627 3850 1929 3943 nominatissimi

442 3987 519 4050 sunt
529 3995 759 4066 personarum,
774 3980 806 4041 et
818 3976 1017 4060 personales3
1032 3976 1085 4039 hic
1099 3975 1213 4059 incipit
1268 3996 1316 4055 se;
1333 3977 1501 4041 ostendens
1520 3977 1612 4059 quod
1632 3977 1672 4040 sit
1699 3971 1837 4057 proprian
1852 3972 1929 4045 ptam

442 4089 582 4158 secunda
595 4106 680 4172 pars,
691 4086 724 4149 in
737 4103 803 4169 qua
815 4084 884 4166 egit
895 4083 934 4148 de
947 4084 1212 4167 proprietatibus,
1268 4083 1380 4162 Patris,
1395 4089 1427 4148 et
1439 4083 1591 4148 differens
1611 4102 1631 4147 a
1648 4080 1824 4167 patentitate,
1834 4076 1856 4137 et
1866 4069 1929 4133 dicht

443 4201 510 4266 sive
524 4195 740 4275 relationibus,
757 4211 824 4257 non
837 4190 1067 4275 personalibus.
1082 4190 1121 4256 Et
1131 4191 1212 4256 diri·
1269 4191 1447 4257 secundum
1464 4190 1666 4255 relationem.
1687 4185 1811 4253 mundo
1823 4172 1930 4244 decinit

443 4309 530 4374 ditur
540 4305 611 4369 haec
625 4320 698 4386 pars
712 4302 748 4364 in
761 4300 851 4381 duas,
865 4299 941 4382 quia
953 4298 1130 4382 proprietas
1141 4317 1209 4364 non
1270 4300 1536 4382 significationem
1550 4300 1585 4363 in
1601 4292 1807 4382 aequipollenti,
1817 4278 1928 4353 saints

444 4412 619 4500 personalis
632 4414 679 4475 est
689 4407 818 4492 duplex,
834 4405 952 4470 scilicet
964 4405 1211 4487 innascibilitas,
1270 4409 1410 4488 nomine,
1425 4409 1645 4492 congenitus,
1660 4410 1690 4469 et
1701 4405 1731 4467 in
1742 4388 1930 4466 hanamal*

445 4528 477 4589 et
498 4517 679 4586 communis
702 4514 861 4600 spiratio:
888 4533 962 4598 quae
989 4514 1215 4596 significantur
1269 4515 1528 4593 caticumini:
1544 4496 1929 4595 [dissimolationem

445 4652 503 4717 per
511 4631 573 4695 boc
582 4646 712 4703 nomen,
720 4625 933 4708 principium.
949 4623 1021 4689 ldeo
1031 4626 1135 4707 primo
1146 4626 1215 4707 agit
1271 4623 1369 4704 solus,
1380 4627 1453 4703 etc.;
1471 4622 1656 4705 adjungens
1668 4638 1736 4704 quae
1748 4617 1782 4680 sit
1791 4607 1929 4713 prophetet

447 4742 486 4807 de
496 4736 755 4814 innascibilitate3
766 4732 916 4812 secundo,
924 4732 963 4797 de
973 4733 1137 4797 communi
1147 4734 1215 4815 spi·
1271 4733 1414 4797 cundum
1427 4750 1527 4815 quam
1540 4731 1636 4795 Pater
1649 4730 1753 4794 dicitur
1765 4707 1928 4823 ingenuit

447 4847 581 4923 ratione,
596 4845 699 4924 intra,
713 4841 944 4907 distinctam
962 4862 970 4904 ε
991 4841 1049 4906 Est
1061 4846 1218 4923 praterea
1273 4842 1309 4906 st
1322 4845 1426 4905 autam
1439 4840 1491 4904 vis
1506 4839 1601 4904 scire.
1618 4836 1719 4902 Tertio
1731 4824 1871 4898 deammt
1879 4816 1928 4935 llil

449 4954 542 5025 aliud
553 4969 679 5031 omnen,
693 4956 752 5016 etc.
764 4949 873 5015 Prima
885 4967 959 5032 pars
971 4948 1066 5013 habet
1074 4948 1217 5014 duas:in
1273 4947 1411 5013 nominis
1420 4947 1702 5023 usum,ostendens
1711 4932 1928 5025 quotqumustss

449 5054 1218 5149 primadeterminatdeproprietateinnascibili·
1273 5057 1560 5121 habeatortumex
1573 5042 1817 5135 Scriptura,quod
1825 5026 1927 5102 amatu

451 5173 542 5250 tatis;
557 5171 592 5234 in
604 5166 754 5245 secunda,
769 5164 847 5248 quia
860 5164 1004 5246 opposita
1016 5163 1101 5227 circa
1116 5181 1219 5248 oppo-
1275 5182 1313 5229 eo
1336 5165 1394 5244 uti,
1410 5162 1561 5245 quamvis
1574 5158 1753 5227 Ambrosius
1762 5150 1866 5217 vitant
1877 5135 1928 5197 litt*

452 5281 511 5345 sita
520 5277 638 5344 clarius
651 5275 849 5351 elucescunt,
864 5271 969 5353 tangit
986 5270 1161 5336 incidenter
1181 5272 1219 5336 de
1275 5272 1485 5349 contrarium;
1499 5269 1564 5333 hoc
1574 5268 1661 5335 enim
1672 5266 1740 5330 tacit
1750 5260 1782 5325 ad
1792 5238 1927 5336 npttlffl

453 5387 644 5472 proprietate
656 5379 924 5457 innascibilitatis,
936 5384 968 5444 at
980 5378 1159 5459 nascibilis,
1170 5380 1222 5444 in·
1276 5436 1387 5499 Petrum,
1401 5449 1425 5485 a.
1444 5444 1470 5498 Ι,
1480 5434 1568 5499 quoae
1586 5444 1696 5484 senam
1710 5454 1734 5464 β
1750 5419 1836 5479 ,Μ
1848 5408 1867 5459 y,
1877 5398 1925 5452 yma,

488 5512 570 5564 ¹Dist.
584 5507 926 5574 xxv11.-¹hugust.,imo
939 5506 1066 5572 Fulgent,
1075 5507 1106 5558 de
1116 5505 1179 5558 Fide
1189 5507 1224 5558 ad
1276 5507 1320 5558 lib.
1339 5508 1372 5571 V,
1392 5506 1459 5558 cirea
1472 5505 1583 5570 princip.

441 3720 569 3770 meteres
581 3719 739 3771 considerari
753 3724 868 3786 oportet,
882 3721 951 3785 quod
964 3734 1018 3771 non
1030 3723 1145 3786 hatum,
1159 3724 1210 3772 etc.
