4100 6300
339 435 438 484 xuvru
817 414 867 479 DE
888 411 1062 479 SCRIPTIS
1083 413 1114 476 S.
1138 410 1455 492 BONAVENTURAE,

987 592 1092 662 Testis
1113 592 1185 661 Sec.
1205 590 1282 662 XV.

378 764 507 828 Accedit
516 762 650 829 Sanetus
662 764 845 829 Antoninus
855 782 925 827 rem
939 765 984 828 ita
998 781 1162 846 exponens
1178 785 1185 826 :
1205 762 1292 826 «Hic
1309 762 1532 829 bonaventura
1544 765 1688 830 libellum
1703 767 1928 849 perniciosissi-

340 889 444 950 mum,
460 873 515 954 qui
530 872 666 935 traditur
678 872 774 935 tuisse
790 871 916 953 tilagist.
933 870 1063 935 Gerardi
1082 875 1193 934 contra
1208 870 1385 951 Religiosos
1398 892 1554 955 pauperes
1566 874 1735 937 latrantem
1751 893 1811 956 per
1825 875 1927 957 apolo-

338 980 427 1061 giam
442 983 507 1042 tam
520 978 715 1060 eloquenter,
726 996 825 1062 quam
837 978 996 1042 subtiliter
1005 978 1193 1042 confutavit.
1209 976 1270 1054 Qui
1284 976 1441 1043 Gerendus
1450 980 1542 1044 datus
1554 980 1590 1043 in
1601 981 1776 1063 reprobum
1788 1000 1927 1057 sensum,

338 1086 397 1148 atsi
418 1084 528 1149 [tector
547 1085 764 1167 theologicus,
786 1103 862 1149 cum
883 1084 1032 1166 linguam
1049 1086 1162 1149 contra
1181 1082 1216 1147 B.
1243 1083 1447 1149 Franciscum
1467 1092 1498 1150 et
1520 1086 1646 1151 Ordinis
1668 1090 1739 1170 ejus
1761 1092 1884 1151 statum
1901 1091 1931 1151 in

338 1192 569 1274 blasphemiam
577 1192 743 1272 relaxaret,
754 1196 854 1272 tanta,
867 1195 904 1255 ut
912 1192 1023 1269 fertur,
1038 1192 1099 1255 fuit
1110 1190 1219 1255 divina
1227 1191 1349 1255 ultione
1358 1210 1538 1274 percussus,
1552 1197 1589 1258 ut
1600 1195 1738 1278 paralysi
1749 1195 1929 1273 dissolutus,

338 1303 371 1362 et
383 1300 472 1382 lepra
484 1317 648 1383 respersus
661 1299 826 1364 interiret:
842 1298 1028 1381 exemplum
1050 1299 1236 1381 relinquens
1248 1298 1334 1376 aliis,
1349 1303 1386 1362 ut
1398 1300 1499 1364 sciant
1511 1319 1623 1365 omues
1634 1301 1810 1365 Dominum
1829 1300 1930 1365 lesum

339 1405 536 1470 defensorem
555 1424 622 1470 esse
636 1425 816 1489 pauperum
835 1424 968 1469 suorum
982 1407 1004 1470 ¹.
1020 1428 1036 1464 n
1055 1405 1213 1470 Gerardus
1225 1406 1279 1469 bic
1299 1410 1347 1469 est
1363 1407 1610 1488 cognominatus
1629 1408 1668 1473 de
1686 1407 1929 1489 Abbatis-Vitla,

339 1510 523 1577 Parisiensis
542 1511 762 1577 Universitatis
780 1512 895 1577 hoctor
916 1518 949 1577 et
970 1511 1136 1595 Magister,
1157 1512 1214 1594 qui
1234 1530 1308 1576 cum
1326 1514 1433 1577 animo
1450 1514 1561 1597 iniquo
1579 1514 1675 1579 ferret
1694 1514 1931 1579 Guillelmuma

339 1619 371 1684 S.
387 1621 505 1683 Amore
524 1620 747 1703 proscriptum,
770 1621 969 1695 damnatum,
985 1624 1019 1684 et
1033 1638 1139 1698 causa,
1157 1638 1256 1701 quam
1272 1624 1382 1684 contra
1400 1618 1613 1685 Mendicantes
1628 1623 1756 1702 agebat,
1774 1623 1929 1702 cecidisse,

339 1726 500 1791 calamum
514 1731 546 1790 et
565 1727 712 1807 linguam
726 1726 930 1809 potissimum
942 1728 977 1790 in
994 1726 1159 1790 Minoritas
1171 1727 1272 1805 acuit,
1289 1746 1407 1810 eosque
1428 1728 1601 1793 maledictis
1620 1729 1811 1793 cumulavit.
1835 1729 1931 1812 Hujus

337 1839 447 1898 autem
460 1834 683 1917 procacitatem
700 1834 796 1916 fregit
814 1832 1039 1899 Bonaventura
1058 1853 1144 1899 anno
1164 1838 1254 1899 taes.
1270 1833 1416 1898 Meminit
1429 1835 1525 1899 etiam
1546 1835 1742 1902 'trithemius
1757 1841 1833 1921 jam
1853 1855 1930 1921 saepe

339 1941 419 2005 alias
432 1942 558 2005 citatus.

380 2049 519 2115 Seorsim
532 2050 657 2128 nullibi,
671 2050 756 2134 quod
769 2052 880 2132 sciam,
896 2050 1019 2117 editum
1033 2050 1107 2125 fuit;
1121 2048 1176 2113 sed
1189 2048 1385 2130 conjunctim
1397 2049 1563 2114 duntaxat.

1023 2281 1158 2352 Codices
1179 2281 1256 2351 Mss.

379 2483 454 2549 Cod.
470 2482 596 2548 CLXVI.
612 2483 647 2546 in
659 2481 740 2546 Bibl.
756 2482 790 2546 S.
806 2481 916 2546 Crucis
929 2480 1110 2545 Florentiae.

380 2591 455 2655 Cod.
469 2588 738 2668 detortitium.

380 2697 454 2763 Cod.
474 2696 637 2763 MCXXlll.
660 2697 809 2774 membr,
831 2698 978 2759 constans
993 2693 1077 2759 foliis
1094 2696 1149 2773 72,
1166 2711 1229 2757 sec.
1244 2691 1323 2773 XlV,
1343 2693 1378 2756 in
1391 2691 1492 2774 Regio
1506 2689 1696 2758 laurinensi
1714 2694 1884 2775 Atheneo,
1897 2698 1928 2758 nt

339 2808 464 2870 constat
477 2824 519 2869 ex
532 2807 603 2886 ejus
616 2803 712 2868 Catal.
728 2822 761 2886 p.
777 2806 848 2882 arr,
861 2802 922 2865 col.
938 2821 960 2865 1.

380 2910 454 2975 Cod.
474 2909 644 2977 LXXXVII.
667 2911 767 2974 chart.
789 2911 859 2973 int
877 2909 1003 2991 maiori,
1022 2908 1125 2974 folior.
1144 2907 1494 2990 aa,secxv,inutu1.
1515 2908 1625 2974 lineali
1642 2907 1868 2989 venetiarum
1891 2926 1925 2972 ex

340 3020 411 3101 ejus
425 3017 584 3101 Catalogo,
600 3037 675 3102 pag.
686 3022 738 3083 63.

382 3125 455 3192 Cod.
477 3121 1241 3204 inbibl.bivaellariaePratalae301Tomasiuo,
1256 3140 1333 3206 pag.
1349 3126 1400 3204 te,
1416 3124 1475 3189 col.
1491 3128 1522 3189 2.

427 3244 428 3247 ’
867 3243 880 3279 0

382 3343 433 3411 [V.
453 3343 592 3411 Libellus
614 3343 838 3427 Apotopete'cas
858 3345 897 3410 tn
917 3358 985 3421 eos,
1003 3345 1063 3426 qur
1087 3342 1207 3408 Ordine·
1226 3343 1288 3406 FF.
1308 3343 1471 3409 Minorem
1490 3341 1716 3409 adversentur.
1738 3341 1791 3406 Pr.
1813 3342 1926 3408 Frater

342 3454 411 3531 hoc,
429 3459 487 3517 etc.

380 3585 418 3652 V.
436 3586 537 3661 deora
559 3585 690 3652 Fratres
704 3586 843 3650 Minores
861 3581 1058 3667 predicent,
1073 3591 1103 3648 et
1121 3584 1334 3663 confessiones
1350 3584 1500 3650 audiant.
1519 3582 1570 3647 Pr.
1588 3584 1672 3658 Quia
1689 3583 1856 3668 ptertqee,
1873 3588 1924 3649 etc.

383 3777 601 3857 Antiquorum
611 3773 778 3836 neminem
788 3772 937 3850 vidimus,
948 3773 1145 3856 quigemina
1154 3774 1225 3838 haec
1234 3773 1394 3857 Opuscula
1403 3779 1575 3839 recenseat.
1589 3774 1735 3852 Quorum
1747 3795 1789 3840 ex
1798 3774 1924 3848 silentio,

342 3883 417 3950 vide
427 3901 469 3945 ne
480 3882 534 3944 illa
547 3880 745 3963 supposititia
757 3879 888 3961 colligas
897 3897 906 3943 z
914 3885 991 3944 sunt
1001 3882 1090 3945 enim
1099 3882 1265 3945 corollaria
1276 3882 1324 3956 iis,
1336 3884 1410 3964 qirae
1420 3889 1529 3946 contra
1541 3881 1702 3946 blinorum
1714 3883 1926 3969 obtrectatores

344 3989 542 4072 scriptitavit.
559 3986 604 4051 Eo
617 4005 712 4069 porro
726 3987 790 4050 fine
803 4006 823 4050 a
835 3984 1061 4052 bonaventura
1078 3988 1223 4052 instituta
1233 3990 1382 4068 fuerunt,
1396 3994 1433 4053 ut
1443 4009 1509 4072 quo
1523 3989 1664 4053 hostium
1678 4008 1835 4054 numerus
1849 4007 1925 4053 cras·

345 4099 440 4176 seret,
456 4113 494 4160 eo
515 4094 555 4159 ad
570 4093 784 4177 pugnandum
798 4112 889 4157 arma
906 4098 1031 4178 maj0ra
1048 4100 1163 4159 essent.
1181 4094 1331 4160 Retandit
1351 4096 1493 4172 dicteria,
1512 4095 1700 4175 calumnias,
1716 4101 1748 4161 et
1768 4097 1924 4162 maledicta

344 4202 496 4269 Desiderii
510 4200 722 4282 Langobardi,
737 4201 918 4266 aliorumve
928 4202 986 4283 huj
992 4221 1030 4266 us
1038 4203 1171 4266 furfuris
1183 4203 1366 4267 hominum.
1378 4201 1465 4267 Adeo
1474 4204 1564 4284 genti
1577 4209 1694 4268 nostrae
1703 4204 1818 4268 infensi
1828 4205 1922 4268 hostes

343 4316 434 4376 erant
451 4308 644 4373 Parisieuses
660 4308 827 4388 magistri,
849 4312 887 4372 ut
906 4308 1062 4389 dicerent,
1082 4308 1146 4374 Nos
1166 4309 1416 4394 haudquaquam
1433 4312 1651 4393 obtemperare
1676 4311 1790 4375 canoni
1812 4308 1923 4376 concilii

333 4416 573 4493 lateranensis,
589 4415 646 4498 qui
657 4416 702 4480 sic
715 4416 828 4498 incipit
842 4435 851 4479 :
867 4416 978 4484 Omnis
998 4419 1167 4500 utriusque
1180 4435 1297 4498 serus,
1310 4423 1369 4482 etc.
1393 4417 1561 4500 inquibus
1573 4437 1649 4482 sane
1662 4417 1830 4501 Opusculis
1842 4423 1922 4482 aute-

342 4528 438 4591 vertit
451 4524 630 4606 refellitque
643 4541 692 4603 ea,
707 4541 780 4605 quae
798 4523 874 4588 false
887 4524 994 4589 docuit
1007 4525 1121 4590 deinde
1139 4525 1317 4590 Richardus
1335 4525 1537 4608 Radulphus',
1553 4525 1741 4590 Oxoniensis
1754 4524 1922 4590 Academia

342 4634 379 4698 in
400 4632 519 4714 Anglia
536 4631 757 4709 cancellarius,
777 4631 1034 4715 archiepiscopus
1057 4633 1295 4712 Armacbanus,
1320 4632 1377 4715 qui
1398 4632 1572 4697 innocentii
1590 4631 1631 4697 Vl
1651 4637 1795 4715 tempore
1813 4632 1920 4708 floruit,

342 4741 484 4824 obiitque
496 4758 550 4803 an.
566 4739 656 4803 1359.
667 4736 807 4817 Errores,
818 4758 899 4821 quos
913 4738 1090 4830 bichardus
1099 4759 1141 4804 ex
1154 4740 1410 4818 Sancto-Amore,
1425 4737 1667 4819 abbatis-vitta,
1683 4745 1715 4803 et
1725 4738 1922 4822 longobardo

341 4848 449 4914 hausit
457 4894 468 4927 ,
483 4847 625 4911 seriatim
644 4844 795 4910 describit
811 4844 844 4910 S.
860 4847 1043 4911 Antoninus
1056 4849 1085 4927 ¹3
1100 4851 1132 4911 et
1144 4848 1321 4912 confutavit
1341 4847 1487 4928 tiegerus
1504 4846 1707 4930 Conewajus,
1729 4867 1788 4912 seu
1808 4849 1921 4912 Conno

342 4956 417 5023 vius
431 4955 579 5021 Minorita
591 4960 614 5034 ⁸,
631 4956 683 5020 vir
702 4954 788 5018 illius
802 4954 865 5017 aevi
884 4959 917 5018 et
930 4955 1076 5020 doctrina
1089 4961 1121 5021 et
1136 4974 1246 5020 rerum
1261 4954 1353 5037 copia
1369 4951 1645 5036 locupletissimus.
1667 4954 1728 5019 Sed
1741 4956 1788 5018 nil
1802 4951 1921 5030 miri,si

341 5069 453 5129 contra
465 5079 623 5148 pauperes
635 5061 751 5127 Christi
764 5061 910 5143 gladium
921 5064 1108 5145 perstrinxit
1120 5063 1354 5142 Armachanus,
1369 5079 1444 5126 cum
1454 5078 1496 5125 ex
1509 5062 1580 5144 ejus
1590 5079 1688 5144 penu,
1701 5067 1739 5126 ut
1751 5062 1847 5127 refert
1858 5057 1920 5125 Phi·
2007 5055 2008 5068 ¹

374 5264 424 5314 ¹1n
437 5263 540 5313 somma
553 5261 630 5320 litet..
644 5259 683 5310 tit.
696 5261 786 5326 xatv,
800 5275 824 5311 o.
835 5272 873 5326 11,
887 5274 915 5311 n.
928 5264 952 5313 6.

374 5334 465 5384 ’Part
478 5333 512 5382 tlt
527 5332 624 5383 samm.
635 5331 714 5392 urst..
724 5333 765 5383 tit.
776 5334 866 5396 xxiv,
881 5347 905 5383 c.
915 5343 959 5398 11,
972 5346 1000 5384 n.
1013 5336 1052 5383 rs.

372 5403 422 5455 ιΙιι
433 5416 529 5468 operer
543 5404 581 5454 De
594 5401 796 5467 Confessieaibaa
807 5418 852 5469 per
865 5403 1001 5470 &putam
1010 5402 1153 5467 audiendis,
1164 5410 1251 5455 contra
1263 5401 1562 5468 democharem-Faria,
1577 5406 1647 5456 1196.
