4100 6300
618 479 715 546 lllST.
737 478 817 544 lllll.
838 477 927 542 ΛΒΤ.
952 478 976 543 i.
999 475 1148 556 QUAEST.
1172 479 1225 544 ΙΙΙ.
1664 486 1722 545 22¹1

139 616 261 680 neratio
282 619 315 681 et
331 615 472 698 spiratio,
490 616 531 680 ud
548 632 603 680 eas
622 614 836 696 consequitur,
849 631 902 677 se-
998 618 1029 676 2.
1045 612 1093 677 lid
1105 613 1183 678 illud
1197 613 1283 696 quod
1297 613 1455 696 objicitur,
1467 614 1553 697 qnod
1563 616 1681 679 natura
1693 619 1725 679 et

138 723 280 787 cundum
304 723 459 788 rationem
487 721 699 803 intelligendi,
729 720 906 786 differentia
958 721 1107 787 voluntas
1120 721 1155 783 in
1168 720 1231 785 lleo
1244 725 1319 785 snut
1332 721 1429 801 idem3
1445 722 1615 787 dicendum
1626 722 1723 804 quod,

138 829 257 912 duplex
271 851 279 893 :
295 848 372 909 una,
387 830 464 913 quia
478 829 642 911 generatio
653 827 906 905 estabun0,sed
958 828 1017 892 etsi
1039 831 1155 891 natura
1172 831 1204 891 et
1223 828 1371 893 voluutas
1390 829 1425 893 in
1448 829 1511 894 lieo
1530 829 1726 894 considerata

139 936 268 1019 spiratio
287 956 307 1000 a
324 936 471 1001 duobus:
486 936 562 1019 qnia
581 937 668 999 enim
680 935 844 1018 generatio
860 939 907 998 est
959 936 1102 999 absolute
1124 935 1186 999 siut
1209 936 1313 1017 idem,
1337 941 1446 1001 tamen
1464 937 1583 1020 aliquid
1601 936 1727 1020 respicit

140 1044 298 1108 emanatio
318 1062 375 1127 per
397 1044 530 1108 modum
546 1045 691 1127 perlectae
708 1043 907 1108 assimilatio-
960 1042 1110 1106 voluntas
1131 1047 1168 1107 ut
1189 1043 1337 1108 voluntas
1357 1044 1534 1109 iuratione
1559 1044 1725 1128 principii,

139 1151 200 1231 nis,
214 1151 286 1216 ideo
299 1153 339 1216 ad
354 1170 456 1216 nuum
470 1151 663 1234 principium
676 1151 816 1233 respicit,
832 1151 909 1233 quia
961 1149 1046 1233 quod
1061 1168 1127 1213 nou
1141 1149 1266 1233 respicit
1279 1153 1394 1215 natura
1407 1156 1444 1215 nt
1459 1157 1585 1216 natura.
1601 1151 1641 1216 Et
1654 1151 1728 1216 iude

141 1277 218 1322 vero
233 1259 364 1341 spiratio
377 1258 596 1323 sstemanatio
608 1276 664 1341 per
682 1258 815 1322 modum
830 1275 907 1320 con·
961 1260 1008 1320 est
1031 1257 1132 1339 qnod,
1151 1257 1233 1321 sicut
1253 1276 1318 1323 non
1342 1260 1488 1342 sequitur
1504 1260 1558 1342 (a),
1584 1263 1730 1323 creatura

27 1375 31 1390 ·
141 1366 297 1444 nexionis,
314 1367 386 1431 ideo
399 1369 447 1430 est
460 1385 478 1430 a
493 1366 628 1431 dnobus.
647 1365 718 1429 Alia
730 1364 909 1429 differentia
962 1368 1009 1428 est
1023 1383 1044 1428 a
1060 1364 1122 1428 Deo
1135 1383 1191 1447 per
1205 1365 1337 1431 modum
1350 1366 1543 1444 voluntatis,
1557 1366 1644 1449 quod
1659 1366 1729 1431 ideo

142 1478 189 1537 est
198 1473 233 1537 iu
245 1474 480 1556 comparatione
494 1473 534 1537 ad
545 1491 624 1537 nos:
647 1473 723 1555 quia
739 1472 825 1536 enim
838 1471 909 1554 Spi-
963 1471 1003 1534 sit
1012 1471 1109 1536 etiam
1117 1491 1175 1555 per
1184 1474 1317 1538 modum
1328 1479 1471 1554 natnrae3
1483 1474 1638 1553 similiter,
1653 1475 1731 1557 quia

142 1582 223 1647 ritus
243 1585 371 1647 sauctus
392 1583 532 1666 spiratur
553 1584 590 1646 ut
608 1586 748 1658 nectens,
769 1585 801 1645 et
820 1582 863 1645 ita
877 1581 911 1645 in
963 1583 1121 1644 naturast
1133 1580 1282 1646 voluutas
1290 1582 1634 1666 comparanturadhas
1646 1600 1732 1646 ema-

143 1689 279 1754 alterum
300 1689 535 1767 tendens,ideo
548 1688 823 1771 Spiritnssauctus
836 1707 910 1772 pro·
963 1687 1107 1751 nationes
1129 1689 1188 1753 sub
1211 1689 1333 1755 ratione
1357 1689 1527 1773 principii,
1554 1690 1626 1755 ideo
1650 1689 1733 1753 nihil

143 1796 224 1862 aedit
237 1802 274 1861 ut
286 1796 463 1861 donabilis:
479 1795 580 1861 Filius
591 1814 671 1861 vero
683 1800 867 1877 generatur,
880 1798 912 1860 et
964 1793 1111 1876 prohibet
1123 1795 1182 1860 has
1199 1797 1414 1862 emanationes
1426 1797 1569 1877 differre,
1584 1796 1733 1881 quamvis

143 1904 307 1984 generatio
325 1922 392 1968 nou
405 1903 532 1986 respicit
545 1904 687 1968 tertium.
704 1902 764 1967 Per
777 1902 835 1966 has
849 1903 911 1967 dii·
964 1901 1050 1966 idem
1061 1902 1124 1966 sint
1136 1901 1172 1967 in
1185 1905 1360 1969 substantia
1370 1907 1528 1969 naturast
1541 1905 1701 1970 voluntas.

146 2012 292 2077 terentius
313 2012 490 2076 necessario
508 2012 634 2076 elicitur
649 2010 765 2074 harum
785 2027 912 2075 emana-
1007 2014 1037 2075 3.
1052 2010 1101 2074 Ad
1118 2010 1197 2077 illud
1213 2011 1300 2094 quod
1312 2012 1476 2095 objicitur,
1495 2012 1581 2096 quod
1603 2031 1735 2078 emana-

56 2143 112 2174 ro·
142 2119 270 2184 tionum
299 2118 559 2198 concomitantia,
594 2117 671 2201 qnia
700 2118 830 2201 spiratio
860 2117 914 2182 dat
965 2117 1068 2182 tiones
1087 2117 1238 2184 differrmt
1256 2138 1354 2202 penes
1374 2120 1545 2201 termin0s3
1566 2121 1735 2188 dicendum

142 2227 390 2310 praeiuteffigere
398 2227 638 2307 generationem
652 2224 833 2290 :nonenim
841 2242 914 2288 nec·
966 2226 1052 2308 quod
1065 2226 1100 2290 in
1111 2226 1162 2291 his
1173 2227 1375 2292 inferioribus
1382 2233 1429 2292 est
1440 2247 1566 2309 verum,
1580 2229 1638 2293 uhi
1650 2247 1735 2294 ema·

73 2409 79 2422 ·
142 2339 258 2402 tuntur
270 2335 333 2398 nisi
345 2315 482 2398 distincti
492 2338 525 2399 et
537 2332 667 2412 similes,
681 2334 768 2397 etita
778 2332 825 2396 illi
836 2349 914 2415 quo
967 2334 1055 2398 natio
1068 2334 1145 2400 dicit
1162 2352 1219 2399 ens
1236 2335 1272 2399 in
1291 2336 1451 2417 potentia,
1465 2337 1554 2401 etita
1566 2337 1736 2421 imperiea-

144 2462 221 2507 rum
235 2461 321 2507 unus
333 2444 381 2507 est
393 2442 434 2506 ab
446 2440 508 2505 alio
523 2459 580 2534 per
598 2440 844 2522 generationem
864 2438 915 2504 Si·
967 2445 1038 2505 tum
1055 2463 1062 2506 :
1077 2459 1143 2506 non
1156 2446 1264 2506 autem
1276 2446 1323 2508 est
1333 2462 1448 2509 verum
1461 2442 1496 2508 iu
1509 2442 1588 2524 ileo,
1600 2445 1677 2527 qrria
1691 2443 1736 2509 ibi

145 2551 264 2615 militer
284 2550 449 2632 generatio
470 2551 523 2614 dat
548 2551 777 2631 cousequenter
797 2548 915 2612 intelli·
968 2565 1035 2612 nou
1047 2548 1159 2613 dieunt
1172 2550 1274 2613 ensin
1287 2550 1437 2632 potentia,
1453 2569 1513 2615 nec
1525 2550 1739 2633 imperiectio·

146 2678 225 2741 gere
231 2658 451 2741 spirationem:
460 2675 586 2721 necesse
593 2655 914 2734 estenimdistinotos‚
969 2673 1045 2719 nem
1061 2677 1069 2719 ε
1083 2656 1168 2720 unde
1182 2658 1217 2720 iu
1229 2654 1347 2723 divinis
1359 2675 1426 2722 non
1439 2661 1516 2723 suut
1529 2657 1610 2722 ratio
1624 2645 1738 2722 distin-¹

145 2769 180 2830 et
192 2767 323 2830 omuino
342 2766 473 2843 similes,
493 2783 550 2848 per
565 2764 751 2830 deliciosum
773 2781 915 2827 amorem
969 2762 1102 2843 guendi.
1117 2761 1253 2842 Tamen,
1269 2764 1295 2828 si
1308 2764 1446 2832 velimus
1458 2766 1562 2830 dicere
1577 2765 1664 2848 quod
1677 2765 1739 2829 dif-

145 2876 315 2956 coujungi.
348 2873 561 2940 Gonocdeudae
583 2889 663 2953 ergo
682 2875 759 2935 sunt
779 2872 918 2934 rationes
970 2870 1078 2933 lerunt
1104 2889 1200 2953 penes
1226 2873 1420 2952 terminum,
1451 2891 1517 2937 non
1548 2873 1740 2956 accipiemus

145 2981 318 3064 probantes
328 2983 414 3064 quod
429 2980 590 3056 differunt,
603 2980 685 3044 sicut
699 2982 748 3042 est
765 2978 917 3042 manifes-
970 2978 1145 3048 terminum
1163 2997 1221 3062 pro
1243 2980 1432 3057 substantia,
1448 2980 1500 3044 vel
1517 2981 1670 3061 essentia;
1685 2980 1739 3046 sed

20 3164 22 3167 v
144 3093 252 3153 tatum
269 3088 303 3153 in
322 3088 513 3168 rationihns3
536 3086 592 3152 sed
613 3086 676 3151 illae
692 3086 831 3150 rationes
851 3103 917 3150 non
972 3102 1030 3168 pro
1043 3085 1215 3169 hypostasi,
1229 3090 1267 3151 ut
1278 3088 1369 3170 prius
1380 3087 1528 3153 habitum
1541 3092 1599 3154 est.

144 3201 228 3261 sunt
239 3201 377 3279 sumptae
397 3216 417 3260 a
434 3196 545 3278 priori.
563 3195 671 3278 Aliqui
683 3199 790 3258 tamen
801 3194 917 3260 volue-
1012 3194 1042 3257 l.
1056 3194 1105 3259 Ad
1117 3194 1196 3259 illud
1208 3196 1292 3276 quod
1307 3196 1474 3277 quaeritur,
1492 3200 1603 3261 utrum
1615 3196 1737 3280 seipsis,

144 3310 228 3369 runt
245 3305 408 3387 assignare
424 3305 502 3381 alias
514 3304 717 3382 differentias,
735 3307 767 3367 st
787 3302 918 3385 quidam
972 3301 1024 3366 vel
1044 3302 1134 3379 aliis;
1153 3305 1238 3384 patet
1257 3303 1343 3383 quod
1363 3302 1483 3386 seipsis.
1501 3302 1540 3368 Et
1553 3305 1593 3368 ad
1608 3304 1641 3369 id
1654 3304 1740 3387 quod

147 3413 289 3497 pervim
303 3412 498 3495 spirativam,
519 3415 551 3475 et
563 3410 793 3501 generativam,
809 3409 920 3474 dlonnt
973 3409 1132 3491 objicitur,
1154 3409 1241 3492 quod
1255 3426 1322 3474 non
1341 3410 1460 3475 habeut
1472 3430 1539 3476 esse
1557 3431 1576 3476 a
1591 3431 1642 3490 se,
1661 3430 1741 3494 ergo

144 3520 298 3586 differre:
323 3521 378 3585 sed
399 3519 660 3585 laaecdiiiereutia
675 3518 813 3582 declarat
824 3518 919 3599 iguo·
973 3534 1033 3580 nee
1058 3516 1227 3598 distingue
1256 3517 1426 3582 dicendum
1456 3518 1542 3600 qnod
1567 3518 1646 3583 illud
1674 3539 1741 3585 non

144 3634 223 3693 tum
239 3648 297 3711 per
312 3628 466 3710 ignotius.
482 3626 543 3691 Alii
556 3626 652 3690 etiam
666 3625 816 3691 dixerunt
834 3625 919 3708 quod
973 3626 1061 3688 tenet
1085 3624 1120 3687 in
1146 3640 1214 3688 esse
1235 3624 1401 3706 originali3
1431 3627 1579 3709 quamvis
1607 3626 1695 3691 enim
1722 3646 1743 3691 a

144 3734 253 3800 Filius
275 3736 415 3819 procedit
432 3753 490 3818 per
512 3734 644 3799 modum
669 3751 752 3809 esse,
784 3733 920 3816 Spiritus
974 3749 1093 3814 genere
1114 3732 1300 3796 differentiae
1322 3731 1464 3797 habeant
1483 3738 1609 3813 ortum,
1633 3739 1742 3799 tamen

143 3846 279 3909 sanctus
287 3862 344 3926 per
352 3843 486 3908 modum
494 3843 575 3906 bene
585 3860 652 3906 esse
663 3863 670 3905 ε
682 3842 736 3905 sed
745 3841 815 3904 haec
821 3839 920 3905 verba
974 3857 1041 3904 non
1054 3839 1296 3921 distinguuntur
1307 3858 1327 3905 a
1339 3859 1469 3923 genere,
1484 3843 1539 3908 sed
1554 3863 1572 3908 a
1586 3843 1707 3927 seipsis.

143 3957 399 4031 nonsuntsana,
408 3949 530 4014 nectali
539 3950 682 4013 materiae
688 3948 918 4014 convenientia.
1015 3949 1045 4011 o.
1064 3947 1113 4012 Ad
1127 3948 1206 4012 illud
1219 3948 1305 4030 quod
1319 3948 1480 4031 objicitur,
1495 3970 1559 4034 quo
1572 3953 1667 4017 modo
1680 3953 1743 4017 dil-

174 4063 223 4123 ·1.
248 4058 298 4123 Ad
320 4057 399 4122 illud
420 4075 499 4141 ergo
523 4057 608 4139 quod
629 4056 733 4139 primo
754 4055 919 4137 oincitur,
975 4056 1092 4133 ferunt,
1105 4058 1162 4118 aut
1173 4056 1375 4141 substantiali
1387 4061 1445 4121 aut
1454 4058 1638 4123 accidentali
1651 4060 1743 4125 diffe-

144 4170 264 4232 utrum
283 4165 375 4231 Pater
388 4167 485 4250 spiret
503 4166 538 4230 in
551 4170 708 4248 quantum
724 4183 825 4245 unus,
842 4169 919 4243 eto.;
975 4163 1094 4241 rentia;
1105 4162 1275 4227 dicendum
1287 4165 1610 4247 quodinsulllcienter
1620 4167 1742 4245 dividit,

145 4274 323 4339 dicendum
335 4275 422 4356 quod
435 4292 494 4337 nec
506 4273 542 4336 iu
558 4278 717 4355 quantum
738 4290 842 4351 uuus,
863 4288 922 4335 nec
976 4270 1051 4352 quia
1063 4269 1098 4333 in
1110 4269 1229 4333 divinis
1241 4276 1289 4335 est
1301 4272 1494 4337 relationum
1508 4272 1697 4355 differentia,
1709 4279 1744 4339 ut

146 4382 186 4445 in
204 4385 363 4464 qnantum
374 4381 496 4465 plnres,
512 4381 612 4445 sedin
624 4384 782 4463 quantum
796 4379 875 4455 alio,
891 4383 922 4443 et
976 4376 1052 4441 dicit
1070 4376 1272 4458 Augustinus
1289 4378 1324 4441 in
1339 4380 1452 4462 quinto
1470 4380 1551 4445 libro
1569 4381 1609 4448 de
1634 4382 1745 4448 Trini-

145 4488 216 4553 alio
229 4484 923 4570 modosehabcns,quiaaliomndosehabet
978 4489 1041 4551 tate
1051 4485 1079 4554 ²:
1089 4501 1163 4566 quas
1173 4502 1232 4548 nec
1241 4484 1451 4567 accidentalis,
1463 4505 1522 4552 noc
1531 4489 1746 4553 substantialis

146 4596 192 4661 ad
207 4595 340 4673 Filium,
354 4595 416 4660 alio
430 4595 526 4660 modo
537 4595 577 4659 ad
594 4594 749 4677 Spiritum
761 4598 919 4658 saucium·
978 4596 1036 4668 est,
1051 4591 1105 4655 sed
1119 4593 1223 4673 magis
1233 4592 1349 4657 dicitur
1361 4594 1537 4677 originalis.

148 4704 216 4768 iste
236 4707 345 4769 autem
363 4703 445 4769 alius
457 4707 490 4767 et
505 4703 588 4768 alius
602 4703 717 4767 modus
735 4720 770 4767 se
784 4702 921 4767 habendi
1017 4703 1048 4763 6.
1064 4699 1113 4763 Ad
1132 4699 1212 4764 illud
1234 4701 1320 4782 qnod
1342 4701 1493 4784 objicitur
1512 4702 1551 4767 de
1569 4707 1744 4787 creatione,

147 4815 395 4893 nonrepngnat
410 4810 525 4877 unitati
544 4810 728 4875 mhstautiae
745 4809 797 4877 vel
809 4828 921 4893 perso-
978 4805 1147 4870 dicendum
1168 4807 1274 4888 quod,
1297 4808 1418 4872 ratione
1439 4811 1618 4889 enarranti,
1643 4815 1747 4895 magis

148 4937 220 4985 nae.
234 4915 294 4984 Sed
314 4916 407 4985 Pater
426 4922 458 4983 et
477 4916 579 4984 Filius
596 4918 719 5002 spirant
730 4917 767 4981 iu
779 4934 817 4982 eo
837 4917 923 5001 quod
978 4912 1083 4977 differt
1098 4912 1233 4990 ereatio;
1247 4913 1302 4977 sed
1312 4915 1435 4979 ratione
1448 4916 1629 5000 principalis
1642 4921 1747 5002 signi-

147 5045 261 5093 unnm
274 5044 341 5093 nno
353 5026 449 5091 modo
461 5043 495 5090 se
508 5025 628 5090 habeus
648 5047 656 5091 :
678 5026 753 5091 iude
771 5030 819 5091 est
838 5026 924 5109 quod
978 5021 1063 5084 iicati
1077 5038 1144 5084 nou
1161 5022 1287 5085 tantum
1309 5021 1478 5105 differrmt,
1497 5026 1656 5108 quianon
1672 5032 1746 5093 tan-

148 5134 275 5217 dupiax
292 5138 340 5200 est
356 5134 514 5216 prooeasio
531 5132 602 5197 Filii
619 5137 651 5197 ct
669 5131 806 5216 Spiritus
823 5133 922 5197 sancti
978 5127 1050 5190 tum
1076 5125 1181 5191 differt
1204 5126 1339 5192 essentia
1363 5148 1384 5193 a
1406 5148 1561 5213 persona,
1589 5138 1747 5217 quantum

150 5264 176 5310 a
189 5241 283 5307 Patra
297 5242 445 5307 :seduna
456 5241 736 5325 assumserim
750 5240 918 5324 processio,
978 5251 1115 5318 persona
1131 5253 1152 5299 e
1170 5253 1314 5318 persona.
1330 5234 1419 5301 Unde
1435 5239 1626 5322 praedicatur
1639 5261 1746 5309 essen-

147 5349 293 5435 Spiritus
306 5349 541 5415 sanctiaPatre
554 5354 587 5415 et
598 5348 691 5415 lilio.
978 5340 1094 5407 tisliter
1113 5342 1153 5407 de
1173 5360 1323 5426 persam,
1344 5361 1405 5409 nec
1426 5345 1503 5411 facit
1523 5338 1630 5432 aliquo
1652 5351 1748 5418 modo

174 5476 919 5545 ¹Sicurguitsooarseout.Hem.,lit.G.llocdicitAlbert.
979 5472 1746 5548 —taug.,derrin.,1.v,cv,n.sstatsrtpptnxaoquod.
