4100 6300
649 491 747 562 nist.
765 491 832 563 Vll.
858 485 1007 575 QUAEST.
1030 493 1055 560 I.
1591 489 1646 558 rel

61 630 107 697 ita
129 629 223 716 posse
245 649 415 716 generare,
441 633 529 717 qnod
549 633 714 698 manifeste
733 636 833 715 negat
887 650 978 716 posse
999 648 1172 714 generare,
1197 628 1315 695 Filium
1339 645 1431 711 posse
1453 615 1561 711 gigni,
1585 645 1652 692 non

61 738 216 822 Magister
230 763 238 806 :
251 759 329 823 ergo
338 741 469 808 dioltod
481 739 610 824 estmoe
620 762 633 806 .·
644 758 723 822 ergo
734 744 766 804 et
773 758 831 823 po·
886 739 955 804 dieo
975 738 1062 804 aliud
1082 742 1114 803 et
1133 737 1222 802 alind
1241 754 1352 821 posse,
1374 735 1429 801 sod
1449 734 1589 800 alterins.
1613 733 1652 798 Et

60 848 173 929 tentia,
185 867 258 932 qnae
272 849 352 915 inest
364 850 541 915 seeundum
552 848 640 914 illam
651 870 659 913 t
671 866 761 931 ergo,
771 857 830 912 ete.
885 846 1072 930 huiusmodi
1096 844 1261 929 positionis
1288 844 1349 909 tuit
1374 841 1541 924 Magister,
1571 841 1652 906 siout

886 955 1049 1020 evidenter
1061 956 1191 1037 apparet
1207 951 1243 1016 in
1259 951 1374 1016 littera.
1396 949 1484 1015 Unde
1501 950 1553 1014 isti
1567 949 1651 1015 dioe-

337 1095 560 1166 CONCLUSIO
885 1062 963 1127 hant
949 1061 1076 1145 t,qnod
1089 1078 1181 1144 posse
1193 1077 1349 1142 generare
1360 1076 1427 1123 non
1440 1061 1567 1124 aarum
1578 1057 1653 1122 dicit

885 1169 981 1252 quid,
995 1169 1158 1234 sedetiam
1170 1169 1348 1251 respectum
1362 1166 1562 1250 adaliqutd,
1575 1166 1652 1250 quia

60 1260 363 1332 ''mmmmm‘'
383 1276 503 1333 itm
521 1258 661 1318 mmm
678 1260 832 1333 ΨΜ
886 1282 934 1342 est
955 1276 1120 1343 essentiale
1142 1280 1280 1341 uectum
1306 1276 1345 1341 ed
1363 1293 1543 1359 personam.
1572 1274 1653 1340 Cum

98 1350 397 1425 repatriaverunt
419 1351 491 1410 0¹²⁶
504 1350 620 1424 auquu
640 1351 730 1408 ”m
743 1354 833 1407 ‘amm
885 1383 1653 1466 enimnonsitomnimodaeebstraotionis,potest

98 1442 170 1498 dicit
182 1441 217 1498 ad
228 1440 326 1516 aliquid
340 1445 458 1515 tautam,
473 1445 499 1498 et
512 1441 588 1498 dese
885 1493 926 1558 ad
942 1510 1113 1576 personam
1132 1491 1227 1557 trahi
1248 1490 1287 1556 Et
1305 1491 1367 1555 ispa
1382 1491 1496 1574 positio
1518 1490 1593 1555 gatis
1606 1493 1654 1555 est

16 1630 36 1662 a
101 1604 198 1690 Rasp
213 1605 253 1671 ad
268 1606 349 1688 Arg
370 1603 557 1682 Dioendum,
572 1602 697 1687 qnod'
671 1621 755 1669 orrea
770 1604 832 1669 hoe
885 1595 1084 1679 probabilis:
1104 1599 1136 1662 et
1153 1594 1230 1661 setis
1251 1595 1333 1661 bene
1353 1594 1482 1661 ridetur
1503 1594 1653 1660 sustineri

16 1711 23 1724 '
60 1712 230 1796 problema
247 1716 312 1777 tres
333 1712 464 1777 luerunt
482 1711 665 1794 positiones.
687 1708 833 1776 Fuerrmt
884 1721 987 1786 posse.

60 1820 197 1903 quidam
219 1819 275 1903 qui
295 1819 509 1884 distinxerunt
533 1818 706 1903 potentiam
731 1836 831 1901 gene-
925 1810 1070 1877 Fuerunt
1095 1810 1191 1876 etiam
1217 1809 1302 1875 tertii
1331 1808 1568 1890 modernioreS,
1596 1810 1725 1940 (mipace
1691 1818 1766 1865 rore

59 1928 169 2008 rendi,
184 1927 321 1993 dieentes
333 1928 420 2012 quod
434 1928 574 2011 potentia
591 1926 765 2009 generandi
779 1945 832 2011 po
885 1918 1038 1984 dixerunt
1024 1917 1157 2001 t,quod
1170 1918 1310 2002 potentia
1325 1917 1501 2000 generandi
1519 1885 1722 1987 ‹licitodpon

60 2040 125 2102 test
137 2035 199 2101 diei
217 2034 357 2119 potentie
376 2035 478 2116 nude,
497 2035 550 2103 vel
565 2035 705 2119 potentia
725 2034 832 2118 dIspo-
886 2025 1035 2109 utquid
1026 2044 1061 2090 m
1074 2024 1191 2092 divinis
1201 2025 1241 2089 de
1254 2043 1303 2105 se3
1318 2029 1350 2089 et
1366 2025 1448 2090 ratio
1461 2043 1575 2090 eorum
1588 2029 1650 2105 est,

61 2143 125 2208 site
140 2165 149 2207 ε
163 2161 190 2206 sr
180 2142 325 2208 dioetur
335 2143 474 2227 potentia
484 2141 627 2221 nuda,
604 2160 648 2206 sio
658 2142 833 2208 voluerunt
885 2134 1040 2217 quoniam
1046 2132 1186 2218 potentia
1197 2131 1501 2199 dioithahitudiuem
1513 2131 1653 2216 origina-

60 2251 165 2334 aliqui
176 2250 291 2332 disere,
303 2251 389 2334 quod
399 2250 475 2316 dicit
486 2249 579 2334 quid,
593 2253 624 2315 et
635 2250 669 2313 in
682 2250 832 2315 omnihus
884 2242 925 2305 lis
945 2241 1094 2325 principii
1111 2241 1152 2306 ad
1169 2240 1396 2324 principiatum
1411 2262 1419 2305 ε
1435 2243 1483 2321 et,
1498 2241 1652 2324 quoniam

60 2358 210 2443 personis
221 2362 279 2436 est,
294 2358 447 2443 quoniam
456 2359 526 2424 haeo
538 2358 679 2442 potentia
690 2358 737 2423 sio
748 2358 832 2424 dieta
884 2349 1038 2415 hebitudo
1050 2351 1153 2433 potest
1173 2366 1241 2413 esse
1259 2365 1404 2431 personat
1424 2347 1465 2413 ad
1482 2367 1652 2432 personam

60 2465 273 2550 consequitur
282 2471 442 2532 naturam,
458 2466 558 2545 Unde,
574 2485 649 2532 cum
663 2469 778 2532 natura
791 2466 832 2531 sit
886 2461 928 2539 (et
939 2461 1014 2523 tunc
1027 2474 1103 2522 vere
1115 2459 1163 2521 est
1174 2454 1354 2538 habitudo),
1364 2456 1549 2520 siessentiae
1561 2456 1599 2540 (b)
1611 2456 1652 2521 ed

60 2575 99 2638 in
124 2573 266 2657 qudlbat
285 2590 437 2658 persona,
463 2573 611 2638 similiter
634 2578 666 2638 et
692 2574 833 2657 potentia
885 2562 1653 2642 ereaturam,ettuneseaundummodumdioendi

60 2680 262 2763 huiusmodi.
278 2680 460 2747 Secundum
473 2684 582 2746 aulem
593 2681 680 2764 quod
690 2680 765 2745 dicit
776 2698 831 2763 po
884 2673 954 2739 sive
965 2671 1166 2755 intelligendi
1171 2688 1182 2754 3
1199 2671 1276 2735 hino
1288 2669 1431 2753 estquod
1444 2670 1651 2754 principium,

60 2787 197 2852 tentiam
209 2788 404 2871 dispositam,
419 2788 495 2872 qnia
507 2807 575 2853 non
588 2788 684 2854 habet
697 2787 832 2871 disposi·
884 2779 924 2846 de
949 2781 1002 2847 sui
1022 2780 1166 2858 ratione,
1187 2796 1255 2844 non
1274 2781 1401 2843 tentum
1422 2781 1469 2843 est
1487 2778 1652 2844 essentiale

59 2890 568 2969 tionemneoaonvenientiam,nt
576 2893 669 2956 exeat
678 2891 714 2954 in
722 2893 831 2954 aemm
883 2888 1125 2972 appropriatum
1148 2905 1206 2970 per
1230 2885 1443 2964 additionem,
1466 2884 1533 2950 imo
1555 2886 1652 2951 etiam

59 2997 291 3080 generationis,
303 2996 364 3061 nisi
378 2997 413 3060 in
424 2996 637 3081 solapersona
648 2997 758 3078 Patris,
771 3016 829 3062 vo-
884 2996 959 3061 dioit
971 2997 1139 3080 proprium
1151 3013 1308 3080 persone.
1329 2993 1402 3059 Pari
1415 2993 1557 3074 ratione,
1575 3012 1651 3060 oum

58 3105 195 3171 luerunt
209 3105 331 3183 dicere,
350 3106 435 3189 qnod
450 3106 526 3172 dicit
545 3105 591 3173 od
606 3104 746 3190 aliquid.
768 3102 831 3171 Sed
883 3103 1023 3187 potentia
1033 3103 1115 3169 dieat
1128 3102 1317 3187 originalem
1330 3100 1550 3167 habitudinem
1564 3124 1572 3167 :
1584 3120 1651 3168 non

58 3215 162 3281 verba
169 3213 261 3279 istius
268 3211 432 3297 positionis
441 3233 508 3279 non
515 3214 666 3281 videntur
675 3231 762 3290 vera,
771 3230 830 3277 nee
882 3214 1008 3277 tentum
1021 3212 1227 3277 essentialiter
1240 3211 1370 3289 dieitur,
1387 3211 1440 3278 vel
1455 3210 1594 3276 trahitur
1609 3211 1651 3277 ed

58 3339 152 3386 sena.
171 3319 259 3400 Non,
278 3320 429 3403 inquam,
451 3339 544 3398 vera,
561 3321 714 3404 quoniam
737 3323 830 3404 eujus
882 3337 1066 3403 personam,
1086 3323 1123 3384 ut
1140 3319 1222 3383 dieat
1236 3318 1405 3383 essentiam
1424 3319 1647 3409 personaliter3

57 3428 205 3513 potentia
216 3432 264 3493 est
277 3429 381 3508 nude,
397 3432 473 3493 nata
490 3433 538 3494 est
547 3428 669 3512 pariter
681 3428 830 3512 disposita
882 3427 948 3491 imo
961 3427 1036 3492 dicit
1047 3425 1232 3510 proprium,
1247 3430 1279 3490 et
1291 3425 1336 3489 ite
1346 3424 1392 3490 od
1404 3425 1533 3509 utquid
1549 3426 1588 3491 de
1601 3445 1647 3492 so.

57 3554 151 3602 esse:
165 3535 192 3600 si
205 3553 284 3617 ergo
297 3535 396 3600 trium
410 3539 457 3599 est
473 3535 617 3619 potentie
634 3535 826 3617 generandi,
882 3532 922 3597 Et
932 3533 1045 3618 positio
1065 3534 1125 3599 ista
1146 3534 1215 3599 sine
1232 3532 1416 3617 prejudicio
1429 3533 1557 3599 videtur
1570 3552 1648 3619 pro·
1753 3601 1755 3603 ,

56 3641 614 3727 ntestpoteutiannda,similiteret
627 3642 830 3725 disposita,et
882 3642 1025 3708 habilior.
1052 3641 1133 3707 Nam
1153 3641 1293 3725 potentia
1312 3642 1489 3723 generandi
1507 3660 1574 3708 non
1597 3644 1649 3711 vi·

58 3752 107 3816 ita
121 3749 390 3834 quaelibetpossat
407 3766 572 3831 generare.
589 3748 746 3814 Praeteree
762 3767 829 3814 uon
882 3750 976 3827 detur
1001 3749 1105 3816 dioere
1129 3749 1192 3814 nisi
1216 3750 1452 3815 foecunditatem
1477 3750 1518 3815 ed
1541 3755 1649 3817 aetum

58 3858 214 3927 ridentur
229 3857 270 3941 (a)
288 3874 389 3922 sana:
410 3874 530 3939 ponere
548 3856 635 3921 enim
653 3857 829 3939 potentiam
882 3857 1112 3938 generationis,
1127 3859 1159 3922 et
1172 3857 1227 3921 illa
1239 3859 1286 3925 est
1298 3858 1467 3941 proprium
1481 3876 1647 3942 personae:

58 3965 184 4030 nudam
196 3981 270 4048 quae
281 3963 426 4030 similiter
434 3982 468 4028 se
478 3962 576 4043 habet
587 3962 627 4028 ad
640 3982 708 4028 esse
721 3967 753 4028 et
761 3982 829 4029 non
881 3964 967 4029 uude
981 3964 1127 4030 similiter
1146 3968 1178 4029 et
1192 3964 1343 4047 potentia.
1356 3963 1422 4030 Neo
1434 3970 1482 4031 est
1495 3967 1598 4032 simile
1609 3967 1650 4033 de

58 4090 149 4151 esse,
164 4075 308 4155 respeoln
328 4070 558 4154 generationis,
577 4088 675 4154 quam
697 4071 828 4137 omniuo
880 4087 972 4155 posse
985 4077 1017 4138 et
1030 4089 1113 4155 esse,
1126 4072 1189 4137 nisi
1201 4072 1386 4138 unomodo.
1399 4072 1466 4140 Hos
1478 4074 1565 4141 enim
1577 4094 1651 4143 ver·

57 4178 277 4245 necessarium
298 4182 345 4243 est
362 4196 444 4256 erae,
459 4196 527 4243 non
540 4178 667 4244 videtur
679 4198 755 4244 saue
768 4179 829 4245 dio-
881 4180 979 4262 bum,
994 4186 1059 4262 est,
1074 4181 1245 4264 aliquando
1258 4199 1316 4265 per
1327 4199 1361 4247 se
1373 4182 1575 4265 predicetur,
1590 4183 1650 4248 nli-

58 4292 134 4352 tnrn
148 4304 233 4365 esse,
251 4286 318 4352 sive
337 4285 477 4370 proprie.
882 4289 1010 4373 quaudo
1022 4293 1070 4354 est
1082 4288 1214 4355 tertium
1224 4289 1383 4372 edjaoem.
1398 4290 1532 4369 Quando
1545 4310 1603 4376 per
1615 4312 1649 4360 se

19 4428 34 4458 ο
101 4393 249 4460 Fuerunt
270 4393 368 4459 etiam
390 4393 444 4458 alii
467 4391 524 4476 qni
548 4393 700 4459 dixerunt
723 4395 826 4478 qnod,
881 4396 1015 4475 dicitnr,
1033 4401 1112 4461 tuno
1130 4396 1207 4462 dicit
1221 4400 1329 4462 aetum
1347 4398 1547 4479 absolutum,
1571 4401 1649 4486 quia

16 4507 19 4521 '
56 4521 137 4569 enm
150 4502 186 4566 in
198 4500 314 4567 divinis
326 4501 367 4565 sit
376 4500 461 4566 idem
473 4518 566 4585 posse
577 4505 609 4566 et
622 4519 707 4580 esse,
722 4505 754 4566 et
769 4520 829 4585 po-
882 4503 957 4569 dioit
968 4509 1077 4569 aetum
1091 4504 1172 4569 antis
1191 4504 1314 4570 ratione
1335 4506 1479 4572 essentie
1495 4529 1504 4573 ι
1521 4513 1553 4573 et
1570 4513 1648 4576 tuno

55 4611 161 4677 entia
175 4614 208 4674 et
219 4609 369 4688 essentia,
388 4608 474 4692 quod
487 4609 757 4692 quemadmodum
767 4629 829 4694 po-
881 4614 1022 4695 oportet¹
1035 4612 1120 4696 qnod
1129 4612 1253 4678 diaetam
1265 4612 1420 4695 absolute,
1433 4615 1648 4699 etquoddioet

55 4717 161 4784 tenfia
172 4721 205 4781 et
217 4715 353 4781 essentie
365 4715 475 4781 disum
487 4714 587 4798 quid,
602 4716 746 4782 similiter
761 4736 829 4784 esse
883 4718 977 4803 quid.
991 4718 1124 4797 Quando
1136 4737 1215 4787 vero
1228 4724 1276 4785 est
1287 4722 1420 4787 tertium
1433 4722 1594 4807 estjaoens,
1610 4730 1649 4791 ut

57 4830 90 4892 et
103 4843 207 4909 posse.
218 4823 258 4888 Et
267 4823 549 4907 quemadmodum,
561 4841 636 4890 aum
644 4825 714 4890 dioo
725 4843 830 4892 essen
883 4826 1012 4912 quanm
1023 4826 1149 4909 dicitur,
1166 4828 1286 4894 «Pater
1298 4833 1345 4895 est
1354 4834 1481 4913 palem
1496 4834 1574 4897 tuno
1585 4832 1648 4898 hoo

57 4935 140 4999 tiam
162 4932 284 5010 Patris,
304 4935 336 4996 et
350 4931 520 4997 essentiam
533 4931 625 5013 Filii,
646 4936 677 4996 et
693 4930 829 5015 Spiritus
882 4937 1031 5014 verbum,
1046 4941 1104 5017 eat,
1116 4935 1421 5004 dioithabitudinem
1433 4938 1594 5022 predicati
1606 4940 1648 5006 ad

58 5038 183 5120 sanan:
194 5038 263 5106 sive
283 5059 350 5107 essa
368 5037 511 5123 Patrem,
532 5040 600 5106 sive
617 5057 684 5105 esse
697 5038 827 5121 Filium,
882 5046 1073 5127 subjectum.
1086 5044 1288 5129 thuoniam
1299 5050 1401 5131 potest
1410 5046 1514 5114 dicare
1521 5048 1649 5115 habitu.

59 5150 130 5216 sive
141 5166 212 5213 esse
225 5148 380 5232 Spiritum
398 5152 559 5228 sanetum3
572 5166 638 5213 non
651 5148 720 5212 dieo
733 5149 830 5214 eliam
884 5153 990 5217 dinem
1003 5152 1044 5217 ed
1056 5153 1265 5236 predicatum
1280 5155 1459 5238 essentiale,
1474 5156 1523 5223 vel
1535 5172 1647 5242 perso-

60 5257 231 5324 essentiam
248 5274 310 5321 neo
325 5255 412 5321 alind
424 5273 509 5336 esse,
528 5255 584 5321 sed
598 5255 727 5321 alterim
742 5278 749 5321 :
765 5258 828 5340 ita,
883 5259 973 5340 nale3
992 5260 1063 5325 ideo
1083 5264 1185 5345 potest
1205 5259 1308 5328 dicere
1330 5281 1398 5329 esse
1416 5266 1600 5349 essentiale,
1617 5272 1649 5335 et

61 5364 192 5449 qnando
206 5363 278 5429 dieo
292 5362 464 5446 potentiam
482 5362 601 5442 Petris,
622 5363 690 5430 sive
704 5363 830 5431 Patrem
884 5368 1016 5436 modum
1031 5369 1154 5435 essenffi
1175 5369 1385 5454 personum.
1406 5372 1501 5441 Posse
1518 5380 1647 5457 autem,

97 5488 204 5554 ¹drist,
215 5487 249 5540 de
262 5489 406 5553 interpret„
417 5488 462 5541 lib.
478 5489 516 5554 ll,
528 5502 554 5539 e.
566 5499 586 5540 1.
918 5491 950 5559 (a)
964 5490 1035 5547 Edit.
1048 5493 1106 5548 Ven.
1115 5493 1225 5548 videtur.
1234 5495 1307 5563 -(6)
1319 5498 1412 5567 Supple
1425 5499 1528 5552 divinae.
