4100 6300
424 465 520 531 lllST.
543 465 637 532 aul.
659 462 775 529 aaut.
799 462 824 529 l.

27 598 122 682 quirit
142 599 280 663 formam
297 620 305 663 :
321 605 354 663 et
371 603 443 666 ideo
465 619 591 666 neccsse
610 605 658 665 est
675 616 794 683 ponere

27 706 172 771 habitum
183 705 421 773 intermontem.

64 812 95 872 8.
111 807 162 872 Ad
183 808 263 873 illud
280 812 365 892 quod
385 811 549 894 objicitur,
566 810 652 892 quod
670 810 795 876 vanitas

27 935 89 982 non
106 916 219 979 unitur
233 917 370 994 veritati,
393 919 564 984 dicendum
586 917 672 1000 quod
691 917 795 998 gratia

27 1029 126 1109 potest
140 1023 332 1090 considerari
343 1027 520 1090 secundum
530 1025 614 1108 qrrod
625 1044 665 1090 ex
679 1022 792 1100 nihilo,

27 1140 55 1198 et
65 1136 110 1200 sic
123 1142 171 1202 est
183 1127 320 1212 vanitas,
333 1138 365 1198 et
375 1134 422 1197 sic
434 1152 500 1199 non
512 1134 600 1212 unit;
616 1134 668 1198 vel
680 1150 793 1197 secun

27 1244 101 1309 dum
116 1245 204 1328 quod
221 1247 269 1309 est
281 1242 449 1307 influentia
462 1242 639 1308 secundum
651 1240 795 1306 divinam

26 1354 242 1435 praesentiam,
251 1356 283 1416 et
294 1352 340 1415 sic
351 1350 449 1414 habet
461 1350 602 1413 veritatis
612 1367 795 1431 expressam

27 1448 279 1536 similitudinem,
290 1461 323 1523 et
336 1458 390 1521 tali
405 1457 499 1522 modo
515 1456 597 1521 unit.

63 1571 94 1631 9.
111 1566 253 1632 Adillud
266 1564 353 1648 quod
366 1564 526 1647 objicitur,
549 1563 634 1646 quod
659 1563 796 1627 charitas

27 1674 97 1739 iacit
112 1674 249 1756 diligere
260 1672 362 1737 Deum
376 1674 590 1753 qnantumest
602 1670 793 1752 diligendus,

27 1786 96 1861 etc.;
111 1780 284 1846 dicendum
293 1780 378 1863 qnod
391 1779 452 1842 hoc
472 1781 573 1861 potest
585 1777 722 1859 intelligi
735 1777 796 1842 du·

27 1889 147 1971 pliciter
170 1907 180 1952 r
206 1887 258 1955 vel
281 1891 440 1970 quantum
459 1885 684 1951 [leusdeberet
703 1883 796 1966 diligi

27 1996 59 2060 in
75 2016 124 2076 se,
141 2001 174 2061 et
197 1996 243 2060 sic
261 1998 309 2062 est
327 1993 466 2071 falsum,
485 1993 561 2076 quia
581 2012 658 2057 cum
679 1993 721 2056 sit
738 1992 796 2057 bo·

27 2122 106 2168 num
123 2104 303 2184 inlinitum,
316 2103 443 2168 deberat
454 2101 489 2165 in
503 2101 669 2165 inlinitum
682 2100 772 2183 diligi
785 2149 794 2179 ,

28 2217 58 2275 et
71 2212 127 2275 tali
139 2212 236 2277 modo
253 2212 336 2276 lleus
350 2211 437 2276 solus
451 2211 592 2292 seipsum
605 2208 727 2291 diligit;
743 2208 796 2273 val

27 2320 58 2382 iu
78 2323 241 2401 quantum
256 2323 303 2383 est
325 2317 505 2400 diligendus
527 2317 568 2381 ab
592 2316 671 2393 hoc,
701 2320 733 2381 et
752 2316 797 2380 sic

27 2445 140 2492 verum
171 2432 235 2507 est,
261 2432 292 2492 et
317 2431 396 2491 tuno
421 2425 525 2507 diligit
550 2426 585 2489 in
612 2424 794 2501 infinitum,

27 2558 89 2604 non
116 2540 316 2628 simpliciter,
337 2538 392 2603 sed
412 2537 589 2602 secundum
609 2536 796 2602 aestimatio-

27 2667 100 2712 nam
132 2648 284 2712 habentis
315 2646 513 2711 charitatem.
541 2644 681 2710 Tantum
709 2645 796 2709 enim

28 2755 129 2837 diligit
169 2755 306 2820 chadtas
338 2754 439 2819 lleum
473 2752 646 2837 plusquam
673 2753 797 2817 bonum

30 2868 181 2942 creatum,
196 2863 284 2947 quod
302 2863 329 2926 si
347 2863 473 2926 bonum
492 2865 636 2926 creatum
658 2861 693 2924 iu
721 2860 798 2925 intl-

30 2971 132 3036 nitum
158 2971 424 3054 multiplicaretur
437 3017 446 3048 ,
459 3039 461 3044 ,
474 2969 579 3033 adhuc
595 2969 700 3049 magis
724 2968 797 3032 dili-

30 3085 118 3160 geret
132 3079 248 3145 Deum.
270 3078 362 3157 Quod
373 3081 482 3141 autem
502 3076 652 3160 objicitur
665 3077 701 3140 in
720 3095 797 3142 con-

30 3190 183 3269 trarium,
203 3187 444 3254 concedendum
467 3190 514 3249 est
531 3189 649 3267 praeter
664 3185 731 3250 duo
748 3185 798 3250 ul·

30 3295 107 3361 tima
142 3314 219 3380 quaa
246 3294 417 3361 ostendunt
445 3291 636 3374 Magistrum
663 3311 797 3358 errasse.

32 3400 119 3479 Quod
142 3409 253 3469 autem
280 3402 440 3485 objicitur,
466 3401 543 3482 quia
563 3399 675 3465 dividit
701 3418 801 3483 opera

31 3507 207 3590 Tn‘nitatis3
223 3509 394 3575 dicendum
410 3506 627 3591 quodfalsum
645 3511 708 3585 est,
721 3508 799 3590 quia

32 3619 115 3702 quod
128 3617 269 3702 Spiritus
281 3620 410 3682 sanctus
428 3617 468 3680 sit
479 3616 627 3692 charitas,
644 3635 709 3699 qua
727 3616 801 3681 dili-

33 3727 140 3807 gimus
151 3727 266 3807 Deum,
280 3729 336 3790 aut
347 3725 469 3790 dictum
480 3729 528 3789 est
538 3742 595 3806 per
608 3724 800 3807 appropria-

33 3836 161 3915 tionem,
190 3839 248 3899 aut
272 3852 329 3917 per
355 3833 525 3912 unionem,
554 3835 610 3896 aut
633 3836 717 3895 certe
744 3850 801 3914 per

34 3942 321 4027 examplaritatem‚
334 3944 365 4005 et
383 3941 428 4004 sic
444 3939 672 4021 intelliguntur
690 3958 801 4004 omnes

34 4051 243 4130 cruentatos,
257 4067 337 4133 quas
357 4047 508 4130 Magister
525 4047 653 4112 adducit
665 4065 723 4130 pro
741 4064 775 4111 se
792 4069 800 4111 ι

35 4157 206 4223 formaliter
219 4161 328 4223 summ
342 4156 513 4239 loquendo,
528 4173 593 4219 non
610 4153 802 4236 intelligun-

35 4270 86 4329 tur
102 4285 208 4347 verae,
223 4285 283 4331 nec
304 4265 397 4330 credo
411 4263 496 4348 quod
511 4262 662 4344 Magister
677 4263 802 4327 intelle-

36 4374 114 4437 xerit
127 4375 186 4455 sio,
197 4379 228 4438 et
240 4392 297 4457 per
306 4373 367 4438 hoc
380 4375 465 4456 patet
478 4370 568 4449 illud,
579 4370 665 4454 qnod
680 4369 803 4451 Magis-

37 4484 82 4544 ter
97 4500 168 4547 non
183 4481 258 4546 dicit
279 4479 366 4563 quod
388 4484 531 4543 creatum
545 4479 586 4542 sit
603 4477 802 4557 increatum,

37 4589 89 4653 sed
111 4589 198 4673 quod
224 4588 361 4654 sufficiat
389 4586 511 4651 donum
535 4586 712 4649 increatum
735 4586 805 4649 sine

39 4701 160 4763 meato:
175 4703 206 4763 ct
215 4697 250 4762 in
259 4697 322 4762 hoc
333 4712 400 4761 non
413 4693 473 4758 luit
486 4710 586 4772 error,
597 4692 653 4758 sed
663 4692 806 4758 deiectus

38 4806 173 4873 cnam.

287 4932 490 5013 onasum
510 4931 552 4995 ιι.

121 5082 168 5137 Aa
183 5082 301 5138 Maritus
314 5097 347 5139 cc
360 5081 494 5136 clontate
507 5079 544 5135 ait
557 5076 687 5132 amabilis
700 5076 720 5131 ¹.

27 5300 32 5311 ,
81 5229 192 5297 Utrum
208 5233 346 5298 charitas
359 5230 399 5295 sit
416 5227 561 5295 amabilis
577 5245 618 5292 ex
634 5226 804 5305 charitate3

45 5343 75 5401 et
85 5342 169 5422 quod
183 5341 237 5421 sic,
251 5340 429 5405 ostenditur
442 5338 505 5402 hoc
524 5335 630 5400 modo.
650 5334 807 5416 Augusti-

79 5465 135 5529 ·Ct’.
148 5466 219 5517 uox.
232 5465 341 5532 Mensa,
353 5464 382 5515 ln
396 5463 542 5517 Continuat.
556 5475 582 5526 p.
597 5462 648 5525 lll,
663 5459 713 5510 col.
725 5471 807 5526 narrt,

846 463 936 528 ART.
960 463 984 529 l.
1007 464 1157 543 QUAEST.
1177 464 1215 528 ll.
1560 477 1620 537 285

849 600 966 680 nus,in
977 605 1090 665 octavo
1102 599 1141 665 dc
1159 599 1358 667 trinitat&
1372 624 1388 661 a
1400 601 1501 669 Nemo
1511 607 1595 670 dicat
1610 631 1617 671 :

851 703 922 770 Non
942 706 1017 771 novi
1038 706 1117 789 quid
1129 706 1261 788 diligam
1278 730 1286 771 :
1302 707 1415 790 diligat
1427 711 1573 794 fratrem,
1590 718 1622 778 et

850 811 956 893 diligit
979 813 1082 896 ipsam
1105 812 1316 879 dilectionem.
1341 836 1356 874 o
1388 815 1474 899 Ergo
1494 820 1621 888 dilectio

850 921 898 981 est
909 917 1071 1001 diligenda
1085 938 1094 984 ε
1108 938 1198 1001 ergo,
1211 925 1270 985 etc.

891 1025 971 1091 ltam
984 1028 1046 1093 hoc
1055 1029 1162 1111 ipsum
1175 1028 1303 1092 videtur
1315 1031 1456 1112 ratione;
1467 1034 1544 1116 quia
1555 1054 1620 1100 non

850 1139 898 1197 est
908 1134 1045 1216 perlecta
1058 1136 1217 1216 cognitio,
1231 1135 1293 1199 nisi
1304 1137 1357 1201 illa
1370 1156 1435 1221 qna
1448 1141 1520 1223 quis
1531 1144 1622 1207 novit

850 1258 884 1303 sa
898 1259 1008 1320 nosse,
1030 1242 1098 1307 sive
1116 1243 1207 1308 novit
1227 1242 1330 1326 ipsam
1350 1245 1520 1310 notitiam:
1543 1267 1622 1331 ergo

851 1366 909 1412 nec
920 1350 1078 1431 perlectus
1095 1368 1205 1429 amor,
1221 1351 1283 1414 nisi
1298 1351 1351 1415 ille
1364 1371 1430 1435 quo
1451 1355 1525 1437 quis
1536 1361 1624 1421 amat

850 1473 885 1519 se
906 1474 1034 1537 amare,
1055 1457 1123 1522 sive
1144 1474 1317 1522 amoram:
1342 1460 1397 1524 sed
1418 1460 1555 1526 charitas
1577 1467 1624 1528 est

850 1564 1007 1646 perfectus
1020 1584 1111 1631 amor
1127 1588 1135 1629 ι
1151 1583 1241 1647 ergo,
1255 1570 1314 1630 etc.

891 1668 970 1735 ltem
985 1672 1101 1756 aliquis
1114 1672 1221 1754 diligit
1242 1673 1450 1756 proximum,
1470 1680 1501 1741 et
1519 1685 1620 1761 recte,

851 1779 928 1861 quia
953 1780 1039 1845 videt
1066 1798 1144 1845 eum
1170 1781 1289 1846 hahere
1317 1783 1520 1865 charitatem3
1547 1790 1623 1854 scd⁸

851 1891 981 1968 pmpter
999 1889 1087 1970 quod
1109 1890 1364 1973 unumquodque
1385 1893 1467 1971 tale,
1489 1899 1521 1959 ct
1543 1896 1622 1963 illud

850 1990 956 2071 magis
973 2013 981 2055 :
1002 2008 1082 2073 ergo
1098 1993 1202 2074 magis
1220 1993 1313 2058 debet
1332 1994 1465 2077 diligere
1483 1998 1622 2065 charita-

851 2099 928 2174 tem,
943 2097 1011 2164 sive
1022 2097 1233 2164 dilectionem.

891 2208 1006 2274 Contra
1021 2231 1030 2274 t
1050 2214 1080 2273 l.
1096 2209 1316 2291 Augustinus,
1336 2212 1370 2276 in
1386 2212 1470 2279 libro
1488 2214 1527 2282 dc
1540 2216 1622 2284 Doc—
1661 2253 1744 2311 pig„

851 2318 941 2382 trina
950 2316 1140 2384 Christiano
1151 2323 1174 2397 ⁸,
1184 2317 1260 2382 dicit
1269 2323 1396 2384 tantum
1406 2327 1544 2405 quatuor
1553 2343 1621 2390 esse
1635 2328 1683 2373 ¹³⁰⁸·

850 2422 1012 2504 diligenda
1025 2443 1066 2488 ex
1078 2424 1247 2504 charitate,
1267 2426 1384 2491 scilicet
1397 2427 1517 2510 Danu,
1537 2433 1622 2516 seip-

850 2551 933 2612 sum,
951 2533 1148 2616 proximum,
1163 2537 1195 2597 et
1208 2552 1326 2628 corpus
1336 2538 1487 2617 proximi,
1503 2543 1534 2604 et
1547 2560 1622 2607 cor-

851 2659 911 2722 pus
923 2641 1111 2724 proprium:
1126 2641 1181 2705 sed
1193 2642 1330 2707 charitas
1341 2644 1409 2709 sive
1421 2646 1546 2712 dilectio
1555 2668 1621 2714 non

851 2752 899 2813 est
910 2747 1039 2831 aliquod
1052 2749 1195 2815 horum:
1215 2769 1294 2833 ergo
1312 2770 1377 2817 non
1396 2758 1443 2818 est
1459 2753 1622 2837 diligenda

851 2872 891 2918 ex
905 2854 1067 2920 charitate.
1079 2854 1158 2920 llam
1169 2857 1287 2941 duplex
1299 2862 1346 2922 est
1356 2859 1492 2942 dilectio,
1504 2862 1622 2928 scilicet

851 2963 1128 3046 concupiscentia,
1138 2970 1169 3030 et
1181 2967 1346 3031 amicitiae:
1355 2969 1382 3032 si
1396 2987 1475 3051 ergo
1484 2970 1622 3035 charitas

851 3071 920 3136 sive
947 3072 1072 3137 dilectio
1093 3073 1254 3156 diligitur,
1278 3078 1335 3140 aut
1357 3095 1436 3160 ergo
1456 3077 1622 3144 dilectione

852 3181 1135 3264 concupiscentias,
1155 3186 1212 3247 aut
1230 3184 1378 3249 amicitiae
1395 3207 1403 3249 ε
1423 3204 1490 3250 ιιοιι
1512 3187 1623 3251 amici-

852 3289 917 3366 aa,
930 3294 1063 3371 constat,
1079 3291 1158 3373 quia
1175 3293 1314 3358 amicitia
1328 3297 1375 3357 est
1392 3293 1475 3359 inter
1491 3294 1622 3374 similes,

852 3403 884 3461 et
896 3416 988 3464 amor
1000 3418 1067 3483 quo
1082 3400 1198 3483 aliquis
1211 3405 1300 3484 optat
1311 3402 1364 3465 alii
1381 3403 1504 3469 bonum
1522 3427 1529 3469 :
1548 3405 1625 3471 cha·

852 3505 939 3570 ritati
949 3511 1058 3572 autem
1071 3526 1167 3573 nemo
1181 3514 1269 3593 optat
1281 3511 1414 3575 bonum.

893 3617 924 3677 t.
941 3613 1020 3679 ltem
1040 3634 1099 3680 nec
1112 3618 1394 3699 concupiscentia,
1415 3618 1493 3701 quia
1505 3638 1626 3686 concu-

854 3722 1009 3803 piscentia
1023 3728 1071 3788 est
1083 3725 1130 3789 rei
1145 3744 1212 3790 non
1224 3726 1342 3790 habltae
1360 3749 1367 3791 :
1383 3745 1477 3809 ergo,
1493 3746 1567 3793 cum
1585 3747 1627 3793 ex

854 3829 1006 3897 charitate
1028 3850 1124 3898 nemo
1147 3832 1259 3915 diligat
1272 3834 1335 3897 nisi
1354 3834 1476 3898 habens
1489 3837 1628 3901 charita·

854 3941 931 4016 tem,
947 3957 1027 4021 ergo
1038 3958 1080 4004 cx
1094 3940 1247 4006 charitate
1264 3958 1330 4006 non
1350 3946 1452 4024 potest
1463 3944 1536 4026 quis
1549 3962 1627 4010 oon·

855 4045 1017 4128 cupiscere
1032 4047 1229 4113 charitatem.

896 4151 930 4218 Si
948 4157 985 4218 tu
998 4153 1086 4219 dicas
1107 4156 1193 4238 quod
1206 4157 1399 4240 concupiscit
1413 4163 1626 4241 augmentum

856 4260 1038 4342 charitatis,
1065 4262 1126 4326 hoc
1150 4281 1217 4328 non
1238 4264 1353 4344 solvit,
1375 4266 1452 4348 quia
1475 4284 1538 4348 ego
1560 4284 1627 4330 non

856 4387 969 4453 quaro
978 4369 1042 4434 nisi
1051 4374 1163 4435 utrum
1173 4372 1312 4438 charitas
1320 4374 1440 4455 habita,
1450 4374 1627 4439 secundum

856 4476 942 4559 quod
955 4476 1066 4541 hahita
1078 4481 1136 4558 est,
1150 4480 1247 4561 possit
1260 4481 1372 4545 amari.

897 4583 928 4646 3.
943 4582 1035 4661 ltem,
1050 4584 1133 4649 sicut
1145 4603 1179 4650 se
1192 4586 1288 4652 habet
1300 4588 1378 4652 fides
1390 4586 1431 4651 ad
1443 4587 1582 4667 credere,
1596 4589 1628 4652 et

858 4707 929 4772 spes
942 4690 982 4754 ad
996 4694 1104 4756 actum
1118 4693 1277 4776 sperandi,
1289 4693 1333 4758 ita
1342 4694 1466 4758 dilectio
1477 4695 1546 4758 sive
1555 4693 1628 4758 cha-

858 4796 935 4861 ritas
947 4796 986 4861 ad
1003 4801 1111 4862 actum
1125 4798 1278 4881 diligendi
1293 4822 1301 4864 ε
1316 4801 1371 4865 sed
1385 4801 1495 4866 nulus
1507 4800 1629 4866 habens

859 4959 949 5020 art.'l;
973 4957 1001 5007 S.
1014 4956 1118 5020 Thom,
1138 4958 1215 5022 ll-ll,
1235 4973 1260 5023 q.
1273 4971 1340 5023 xxa,
1361 4964 1409 5010 art.
1429 4963 1459 5024 2;
1481 4961 1627 5022 eliserit,

859 5030 992 5091 dist.xv11,
1006 5042 1033 5092 q.
1043 5040 1063 5090 1,
1075 5032 1123 5079 art.
1134 5032 1165 5093 53
1180 5031 1264 5093 AEgid.
1276 5032 1362 5095 Rom,
1378 5033 1386 5081 l
1401 5033 1481 5091 sent,
1493 5032 1552 5084 diat.
1563 5043 1628 5097 xvu,
1717 5025 1719 5029 ’

859 5099 969 5163 princip.
984 5111 1027 5162 ιιι,
1042 5113 1068 5163 q.
1082 5110 1106 5162 r;
1123 5099 1253 5164 Richard,
1268 5102 1277 5151 l
1292 5102 1372 5166 Scit,
1394 5103 1453 5154 dist.
1465 5114 1536 5166 ιιιιι,
1551 5117 1576 5167 q.
1592 5114 1627 5167 1¹3

859 5172 949 5222 Thom.
962 5172 1035 5235 Arg,
1049 5171 1058 5218 l
1074 5170 1154 5231 Sept,
1168 5172 1225 5222 dist.
1235 5184 1299 5237 xvu,
1314 5189 1339 5239 q.
1350 5187 1369 5238 r,
1385 5179 1431 5224 art.
1446 5179 1474 5238 13
1490 5175 1554 5224 Gan.
1566 5173 1627 5234 Bial,

860 5245 869 5293 l
882 5243 961 5305 aaut,
976 5243 1036 5293 dist.
1046 5254 1115 5307 xvii,
1129 5257 1155 5308 q.
1166 5256 1196 5294 ιι.
1205 5270 1237 5285 -·
1250 5246 1346 5312 ‘Aug.,
1359 5246 1390 5296 de
1403 5248 1483 5310 Tria„
1498 5246 1542 5297 lib.
1554 5246 1629 5311 Vlll,

861 5330 884 5365 c.
894 5326 960 5379 ιιιιι,
973 5328 1001 5365 ιι.
1013 5317 1052 5365 12.
1064 5342 1091 5351 -
1106 5315 1213 5381 taust,
1226 5319 1367 5384 Metuptya.
1380 5319 1425 5370 lib.
1437 5321 1457 5371 ll
1465 5356 1474 5383 ,
1488 5321 1552 5369 text.
1561 5320 1590 5382 l,
1604 5324 1631 5368 et

862 5387 956 5437 Postcr.
966 5386 1030 5437 lib.l
1038 5423 1047 5449 ‚
1061 5401 1085 5437 c.
1095 5399 1124 5451 11,
1135 5393 1204 5440 cont.
1216 5390 1241 5440 5.
1250 5391 1387 5456 -tAug,
1400 5390 1430 5441 de
1440 5391 1512 5442 Dect.
1522 5390 1629 5452 Christ,

861 5458 906 5509 lib.
922 5460 947 5524 l,
966 5470 1086 5525 canu,
1100 5463 1179 5512 nti.
