4100 6300
330 512 367 565 vr
1047 486 1148 563 stari
1170 496 1197 563 1

331 642 520 708 senatorum
533 633 672 703 Petrum
684 631 836 719 lectione,
848 623 1088 704 etecholesticae
1100 628 1291 725 Theologiae
1303 637 1543 728 pernecessaria
1551 630 1725 730 disciplina
1736 634 1929 708 Alexandro

331 772 372 842 da
387 770 467 842 Ales
481 759 655 860 magistro,
669 764 793 856 insigni
806 766 899 836 illius
912 764 1017 837 aetatls
1034 766 1222 859 Theologo,
1245 764 1495 860 diligentissime
1509 776 1713 860 versaretur,
1734 764 1826 842 brevi
1844 779 1930 841 tem·

331 907 421 1002 puris
434 904 554 999 spatio,
568 900 758 973 excelientis
771 900 896 991 ingenii
909 900 1072 990 bonitate,
1087 903 1219 973 assiduo
1232 904 1361 994 labore,
1376 913 1425 994 et,
1440 898 1530 1000 quod
1542 915 1640 1001 caput
1651 914 1716 993 est,
1732 909 1837 998 gratia
1852 900 1928 998 Spi-
2046 882 2047 947 i

331 1041 416 1112 ritus
428 1039 562 1127 Sancti,
583 1037 644 1131 qui
656 1056 714 1106 vas
726 1048 866 1105 aureum
884 1032 920 1104 in
932 1036 1093 1106 hunorem
1107 1039 1247 1110 electum
1260 1042 1353 1110 omni
1374 1062 1414 1111 ex
1428 1049 1520 1133 parte
1534 1034 1714 1129 formabat,
1729 1046 1837 1110 tantos
1851 1056 1930 1134 pro-

331 1188 462 1266 gressas
482 1171 579 1260 feeit,
602 1179 634 1241 et
652 1170 693 1239 ad
710 1176 836 1239 tentam
854 1169 1011 1240 doctrinae
1029 1173 1260 1264 perfectionem
1279 1177 1448 1270 parvenit,
1475 1185 1514 1245 ut
1536 1176 1700 1261 Ductoris,
1725 1183 1758 1245 et
1778 1175 1929 1265 Magistri

330 1309 518 1401 insignibus
530 1302 567 1376 in
579 1304 792 1376 ereberrime
805 1304 982 1376 Parisiensi
995 1307 1176 1399 Gymnasio
1191 1309 1330 1378 solemni
1343 1330 1437 1378 more
1450 1307 1632 1395 decoratus,
1648 1322 1773 1376 sacram
1787 1294 1930 1375 Theola-

330 1446 420 1537 giam
432 1443 555 1513 ibidem
568 1440 699 1534 publica
716 1440 881 1531 professus
892 1441 946 1509 sit.
965 1442 1105 1509 Tantam
1121 1458 1197 1510 vero
1217 1442 1349 1512 laudem
1364 1442 1400 1510 in
1414 1441 1652 1534 interpretandi
1667 1458 1825 1528 munere,
1846 1438 1929 1509 etin

331 1580 494 1650 universe
506 1573 695 1664 Theologias
708 1570 842 1643 seientia
855 1582 903 1643 est
916 1583 1127 1660 consecutus,
1145 1583 1184 1645 ut
1196 1576 1261 1646 viri
1275 1575 1454 1645 doctissimi
1467 1575 1539 1668 ejus
1551 1565 1752 1663 doctrinam,
1771 1584 1803 1645 et
1817 1574 1930 1646 erudi-

330 1713 455 1783 tionem
477 1710 731 1781 admirarentur.
760 1708 803 1777 Et
824 1709 959 1801 quidem
986 1709 1186 1803 multiplices
1207 1709 1311 1779 sancti
1328 1710 1394 1780 uiri
1421 1710 1685 1800 lucubrationes,
1714 1714 1747 1781 et
1772 1711 1931 1804 preclara

330 1850 468 1942 scripta,
492 1858 568 1940 que
582 1843 690 1913 adbuc
707 1862 827 1933 magna
843 1842 994 1913 Ecclesiae
1015 1844 1180 1934 utilitate,
1205 1853 1237 1915 et
1255 1864 1323 1915 uon
1339 1846 1494 1916 mediocri
1518 1847 1579 1917 Dei
1597 1846 1756 1917 beneficio
1777 1852 1927 1933 exstant,

331 1996 473 2079 queque
485 1990 519 2051 et
527 1988 659 2066 nostrae,
671 1985 704 2048 et
713 1976 922 2071 superiorum
933 1985 1069 2048 aetatum
1079 1979 1144 2048 viri
1156 1979 1277 2048 eruditi
1293 1980 1399 2049 multo
1410 1979 1608 2050 cumiructu
1620 1996 1748 2074 semper
1761 1982 1927 2071 legerunt,

331 2127 363 2189 et
376 2130 573 2208 magnopere
584 2112 861 2205 comprobarunt,
877 2118 1022 2204 quantus
1035 2112 1093 2182 ille
1106 2112 1142 2181 in
1156 2113 1336 2204 Theologie
1349 2114 1471 2203 fuerit,
1489 2115 1567 2185 satis
1580 2115 1757 2185 declarant.
1778 2112 1825 2183 Ea
1839 2114 1930 2183 enim

330 2251 437 2322 divini
449 2248 576 2341 ingenii
587 2247 640 2318 sui
653 2246 855 2317 monimenta
867 2246 1006 2338 posteris
1020 2246 1177 2338 reliquit,
1193 2248 1316 2341 quibus
1329 2247 1557 2341 perdifficiles,
1576 2256 1608 2318 et
1622 2250 1735 2319 multis
1749 2250 1929 2319 obscurita-

330 2387 420 2456 tibus
432 2385 592 2456 involuta
606 2382 802 2475 questiones
817 2396 937 2471 magna
950 2382 1152 2472 optimorum
1166 2388 1439 2471 argumentorum
1453 2383 1559 2476 eopia,
1574 2382 1641 2470 via,
1657 2390 1690 2451 et
1703 2383 1830 2469 ordine,
1848 2406 1930 2453 enu-

330 2520 448 2605 cleate,
467 2538 505 2588 ao
516 2515 660 2587 dilucide
676 2515 897 2607 explicantur,
913 2514 993 2585 fidei
1006 2515 1173 2584 catholice
1187 2515 1308 2584 veritas
1321 2515 1526 2603 illustratur,
1541 2517 1716 2609 perniciosi
1730 2540 1878 2606 errores,
1897 2527 1929 2588 et

330 2656 476 2749 proianae
491 2653 629 2723 haereses
641 2650 874 2743 profligantur,
890 2657 922 2719 et
935 2651 998 2742 pie
1012 2650 1165 2720 fidelium
1177 2658 1302 2720 mentes
1314 2650 1356 2719 ad
1372 2651 1431 2720 Dei
1444 2675 1604 2739 amorem,
1621 2660 1653 2721 et
1665 2653 1804 2723 calatis
1814 2655 1930 2747 patriae

331 2789 530 2860 desiderium
544 2786 780 2857 admirabiliter
796 2785 1060 2854 inflammantur.
1084 2785 1163 2855 Fuit
1176 2785 1265 2855 enim
1287 2786 1324 2855 in
1345 2786 1381 2856 S.
1398 2787 1633 2856 Bonaventura
1655 2787 1689 2855 id
1703 2788 1928 2880 praeeipuum,

332 2931 365 2994 et
373 2923 553 3014 singulare,
564 2927 603 2991 ut
613 2936 682 2990 non
690 2921 799 2990 solum
811 2919 1066 3010 argumentandi
1078 2920 1271 3007 subtilitate,
1282 2916 1420 2989 docendi
1432 2920 1598 3010 facilitate,
1611 2921 1792 2991 definiendi
1800 2922 1932 2992 solertia

331 3064 511 3151 praestaret,
526 3055 583 3125 sed
595 3054 709 3124 divina
719 3054 862 3150 quadam
876 3054 1004 3125 animos
1017 3053 1232 3147 permovendi
1245 3052 1280 3123 vi
1297 3055 1491 3124 excelleret:
1508 3055 1553 3124 sic
1565 3055 1654 3124 enim
1670 3055 1841 3125 scribendo
1854 3074 1930 3126 eum
1954 3144 1959 3156 Ι

331 3209 462 3263 summa
471 3190 656 3261 eruditione
670 3207 782 3282 parem
795 3190 924 3283 pietatis
935 3190 1087 3260 ardorem
1099 3188 1289 3281 conjungit,
1305 3197 1344 3257 nt
1356 3189 1511 3259 lectorem
1526 3189 1672 3260 docendo
1686 3199 1832 3278 moveat,
1849 3191 1929 3261 etin

331 3327 466 3397 intimos
475 3325 579 3395 animi
588 3343 732 3394 recessus
741 3325 912 3414 illabatur,
924 3325 1115 3418 aedenique
1125 3323 1301 3418 seraphicis
1310 3324 1509 3416 quibusdam
1519 3324 1641 3393 aculeis
1650 3332 1927 3418 corcompungat,

331 3470 364 3532 et
377 3463 464 3532 mira
476 3461 659 3532 devotionis
676 3461 849 3531 dulcedine
863 3461 1040 3554 perfundat
1052 3488 1061 3548 ;
1077 3477 1179 3552 quam
1193 3477 1270 3527 sane
1283 3460 1427 3548 gratiam
1446 3457 1482 3526 in
1496 3457 1568 3549 ejus
1582 3481 1657 3542 ore,
1674 3465 1706 3527 et
1719 3458 1846 3528 calamo
1868 3458 1930 3527 dii-

331 3597 440 3667 iusam
452 3596 618 3667 admirans
636 3595 849 3687 predecessor
861 3602 971 3664 noster
984 3594 1099 3663 Sixtus
1111 3594 1159 3664 lV
1178 3593 1331 3661 Pontifex
1344 3592 1431 3661 illud
1445 3591 1552 3662 dicere
1572 3615 1640 3663 non
1654 3593 1840 3682 dubitarit,
1857 3594 1929 3686 Spi-

332 3732 435 3801 ritum
449 3731 607 3800 Sanctum
625 3730 660 3797 in
674 3750 713 3797 eo
725 3730 870 3798 locatum
882 3729 999 3800 videri.
1022 3729 1106 3798 Cum
1120 3727 1223 3818 igitur
1236 3747 1330 3795 servu
1344 3725 1436 3796 fideli
1455 3735 1522 3796 tam
1537 3729 1662 3817 multa,
1685 3736 1720 3798 et
1737 3730 1894 3822 preclara
1910 3752 1929 3798 a

198 3927 201 3932 .
332 3865 474 3935 Domina
486 3865 610 3934 talenta
622 3869 729 3932 essent
741 3862 881 3949 credita,
900 3871 939 3933 nt
950 3865 1017 3932 illis
1030 3863 1072 3932 ad
1086 3862 1227 3931 fratrum
1240 3860 1417 3930 utilitatem
1430 3863 1638 3949 exercendis,
1652 3871 1686 3932 et
1699 3862 1926 3953 negotiandis,

333 3999 472 4072 coelestis
483 3998 598 4089 gratie
615 3997 784 4067 thesauros
800 3998 1037 4091 amplificaret,
1055 3998 1170 4067 divino
1183 3995 1321 4065 consilio
1339 4001 1372 4064 et
1389 4013 1521 4065 summo
1534 3996 1635 4065 totius
1648 3998 1700 4066 sui
1713 3997 1840 4067 ordinis
1853 4013 1927 4067 con·

333 4155 450 4223 sensu,
466 4134 581 4204 Rome
603 4131 752 4202 Minister
765 4134 927 4223 generdis
944 4133 1103 4226 septimus
1120 4139 1193 4225 post
1209 4131 1342 4200 beatum
1360 4129 1571 4199 Franciscum
1588 4140 1639 4200 est
1656 4132 1781 4202 factus:
1804 4151 1872 4225 quo
1893 4131 1927 4199 in

334 4271 435 4342 offitii
451 4287 589 4339 munere
607 4287 676 4338 non
688 4269 796 4338 solum
810 4268 1041 4362 prudentiam,
1056 4267 1279 4356 vigilantiam,
1294 4264 1553 4334 sollicitudinem
1569 4264 1742 4356 prestitit,
1763 4265 1820 4334 sed
1838 4272 1927 4334 tana

333 4405 486 4475 fraterne
498 4399 664 4474 eharitatis
676 4403 792 4473 ardore
806 4403 945 4490 exarsit,
969 4411 1125 4494 tantaque
1138 4399 1323 4468 christianae
1345 4397 1542 4467 humilitatis
1554 4398 1751 4467 demissione
1772 4399 1927 4467 fratribus

335 4538 524 4627 inservivit,
543 4538 681 4608 utinen
693 4537 779 4607 illud
792 4537 970 4608 Salvatoris
984 4542 1234 4628 agnosceretur:
1254 4532 1322 4616 Qrci
1335 4531 1559 4622 majorescere
1571 4532 1672 4615 uobis,
1690 4535 1854 4601 situentur
1866 4532 1927 4600 mi·

335 4675 449 4746 nister.
468 4672 560 4756 Quin
571 4680 606 4741 et
624 4671 687 4764 pire
699 4672 865 4743 memoriae
878 4671 1092 4765 predecessor
1105 4677 1215 4739 noster
1227 4667 1381 4737 Clemens
1397 4667 1489 4759 Papa
1505 4667 1565 4753 IV,
1581 4667 1641 4759 qui
1654 4675 1804 4735 sanctum
1819 4667 1926 4735 virum

335 4809 432 4879 valde
445 4806 581 4895 dilexit,
605 4813 639 4875 et
655 4804 727 4898 ejus
745 4804 960 4875 doctrinabat
980 4804 1120 4874 mirifice
1135 4801 1330 4890 delectatus,
1346 4809 1386 4870 ut
1398 4809 1467 4870 tam
1481 4797 1644 4870 excellens
1657 4802 1781 4890 virtus,
1803 4811 1838 4870 et
1851 4815 1926 4894 pru-

336 4943 447 5013 dentia
469 4942 511 5011 ad
532 4937 716 5010 multorum
737 4940 915 5010 utilitatem
940 4937 1051 5009 latiori
1076 4939 1114 5007 in
1128 4959 1246 5030 eampo
1268 4942 1478 5022 excurreret,
1502 4934 1667 5025 insignem
1694 4933 1925 5005 Ebomcensem

335 5076 648 5169 archiepiscopatum
661 5074 692 5144 ei
712 5073 846 5144 obtulit.
869 5074 930 5142 Ille
943 5091 1021 5145 vero
1036 5096 1113 5142 cum
1125 5095 1159 5141 se
1180 5093 1200 5139 a
1219 5068 1395 5162 seraphice
1407 5045 1609 5162 paupertatis
1622 5064 1796 5162 complexu
1812 5065 1925 5139 divelli

336 5232 405 5283 nou
417 5208 512 5280 iacile
531 5215 710 5301 pacorum,
724 5208 870 5277 oblatam
879 5207 1077 5297 dignitatem
1091 5207 1255 5293 modeste,
1273 5210 1372 5295 atque
1386 5203 1557 5272 humiliter
1576 5204 1749 5274 recasavit
1775 5204 1924 5274 Ceterum

336 5367 414 5417 eum
426 5341 650 5435 GregoriusX
661 5361 813 5413 summus
825 5341 980 5413 Pontifex
990 5344 1036 5414 ob
1046 5341 1259 5434 gravissimas
1269 5336 1459 5406 christiane
1470 5336 1675 5428 Reipublice
1687 5351 1801 5408 causas
1811 5335 1924 5408 Conci·

336 5480 423 5553 lium
433 5476 587 5572 generale
603 5476 825 5568 nogdantium
834 5476 1020 5570 indixisset,
1034 5481 1189 5573 viresque
1201 5471 1553 5561 materiamina,
1566 5474 1727 5567 menda
1739 5481 1923 5569 prestantes
