4100 6300
323 473 383 532 180
886 463 1199 531 annnNnAnuu
1220 463 1295 530 LlB.
1318 466 1343 529 1.

322 602 478 667 duratio:
500 600 555 665 sed
578 599 678 665 Filius
699 599 796 664 habet
823 599 1017 684 principium
1040 619 1091 665 es·
1144 601 1229 664 tione
1243 602 1347 682 prima
1361 606 1531 680 creaturae,
1546 599 1904 683 quodproduectexni·

322 710 412 775 sandi
429 731 437 773 ι
454 727 533 791 crgo
559 708 654 772 habet
672 707 866 790 principium
888 707 1088 772 durationis:
1143 707 1210 771 hilo
1223 724 1232 770 ι
1246 710 1278 770 et
1290 724 1385 771 omne
1397 706 1442 770 sic
1453 705 1646 790 productum
1658 707 1759 771 habet
1771 712 1905 788 esseposl
2019 738 2020 763 r

322 819 377 884 aed
393 818 479 901 quod
498 817 596 882 habet
613 816 808 900 principium
821 816 963 894 essendi,
979 817 1091 901 incipit
1143 834 1210 880 non
1221 833 1300 892 esse,
1315 815 1404 878 etita
1418 813 1559 878 initium.
1575 811 1715 877 Persona
1728 817 1838 877 autem
1850 832 1905 877 non

322 942 519 1006 essezergo,
536 927 595 988 etc.
1144 922 1184 987 de
1194 922 1295 987 nihilo
1308 920 1454 1005 producit
1465 938 1647 1003 personam,
1661 923 1694 984 et
1707 919 1781 984 ideo
1793 919 1907 983 nonde

361 1039 392 1098 l.
407 1032 487 1098 Item
500 1031 593 1097 Pater
606 1035 692 1096 caret
704 1031 873 1116 principio,
889 1037 920 1097 et
930 1037 1015 1097 caret
1028 1032 1090 1096 ini·
1145 1031 1188 1095 cit
1205 1031 1244 1095 de
1264 1049 1329 1095 non
1348 1033 1421 1095 ente
1442 1047 1520 1106 ens3
1543 1032 1575 1093 et
1593 1028 1664 1093 ideo
1685 1027 1815 1092 nullum
1829 1028 1907 1109 ponit

320 1142 366 1206 tio
380 1158 488 1222 :crgo
501 1158 566 1222 qua
574 1140 696 1205 ratione
707 1140 923 1204 communicat
933 1138 1014 1206 Filio
1023 1158 1091 1204 non
1144 1137 1275 1202 initium
1286 1138 1359 1202 talis
1370 1137 1547 1220 productio.

320 1247 437 1311 haltere
456 1247 608 1326 initium,
627 1246 739 1311 eadem
762 1246 887 1311 ratione
907 1247 1091 1312 communi·
1186 1251 1216 1309 3.
1231 1245 1280 1310 Ad
1290 1245 1369 1310 illud
1380 1245 1465 1328 quod
1474 1244 1637 1327 objicitur,
1651 1243 1738 1326 quod
1752 1242 1909 1308 Filiusha

320 1358 371 1419 cat
391 1354 421 1419 ci
445 1373 512 1419 non
533 1353 653 1419 habere
676 1353 889 1437 principium
909 1357 966 1418 aut
984 1355 1011 1417 si
1024 1372 1092 1417 non
1145 1352 1249 1437 betta)
1261 1352 1458 1435 principium
1469 1351 1610 1432 essendi,
1623 1350 1796 1416 dicendum
1808 1357 1820 1392 ¹
1834 1351 1908 1433 quod

320 1461 462 1539 bonnac
474 1461 564 1526 illud.
1145 1460 1338 1544 principium
1351 1459 1609 1541 diciturduplex,
1620 1457 1739 1522 scilicet
1748 1458 1909 1539 originale,

1146 1571 1178 1631 et
1198 1567 1330 1631 initiale.
1352 1565 1536 1631 Secundum
1550 1565 1635 1648 quod
1655 1564 1850 1648 principium
1866 1565 1911 1629 di·
2019 1586 2020 1631 l

594 1634 819 1701 CONOE'USIO‘
1147 1675 1230 1738 citur
1248 1673 1459 1755 originaliter,
1481 1673 1527 1735 sic
1543 1671 1661 1749 Filius,
1680 1677 1748 1736 tam
1761 1678 1911 1755 quantum

244 1796 248 1803 ·
321 1768 462 1843 (lennatio
481 1787 514 1839 in
533 1783 636 1840 &vina
657 1788 695 1840 est
715 1786 817 1839 atauo
829 1785 943 1855 propter
959 1798 1092 1839 summam
1146 1781 1187 1845 ed
1198 1799 1276 1861 esse,
1292 1798 1391 1863 quam
1404 1784 1563 1862 quantum
1576 1779 1616 1843 ad
1630 1778 1846 1855 durationem,
1863 1780 1912 1843 hn-

354 1877 509 1947 peneraotr's
539 1873 760 1945 secunditatem
785 1878 811 1931 et
847 1874 934 1944 pertiti
960 1888 1092 1930 somnum
1146 1890 1199 1954 bet
1214 1889 1251 1972 (b)
1267 1888 1479 1971 principium,
1492 1886 1910 1970 qujaummquehabfflb

356 1966 557 2036 equalitaten,
587 1969 613 2021 et
637 1968 776 2038 utrimque
808 1979 940 2022 summam
970 1966 1090 2023 actuali·
1146 1997 1220 2061 8150·

356 2059 441 2112 mem
1241 1996 1276 2061 Si
1297 2001 1407 2060 autem
1428 1995 1622 2078 principium
1638 1994 1765 2058 dicatur
1777 1994 1911 2073 initium,

1147 2104 1192 2169 sic
1204 2103 1274 2169 dico
1285 2103 1373 2186 quod
1385 2103 1552 2167 nechabet
1566 2103 1765 2185 principium
1783 2104 1912 2183 essendi

360 2215 453 2299 Resp.
468 2216 508 2280 ad
521 2215 601 2297 Arg.
621 2215 797 2282 Dicendum
819 2214 903 2298 quod
927 2214 1092 2296 generatio
1146 2232 1206 2277 nec
1217 2212 1366 2278 durandi.
1377 2210 1524 2277 Primum
1535 2210 1731 2295 principium
1741 2230 1804 2275 non
1817 2213 1914 2276 aurei

319 2323 393 2387 Filii
408 2326 456 2387 cst
468 2326 599 2400 aeterna,
607 2327 679 2387 tum
686 2322 807 2387 ratione
814 2323 1008 2403 generantis,
1020 2325 1091 2385 lum
1147 2322 1303 2386 rationem
1317 2321 1445 2398 aeterni3
1458 2319 1634 2384 secundum
1646 2336 1725 2384 vero
1740 2319 1798 2383 sic.

319 2432 442 2496 ratione
471 2429 574 2513 geniti
596 2452 603 2495 :
624 2431 747 2495 ratione
771 2430 973 2511 generantis,
994 2447 1092 2513 prop·
1186 2434 1217 2493 l.
1232 2428 1280 2494 Ad
1293 2428 1372 2493 illud
1393 2428 1478 2511 quod
1496 2427 1646 2509 objicitur
1664 2426 1800 2505 ultimo,
1819 2446 1914 2511 qnare

318 2540 368 2603 ter
394 2556 555 2602 summam
581 2541 613 2601 et
634 2537 805 2621 perfectam
830 2536 1089 2613 foecunditatem
1148 2536 1240 2602 Pater
1249 2536 1464 2601 communicat
1474 2534 1554 2599 Filio
1568 2535 1745 2599 carentiam
1754 2536 1914 2616 initii,non

319 2646 441 2709 ratione
455 2645 577 2726 geniti,
595 2648 724 2728 propter
742 2661 903 2707 summam
920 2647 952 2707 et
970 2643 1092 2725 perfec·
1147 2644 1306 2727 principii,
1322 2647 1407 2726 patet
1417 2645 1486 2726 jam
1499 2643 1662 2726 responsio
1678 2664 1686 2706 ε
1704 2643 1914 2726 quietempo·

318 2756 387 2815 tam
400 2751 636 2835 aequalitatem:
653 2769 792 2834 quarum
805 2754 941 2832 utraque
955 2750 1092 2814 conditio
1147 2750 1213 2813 ralc
1224 2754 1256 2815 et
1267 2754 1425 2815 aeternum
1437 2751 1589 2814 dillerunt
1603 2751 1642 2815 de
1657 2751 1844 2817 necessitate
1862 2771 1913 2835 per

320 2858 412 2939 tollit,
425 2876 467 2923 ne
480 2857 580 2922 Filius
592 2858 634 2922 sit
645 2858 803 2941 posterius
821 2855 932 2937 Patre,
946 2857 1029 2921 sicut
1041 2857 1092 2920 vi-
1147 2859 1333 2937 esscntiam;
1351 2858 1544 2941 principium
1562 2862 1593 2922 et
1607 2859 1838 2942 principiatum
1854 2879 1914 2924 non

321 2983 396 3031 sum
407 2969 455 3030 est
466 2967 501 3030 iu
513 2965 713 3050 opponendo.
725 2964 797 3029 Alia
810 2965 892 3029 ratio
905 2969 953 3029 est
964 2969 1094 3048 propter
1148 2966 1193 3030 sic
1209 2988 1217 3030 ε
1232 2966 1303 3031 ideo
1315 2969 1439 3030 nonest
1453 2965 1557 3029 simile
1569 2966 1609 3030 dc
1621 2966 1684 3030 hoc
1696 2970 1730 3030 et
1749 2966 1828 3029 illo:
1843 2967 1913 3049 quir

321 3090 484 3138 summam
502 3072 537 3135 in
558 3076 695 3156 utroque
716 3072 943 3152 actualitatem,
968 3073 1003 3135 in
1029 3089 1094 3155 qua
1149 3091 1227 3155 crgo
1235 3073 1321 3157 quod
1328 3074 1425 3137 habet
1435 3072 1563 3137 initium
1576 3077 1623 3137 est
1633 3074 1820 3157 temporale,
1832 3073 1913 3158 qnod

321 3198 387 3244 non
406 3181 500 3245 distat
523 3184 614 3245 actus
626 3198 646 3245 a
658 3180 809 3263 potentia,
826 3198 886 3245 nec
899 3197 991 3262 posse
1003 3183 1092 3244 ente·
1148 3187 1233 3247 caret
1243 3183 1278 3266 (cl
1293 3186 1340 3247 est
1350 3187 1523 3260 aeternum3
1535 3182 1618 3261 ideo,
1630 3199 1707 3246 cum
1721 3182 1814 3248 Pater
1821 3188 1853 3247 et
1863 3182 1913 3246 lli-

322 3287 405 3353 cedit
422 3305 500 3352 esse.
1148 3289 1212 3354 lius
1222 3291 1287 3352 sint
1300 3289 1563 3365 uniusessentiae‚
1576 3292 1679 3371 patet;
1692 3292 1753 3353 etc.
1768 3287 1912 3364 Rursum,

363 3401 392 3459 l.
407 3396 456 3461 Ad
469 3395 549 3460 illud
561 3394 648 3478 quod
658 3394 817 3476 objicitur,
831 3395 917 3476 quod
932 3395 1094 3477 corruptio
1149 3416 1224 3462 cum
1232 3398 1352 3462 habere
1361 3397 1564 3481 principium,
1576 3401 1607 3461 et
1617 3415 1684 3461 non
1694 3397 1825 3478 habere,
1838 3399 1914 3462 dicct

322 3504 412 3588 ponit
429 3502 606 3568 terminum
622 3501 771 3579 finalem
792 3500 983 3580 dicendum,
1006 3502 1094 3584 quod
1149 3506 1361 3572 differentiam
1375 3522 1536 3588 personae,
1551 3508 1582 3569 et
1598 3504 1670 3569 haec
1693 3509 1742 3569 est
1758 3505 1842 3569 inter
1856 3505 1913 3570 Pr-

322 3611 484 3694 corruptio
497 3627 622 3691 semper
635 3609 711 3673 dicit
721 3609 933 3674 variationem
945 3613 978 3673 et
989 3613 1096 3673 muta·
1149 3617 1232 3677 trem
1244 3617 1276 3676 et
1288 3612 1427 3691 Filium3
1443 3612 1531 3691 ideo,
1544 3611 1625 3675 sicut
1643 3610 1739 3675 Pater
1753 3631 1819 3676 non
1831 3630 1911 3677 com·

322 3719 464 3799 tionem,
485 3721 518 3782 et
540 3700 586 3781 ita¹
605 3716 846 3781 conversionem
864 3716 945 3779 entis
969 3715 1004 3779 in
1028 3734 1095 3780 non
1150 3720 1292 3784 manicat
1311 3718 1391 3784 Filio
1406 3737 1591 3802 personam,
1613 3718 1669 3783 sed
1682 3723 1811 3799 lantum
1825 3723 1912 3783 natu·

323 3844 391 3891 esse
407 3848 415 3890 ι
429 3830 461 3889 ct
478 3824 549 3889 ideo
568 3824 660 3908 ponit
677 3822 854 3888 terminum
873 3824 1013 3889 finalem.
1033 3823 1095 3888 Sed
1150 3846 1220 3892 ram
1229 3828 1297 3892 sive
1305 3827 1486 3906 essentiam,
1499 3827 1543 3890 sic
1556 3826 1808 3891 communicavit
1818 3827 1913 3890 cinon

324 3933 488 4014 generatio
499 3932 670 4015 aliquando
682 3931 760 3996 dicit
772 3930 999 4010 mutationem,
1009 3936 1048 3996 ut
1061 3932 1095 3995 in
1150 3935 1267 4000 habere
1277 3935 1426 4012 initium
1442 3933 1497 4000 sed
1509 3951 1575 3997 non
1588 3935 1840 3999 communicarit
1855 3951 1912 3998 non

324 4044 493 4123 creaturis,
509 4046 541 4107 et
553 4043 599 4107 sic
616 4042 706 4125 ponit
722 4044 899 4108 terminum
920 4043 1093 4124 initialem3
1150 4042 1267 4106 habere
1279 4041 1485 4125 principium.

324 4151 425 4216 sedin
437 4150 555 4216 divinis
569 4169 636 4216 non
650 4151 725 4215 dicit
738 4151 948 4216 mutationem
968 4170 1010 4216 cx
1029 4154 1095 4216 non'
1409 4195 1586 4274 QUAESTIO
1608 4197 1648 4265 Ν

325 4262 410 4336 ente,
423 4258 478 4322 sed
491 4258 780 4324 emanationemab
793 4261 876 4324 ente.
960 4283 964 4288 ’
1651 4247 1661 4264 ”

365 4370 397 4430 a.
420 4364 470 4429 ra
485 4364 565 4428 nuc
584 4365 670 4448 quoa
690 4364 851 4447 ocream,
865 4365 951 4448 quoa
961 4366 1096 4430 asanaa
1269 4342 1317 4398 Μ
1329 4344 1467 4414 amaea
1479 4344 1549 4400 aare
1561 4346 1712 4402 ‘mule
1724 4348 1763 4402 ’θ’
1775 4342 1798 4402 ²·

325 4472 408 4538 nihil
429 4472 577 4555 producit
592 4472 654 4535 nisi
674 4490 715 4537 ex
728 4477 898 4554 tempore3
926 4472 1095 4537 dicendum
1190 4470 1305 4536 Utrum
1325 4473 1489 4555 generatio
1512 4471 1586 4538 Filii
1608 4475 1649 4538 sit
1676 4477 1857 4541 terminata
1878 4473 1910 4539 n
1943 4485 1988 4534 ne

325 4580 428 4663 quod,
448 4579 531 4643 sieut
549 4596 685 4661 persona
701 4579 849 4662 producit
871 4580 968 4644 allam
983 4598 1096 4663 perso-
1150 4579 1235 4661 quod
1256 4581 1316 4661 sic,
1330 4580 1457 4645 videtur
1474 4599 1531 4663 per
1549 4582 1793 4664 Augustinum⁸
1809 4608 1816 4649 :
1833 4582 1910 4660 «uui
1920 4562 1954 4609 '⁸

325 4705 420 4766 nam,
442 4685 488 4750 sic
504 4685 640 4751 essentia
660 4684 757 4750 eliam
781 4686 960 4749 essentiam.
989 4686 1096 4750 Aliam
1150 4704 1275 4770 semper
1287 4688 1441 4765 nascitur,
1453 4705 1623 4772 nunquam
1638 4694 1804 4768 estnatcs,
1818 4707 1909 4774 acpu

326 4797 435 4859 autem
456 4797 606 4859 naturam
624 4795 760 4858 essentia
772 4812 815 4859 ex
825 4793 928 4877 seipsa
943 4812 1009 4858 non
1022 4813 1097 4878 pro·
1150 4793 1212 4858 hoc
1232 4812 1401 4877 nunquam
1416 4798 1464 4859 est
1483 4795 1612 4859 lilius.»
1631 4795 1749 4863 Nullus
1770 4817 1846 4881 ergo
1861 4814 1908 4880 pe·

327 4902 424 4982 ducit,
440 4920 516 4967 cum
527 4902 596 4986 ipsa
605 4902 647 4966 sit
654 4899 882 4980 immutabilis;
898 4919 957 4966 nec
969 4920 1011 4965 cx
1022 4902 1096 4982 alia,
1151 4902 1389 4982 generationem
1410 4901 1564 4966 dicendus
1579 4905 1907 4989 utriusquepartis

327 5003 405 5086 quia
417 5003 562 5069 similiter
575 5007 656 5069 esset
668 5021 830 5087 quaerere,
847 5003 934 5068 unde
951 5004 1099 5087 producit
1152 5009 1315 5089 generado
1328 5010 1370 5074 sit
1380 5010 1549 5076 terminata
1566 5033 1574 5075 ι
1590 5011 1646 5076 sed
1665 5008 1805 5077 Verbum
1820 5009 1905 5076 Patris

327 5112 415 5178 illam
434 5113 531 5178 aliam
549 5135 557 5178 ε
572 5116 604 5177 et
620 5113 666 5177 sic
689 5130 817 5178 necesse
841 5112 943 5176 estin
963 5115 1099 5197 produc·

1152 5206 1260 5268 ism„
1274 5207 1334 5260 dist.
1349 5219 1385 5272 ur,
1399 5222 1426 5271 p.
1443 5209 1476 5272 ll,
1494 5222 1521 5273 q.
1538 5207 1902 5274 1115Rirlrarrl,lseaet.,ds.

360 5309 441 5362 *vnn
454 5309 535 5374 aaa,
550 5309 800 5373 recma-ms.
819 5308 894 5360 nex.
907 5308 1097 5376 riemanr,
1153 5288 1195 5341 Π»
1213 5283 1262 5329 m·
1280 5281 1312 5345 ²2
1333 5293 1357 5344 l·
1372 5291 1390 5332 ¹·
1406 5305 1438 5316 ·
1465 5278 1602 5345 ennae,
1622 5280 1668 5332 ¹³¹³·
1686 5283 1806 5335 Μ’
1818 5281 1903 5344 ⁰¹⁸⁹

330 5380 549 5445 q.xn11‚memh.
565 5383 597 5445 5,
611 5383 659 5430 ert.
677 5383 707 5444 23
725 5383 752 5432 S.
768 5380 871 5446 Thom,
889 5395 916 5444 p.
938 5383 965 5447 l,
986 5396 1013 5448 q.
1035 5394 1097 5448 xm,
1153 5360 1179 5412 q·
1193 5360 1297 5402 mvn·

331 5455 379 5503 art.
389 5455 404 5502 6
411 5467 421 5515 ;
435 5453 483 5502 etl
498 5453 578 5513 Seni„
593 5451 652 5503 dist.
663 5461 710 5515 vu,
724 5466 750 5517 q.
764 5463 795 5517 u,
805 5455 853 5502 art.
864 5454 879 5502 2
886 5467 896 5515 ;
909 5453 994 5518 AEgld.
1009 5455 1096 5518 liam,
1184 5455 1361 5521 (cloataeditr
1372 5458 1645 5523 hebeat-(tlttem.
1656 5458 1899 5529 -(c)srpp1.in'rio.
