4100 6300
518 409 706 479 DISTINGT.
727 408 806 477 XIX.
829 407 945 476 Pisa.
965 409 1007 476 ll.
1027 408 1117 476 aar.
1140 410 1165 475 l.

60 547 227 627 credibilia,
240 546 303 612 nisi
315 546 494 614 intellectus
513 549 576 613 ilde
597 546 773 613 illustretur
786 548 818 611 et

59 658 239 740 captivetur.

363 776 432 823 one.
454 776 489 822 rr.

56 890 139 956 liquo
145 889 244 942 dillerre
252 904 361 942 numero
373 905 430 957 quae
438 891 465 942 in
473 890 674 957 enumeratione,
684 888 738 942 sive
746 902 815 942 com-

201 963 341 1029 putatione,
355 977 408 1015 non
421 963 470 1014 sibi
483 962 663 1030 adjunguntur.

89 1086 217 1152 Videtur
238 1086 322 1152 mele
343 1088 465 1169 dicere,
480 1087 557 1170 quia
575 1086 623 1152 illi
643 1090 812 1169 computa·

52 1195 126 1260 tioni
137 1196 191 1259 aut
202 1197 373 1279 respondet
384 1196 506 1280 aliquid
524 1196 559 1259 in
570 1214 617 1272 re,
640 1194 810 1260 autnilril:

51 1300 76 1362 si
87 1299 202 1383 aliquid
209 1303 387 1385 respondet,
402 1321 482 1384 ergo
499 1320 565 1367 non
580 1301 714 1367 ditierta
727 1319 812 1384 prae·

51 1407 166 1472 cedenti
181 1408 371 1489 differentia3
388 1411 415 1474 si
427 1409 509 1473 nihil
523 1408 711 1492 respondet,
732 1426 812 1490 ergo

50 1513 198 1579 distinctio
211 1515 280 1581 sive
288 1517 482 1601 computatio
494 1521 603 1582 nostra
615 1534 710 1601 super
730 1516 812 1581 nihil

50 1624 203 1686 etvanum
213 1621 347 1687 tundata
361 1627 420 1689 est.

86 1726 174 1812 Resp.
190 1711 365 1795 Dicendum
382 1732 468 1815 quod
490 1730 718 1815 computationi
737 1747 813 1795 nos·

49 1837 115 1911 trae,
129 1855 201 1900 cum
216 1836 370 1904 dicimus:
394 1863 410 1901 a
423 1837 523 1918 Unus,
538 1840 613 1920 duo,
628 1842 704 1919 tres,
717 1860 733 1899 s
752 1838 812 1902 ali-

50 1943 120 2025 quid
132 1945 313 2027 respondet.
334 1945 396 2011 Sed
409 1946 489 2011 illud
506 1965 573 2011 non
586 1949 633 2011 est
646 1947 812 2012 diversitos

49 2051 231 2130 nummatis,
252 2052 310 2117 sed
330 2053 488 2118 distinctio
509 2054 684 2136 personalis
702 2074 711 2119 t
726 2055 812 2120 unde

48 2156 80 2219 in
91 2156 203 2223 divinis
214 2177 283 2224 non
294 2160 409 2225 dicitnr
420 2178 488 2225 esse
499 2180 666 2241 numerus,
679 2180 739 2226 nec
755 2161 812 2227 dit·

48 2263 173 2329 ierentia
184 2268 364 2332 secundnm
379 2287 569 2349 numerum,
580 2268 641 2333 nisi
654 2269 809 2335 addatur:

52 2373 247 2438 «secandum
255 2393 432 2440 numerum
442 2394 662 2459 personarum,
675 2398 690 2435 o
702 2376 758 2459 qui
766 2376 812 2439 di-

49 2478 88 2542 cit
100 2478 335 2546 distinctionem
345 2483 380 2546 in
388 2483 622 2566 hypostasibus,
634 2501 700 2548 non
709 2482 743 2546 in
756 2501 813 2547 na·

48 2587 117 2649 tura
132 2604 141 2649 r
154 2586 236 2666 ideo,
253 2590 403 2672 quamvis
413 2590 558 2655 dicantur
568 2596 633 2655 tres
645 2608 809 2674 personae,

48 2695 151 2757 nmen
163 2714 229 2761 non
242 2700 292 2762 est
302 2697 346 2761 ihi
359 2698 527 2778 ternarius,
542 2699 597 2764 scd
609 2697 756 2764 Trinitas.

358 2906 427 2953 llllll.
449 2908 496 2953 111.

49 3017 108 3070 cum
118 3022 185 3072 Deus
194 3021 297 3073 dicatur
305 3021 396 3089 trinus,
402 3038 457 3075 non
466 3027 553 3076 tamen
563 3024 639 3078 debet
647 3025 698 3078 dici
707 3025 809 3092 triplex.

84 3141 213 3212 Videtur
224 3146 332 3214 dicere
346 3154 456 3215 contra
467 3150 546 3216 illud
557 3152 643 3234 qnod
655 3153 770 3218 dicitur
779 3154 807 3219 ¹:

51 3250 185 3333 Spirttm
198 3256 373 3337 sopteotc'oe
389 3264 437 3325 cst
447 3259 618 3342 mottptcc
633 3279 642 3324 z
655 3278 733 3342 ergo
749 3261 811 3326 du-

48 3357 115 3440 plex
125 3360 176 3425 vel
194 3362 398 3447 quadruplex
414 3386 421 3429 :
437 3382 527 3446 ergo,
542 3372 601 3430 etc.

85 3465 172 3547 item,
199 3467 341 3534 Isidorus
366 3471 443 3535 dicit
462 3479 474 3513 ³
492 3473 579 3556 quod
603 3473 742 3541 Trinitas
763 3480 811 3542 est

48 3572 209 3657 multiplex
222 3581 255 3640 et
267 3579 486 3661 numerabilis.

84 3680 160 3747 Item
170 3684 296 3749 ratione
307 3686 445 3766 videtur,
458 3687 765 3771 quiapannusunus
775 3691 810 3755 in

47 3789 216 3856 substantia
228 3792 409 3876 duplicatus
421 3795 540 3879 duplex
557 3797 683 3879 dicitur,
707 3799 810 3883 tripli·

48 3901 130 3961 catus
140 3900 258 3983 triplex
274 3920 390 3984 tergo,
406 3903 432 3967 si
445 3924 511 3968 une
524 3909 571 3969 est
585 3906 761 3971 substantia
774 3908 810 3972 in

46 4004 142 4070 tubus
155 4007 392 4092 hypostasibus,
407 4012 534 4079 videtur
542 4013 695 4097 triplicari
706 4015 740 4078 in
749 4014 806 4096 eis,

47 4115 74 4175 et
84 4114 197 4197 triplex
208 4116 282 4181 dici.

82 4217 172 4304 llesp.
187 4221 364 4289 Dicendum
376 4226 463 4309 quod
476 4227 633 4292 distinctio
654 4228 808 4311 persona-

45 4344 115 4391 rum
136 4349 202 4395 non
222 4336 327 4416 potest
348 4336 522 4417 significari
539 4357 597 4422 per
614 4337 809 4403 additionem

45 4437 168 4500 termini
185 4441 394 4506 numerabilis
416 4444 457 4507 ad
480 4443 542 4508 hoc
562 4462 680 4510 nomen
705 4446 806 4526 Deua,

47 4541 102 4605 nisi
114 4543 213 4628 hujus
228 4547 368 4612 nominis
388 4551 513 4628 trinas,
532 4551 619 4633 quod
632 4552 810 4634 specialiter

46 4647 82 4710 ad
95 4649 154 4714 hoc
165 4652 337 4720 inventum
349 4659 410 4737 est,
425 4661 463 4721 ut
475 4658 633 4739 significet
644 4658 810 4741 pluralita-

46 4755 108 4818 tem
122 4757 155 4821 in
173 4763 346 4844 suppositis
360 4782 435 4827 cum
453 4764 576 4829 unitate
594 4765 717 4829 formae.
729 4765 810 4843 Quis

47 4870 193 4952 ergohoc
202 4887 324 4934 nomen
344 4870 463 4951 triplex
484 4871 559 4936 dicit
576 4871 810 4938 distinctionem

47 4976 226 5061 simpliciter
240 4977 276 5040 in
288 4978 424 5041 termino
434 4978 485 5042 cui
497 4977 634 5057 additur,
643 4980 697 5046 vel
706 4999 812 5064 quen-

47 5086 115 5148 tum
129 5084 169 5149 ad
182 5086 338 5165 formam,
351 5084 404 5152 vel
428 5090 586 5168 quantum
604 5086 643 5151 sd
668 5087 810 5170 partium

47 5192 358 5276 multiplicationem
374 5195 488 5277 etquis
506 5193 541 5257 in
558 5194 622 5259 lieo
640 5214 707 5260 non
728 5197 812 5261 cadit

47 5298 275 5385 multiplicatio
289 5321 348 5367 nec
360 5307 519 5386 quantum
535 5302 576 5367 ad
590 5303 738 5382 formam,
753 5322 813 5369 nec

79 5424 169 5493 ¹801),
181 5438 235 5490 vir,
247 5416 423 5495 audisio,
436 5426 558 5494 Etymol,
576 5427 620 5480 lib.
631 5428 691 5494 Vll,
701 5442 757 5493 cap.
772 5440 810 5483 rt.

1578 420 1639 485 333

873 549 1032 629 quantum
1045 545 1086 610 ad
1095 548 1214 629 partes,
1235 545 1306 612 ideo
1326 548 1416 615 nullo
1430 551 1525 618 modo
1534 558 1638 637 potest

872 652 934 717 dici
948 653 1076 737 triplex.

911 751 1000 838 Quod
1014 778 1093 842 ergo
1110 760 1268 844 objicitur,
1286 763 1372 845 qnod
1389 764 1505 831 dicitur
1523 769 1636 834 multi-

869 866 960 950 plex3
976 867 1147 933 dicendum
1161 869 1246 952 quod
1262 868 1347 934 istud
1359 874 1408 936 est
1421 872 1541 940 dictum
1556 895 1635 942 cau·

869 974 987 1053 saliter,
1004 974 1082 1058 quia
1102 979 1149 1039 est
1170 993 1266 1041 causa
1292 977 1482 1061 multorum,
1502 987 1534 1048 et
1555 985 1633 1067 qnia

868 1080 1034 1147 variorum
1063 1082 1221 1148 donorum
1245 1084 1428 1150 effectivum
1446 1091 1493 1152 est
1516 1089 1634 1172 princi·

868 1188 970 1271 pium,
982 1187 1019 1252 in
1035 1189 1152 1273 quihus
1164 1194 1211 1255 est
1223 1209 1300 1256 vera
1311 1191 1479 1260 diversitas
1492 1217 1499 1258 ε
1510 1214 1576 1261 non
1588 1198 1634 1264 sic

868 1295 904 1358 in
917 1294 1069 1379 personis.
1093 1295 1132 1360 Et
1145 1298 1233 1380 qnod
1252 1297 1327 1363 dicit
1344 1298 1499 1379 isidorus,
1515 1303 1635 1388 impro-

867 1402 935 1485 prie
962 1402 1082 1468 dictum
1105 1408 1170 1485 cst,
1195 1408 1227 1470 et
1248 1408 1473 1489 exponendum
1492 1416 1549 1474 est.
1583 1412 1634 1478 Ad

866 1509 956 1590 illud,
971 1512 1057 1593 quod
1069 1511 1154 1576 idern
1174 1531 1300 1595 pannus
1312 1513 1428 1580 dicitur
1444 1519 1632 1602 multiplex,

866 1615 1034 1682 dicendum
1048 1620 1132 1702 quod
1142 1638 1257 1685 verum
1265 1625 1327 1702 est3
1337 1623 1392 1688 sed
1400 1628 1508 1689 tamen
1516 1644 1634 1692 secun-

867 1723 946 1789 dum
959 1724 1037 1790 alias
1047 1730 1079 1790 et
1090 1725 1167 1791 alias
1180 1732 1301 1810 partes:
1314 1734 1345 1794 et
1356 1730 1431 1813 quia
1442 1732 1477 1796 in
1489 1732 1553 1798 lieo
1562 1751 1630 1799 non

866 1836 914 1896 est
928 1832 1037 1898 alietas
1047 1834 1189 1917 partium
1200 1854 1260 1901 nec
1272 1836 1393 1917 lormae,
1407 1838 1478 1905 ideo
1491 1859 1557 1907 non
1571 1860 1631 1924 po·

866 1943 926 2006 test
935 1940 997 2006 dici
1009 1942 1138 2026 triplex.

1180 2152 1248 2198 DU'B.
1271 2151 1316 2199 1v.

1082 2266 1112 2317 ln
1124 2266 1202 2318 rebus
1211 2268 1281 2319 enim
1293 2268 1433 2334 corporeis.

904 2389 1039 2458 Videtur
1050 2393 1134 2456 male
1146 2393 1250 2458 dicere
1262 2394 1348 2478 qnod
1360 2396 1394 2459 in
1406 2396 1630 2482 rebuscorpo·

864 2498 928 2562 reis
944 2498 1016 2581 plus
1037 2499 1100 2562 sint
1117 2498 1190 2564 duae
1210 2519 1308 2583 qnam
1330 2520 1396 2566 una
1417 2521 1483 2584 res3
1502 2504 1630 2571 videtur

865 2606 952 2671 enim
962 2607 1121 2687 instantia,
1137 2610 1214 2691 quia
1226 2610 1311 2691 ignis
1325 2628 1399 2674 cum
1414 2611 1572 2676 terronon
1584 2617 1632 2678 est

865 2713 942 2797 quid
955 2717 1060 2797 majus
1082 2735 1181 2798 quam
1198 2716 1320 2781 terrum
1339 2736 1459 2801 perse,
1481 2720 1549 2784 sive
1570 2720 1631 2784 lux

864 2839 939 2886 curn
957 2840 1040 2888 aere.
1054 2821 1088 2888 Si
1099 2823 1185 2888 dicas
1204 2824 1289 2906 quod
1301 2843 1368 2889 non
1388 2832 1464 2891 sunt
1477 2845 1630 2910 corpora,

864 2931 1013 3014 objicitur
1020 2933 1107 3015 quod
1120 2951 1235 3016 corpus
1249 2934 1462 3015 glorificatum
1474 2936 1571 3002 simul
1580 2942 1629 3002 est

864 3057 940 3104 cum
947 3040 1200 3123 nongloritlcato,
1210 3044 1242 3105 et
1251 3043 1489 3107 tantumlocum
1496 3048 1631 3129 occupat

863 3148 1505 3233 nongloritlcatumperse,quantumcum
1513 3153 1632 3235 glorio·

864 3275 900 3322 so
911 3277 920 3321 r
933 3275 1012 3339 crgo
1020 3276 1086 3322 non
1094 3261 1292 3342 suntmajus,
1306 3260 1382 3343 quia
1394 3279 1508 3345 corpus
1520 3266 1626 3346 majus

864 3366 1021 3446 majorem
1046 3368 1181 3449 occupat
1192 3366 1312 3430 locum.

903 3471 995 3556 Rcsp.
1010 3472 1186 3539 [licendum
1201 3473 1287 3555 quod
1302 3474 1503 3556 Augustinus
1521 3475 1629 3560 loqui·

863 3582 917 3644 tur
929 3580 968 3646 de
980 3581 1077 3645 rebus
1089 3581 1247 3663 corporeis
1262 3599 1400 3664 quaram
1414 3582 1564 3665 quaelihet
1581 3587 1629 3649 est

864 3706 980 3771 corpus
995 3710 1003 3754 z
1019 3688 1075 3752 sed
1087 3688 1173 3770 ignis
1183 3688 1218 3751 in
1230 3687 1323 3764 ferro,
1336 3688 1395 3751 lux
1409 3687 1445 3751 in
1457 3707 1544 3769 aere,
1562 3708 1629 3754 non

865 3800 912 3859 est
925 3814 1050 3879 corpus,
1061 3796 1115 3862 sed
1128 3796 1302 3880 proprietas
1311 3797 1461 3879 corporis.
1473 3795 1630 3863 Praeterea

863 3904 1041 3967 notandum
1055 3903 1140 3987 quod
1155 3904 1357 3985 Augustinus
1370 3922 1436 3968 non
1449 3904 1563 3987 accipit
1581 3903 1630 3969 ibi

863 4010 970 4093 malua
982 4012 1162 4088 extensive,
1178 4012 1233 4076 sed
1245 4011 1358 4094 accipit
1374 4013 1448 4093 plus
1468 4016 1628 4094 quantum

863 4119 904 4183 ad
917 4119 1082 4185 veritatem
1094 4119 1269 4184 existentiae
1284 4168 1293 4199 ,
1308 4119 1359 4185 vel
1373 4120 1527 4183 essentiae.
1550 4116 1630 4183 Cum

863 4227 951 4291 enim
977 4246 1044 4292 non
1070 4228 1111 4292 sit
1132 4245 1260 4291 summa
1287 4227 1405 4291 veritos
1435 4228 1470 4289 in
1490 4225 1632 4308 qualibet

863 4353 910 4414 re,
929 4333 1001 4418 plus
1022 4339 1070 4399 est
1094 4335 1281 4399 devexitate
1299 4333 1474 4399 existentiae
1496 4333 1531 4397 in
1553 4333 1632 4397 dua·

863 4441 924 4505 bus
935 4442 1031 4506 rebus
1041 4461 1138 4525 mam
1147 4441 1182 4505 in
1195 4460 1276 4520 una,
1291 4439 1438 4523 quamvis
1449 4457 1514 4503 non
1532 4439 1573 4503 sit
1584 4439 1630 4503 ibi

859 4537 936 4631 'plus
949 4550 987 4613 de
1000 4549 1166 4614 latitudine
1177 4549 1353 4625 distantiae,
1372 4548 1440 4611 sive
1457 4546 1631 4613 extensive

863 4656 1106 4738 magnitudinis,
1114 4656 1166 4722 vel
1173 4655 1558 4739 capacitatisooutentivae,
1568 4657 1629 4720 etc.

1097 4884 1339 4957 ARTICULUS
1361 4884 1388 4954 I.

905 5087 954 5153 dd
979 5085 1223 5169 intelligentiam
1245 5085 1347 5169 hujus
1371 5080 1470 5169 pertis
1494 5089 1637 5170 quatuor,

867 5196 1056 5279 quaeruntur
1080 5212 1089 5257 z
1113 5192 1228 5276 primo,
1256 5196 1368 5257 utrum
1395 5191 1429 5255 in
1454 5190 1571 5257 dunis
1591 5193 1633 5258 sit

865 5320 984 5387 ponere
995 5304 1100 5365 totum
1115 5298 1286 5381 integrale3
1302 5299 1451 5379 secundo,
1467 5303 1577 5363 utrum
1591 5299 1634 5365 sit

866 5428 985 5495 ponere
1003 5411 1109 5475 totam
1127 5405 1322 5489 universale
1340 5406 1449 5488 tertio,
1470 5409 1581 5471 uuum
1598 5406 1634 5474 in
