4100 6300
568 418 619 624 s.
661 506 723 623 a.
763 503 821 623 ιι.
861 447 1260 623 cernimus

251 774 641 944 sineri
713 773 1555 943 BONAVENTURAE

657 1067 710 1135 EX
739 1067 922 1135 ORDINE
948 1066 1176 1134 ultionum

470 1257 622 1317 Episcopi
638 1260 846 1318 ALBANENSIS
855 1300 865 1330 ‚
884 1260 989 1317 EXIhlll
1007 1258 1178 1318 ECCLESlAE
1197 1260 1365 1320 nocrouls

845 1486 999 1573 VITA.

723 1672 784 1747 (re
803 1673 879 1731 neec.
898 1676 996 1732 reor.-
1017 1673 1116 1746 risi.)

875 1897 968 1912 m

158 2105 296 2172 Sanctus
307 2104 550 2185 Beneventum,
570 2105 735 2172 Minorum
752 2106 883 2185 lumen,
901 2124 939 2169 ac
955 2104 1071 2182 decus,
1092 2103 1315 2169 Universitatis
1333 2103 1521 2170 Parisiensis
1540 2105 1676 2171 Auditor
1688 2109 1723 2172 et

117 2212 285 2295 Magister,
301 2211 333 2279 S.
350 2212 387 2278 R.
403 2213 439 2279 E.
462 2217 711 2293 ornamentum,
729 2212 786 2278 Vir
803 2213 865 2278 tuit
879 2212 1077 2277 «eminentis
1095 2212 1255 2292 scientiae,
1275 2216 1306 2276 et
1323 2212 1538 2295 eloquentiae,
1558 2214 1723 2279 sanctitate

119 2320 327 2404 praeeipuua,
342 2322 427 2400 vita,
442 2322 741 2400 commiseratione,
756 2339 794 2384 ac
808 2320 955 2385 moribus
968 2319 1243 2384 excellentissimis
1255 2319 1441 2400 decoratus,
1455 2320 1633 2402 benignus,
1646 2320 1723 2384 alia·

122 2426 212 2505 bilis,
228 2429 319 2511 pius,
334 2434 366 2493 et
377 2429 571 2509 misericors,
586 2428 762 2494 virtutibus
775 2428 901 2511 plenus,
918 2427 982 2492 [leo
994 2430 1027 2491 et
1038 2426 1223 2491 hominibus
1233 2426 1405 2492 dilectus...
1420 2427 1473 2491 cui
1489 2427 1572 2492 hano
1583 2429 1723 2509 gratiam

122 2539 323 2599 concesserat
334 2535 509 2617 Dominus,
525 2536 612 2619 quod
625 2536 820 2620 quicumque
833 2553 910 2601 eum
921 2534 1075 2603 videbant
1088 2535 1189 2618 ipsius
1202 2553 1312 2601 amore
1325 2535 1539 2601 incontinenti
1552 2536 1721 2619 capieban-

121 2646 180 2706 tur
193 2660 236 2705 ex
248 2643 343 2707 corde
353 2644 375 2707 ¹.
388 2664 405 2703 r

164 2748 267 2813 Natus
280 2754 328 2814 est
338 2749 442 2831 igitur
453 2748 509 2813 llir
526 2750 679 2833 ingenio,
699 2754 731 2815 et
749 2749 903 2834 sapientia
914 2749 1091 2831 excellens,
1111 2768 1197 2816 anno
1212 2750 1358 2833 vulgaris
1378 2768 1453 2815 aerae
1472 2754 1615 2816 vertente
1629 2757 1722 2830 liii,

123 2854 162 2919 in
177 2856 295 2939 oppido
308 2858 548 2940 Batneoreptum
561 2858 644 2923 dicto
659 2858 699 2941 (a)
714 2858 748 2921 in
760 2857 882 2922 Tuseiae
900 2857 1002 2922 ltaliae
1017 2857 1151 2939 regione
1169 2857 1245 2937 sito,
1264 2857 1350 2939 quod
1366 2858 1402 2920 in
1415 2858 1570 2923 orientem
1587 2857 1724 2923 Urbem-

125 2966 269 3028 veterem
287 2968 426 3047 spectat,
443 2965 478 3029 in
497 2966 694 3029 occidentem
707 2984 785 3029 vero
802 2964 902 3029 solem
915 2965 1044 3048 respicit
1058 2963 1249 3029 Viterhium.
1267 2988 1283 3025 u
1298 2963 1420 3028 loanne
1434 2971 1647 3047 cognomento
1667 2965 1724 3030 Fi-

124 3071 247 3150 danza,
261 3075 294 3136 et
303 3070 416 3137 Ritella
428 3073 579 3153 nomine,
594 3073 742 3137 fidelihus
755 3074 952 3156 conjugibus
964 3076 1065 3152 ortus,
1081 3071 1278 3156 baptismalis
1291 3071 1379 3136 undo
1389 3090 1555 3156 respersus
1566 3073 1637 3152 tuit,
1650 3092 1725 3159 quae

126 3197 171 3243 ex
181 3178 315 3244 loannae
327 3179 492 3244 medicine
509 3180 686 3262 magistro,
701 3184 733 3245 et
745 3179 849 3245 Felice
862 3180 1015 3260 Antonii,
1035 3180 1094 3262 qui
1115 3184 1147 3244 et
1162 3179 1226 3262 ipsi
1239 3180 1354 3244 abillis
1367 3181 1545 3263 majoribus
1558 3181 1721 3264 originem

126 3286 282 3366 trahunt,
297 3275 394 3369 atqiie
406 3286 477 3350 aliis
492 3287 626 3352 testibus
638 3286 874 3370 heluco-regiis
886 3288 985 3370 probe
999 3291 1162 3369 comperta
1174 3291 1252 3351 sunt
1260 3288 1281 3349 ¹.
1296 3309 1312 3347 a

168 3393 334 3474 Fuerunt,
352 3394 410 3477 qui
425 3392 661 3460 Bonaventurae
678 3399 826 3479 parentes
844 3396 941 3478 longe
961 3394 1151 3471 ditissimos,
1170 3397 1202 3457 et
1220 3394 1336 3458 illustri
1354 3397 1423 3459 loco
1437 3398 1529 3460 natos
1541 3397 1724 3479 traderent3

126 3501 293 3566 fuerunte
306 3502 451 3582 diverso,
464 3503 522 3585 qui
533 3502 692 3585 plaheios,
708 3523 745 3568 ac
759 3522 886 3568 summe
902 3508 1017 3568 tenues
1034 3503 1133 3566 tuisse
1146 3502 1296 3565 dicerent.
1313 3500 1410 3565 Nobis
1424 3507 1533 3566 autem
1544 3503 1726 3571 istiusmodi

127 3609 268 3690 gloriola
282 3608 363 3672 nihil
378 3609 510 3674 honoris
519 3609 755 3676 Bonaventurae
769 3611 885 3676 addere
898 3611 1037 3689 videtur,
1052 3628 1128 3674 cum
1141 3613 1225 3673 recte
1238 3609 1416 3689 factorum,
1433 3614 1466 3674 et
1478 3629 1675 3694 magnorum
1691 3613 1727 3677 in

128 3715 342 3781 Christianam
358 3716 599 3800 Rempnblieam
616 3719 807 3783 meritorum
821 3736 888 3783 una
901 3718 943 3782 sit
962 3717 1086 3799 gloria,
1105 3721 1202 3800 atque
1220 3716 1292 3781 laus
1310 3717 1550 3783 consideranda.
1567 3717 1728 3784 «loannis
1753 3712 1755 3714 ’

128 3842 251 3888 nomen
263 3824 299 3887 in
312 3842 401 3889 sacro
419 3813 547 3890 lavacro
560 3826 695 3906 tulerat,
715 3829 752 3890 ut
770 3825 882 3890 docent
899 3829 1020 3891 veteres
1039 3825 1187 3901 codices,
1201 3824 1237 3888 in
1255 3824 1374 3906 quihus
1391 3823 1548 3889 loannem
1561 3826 1724 3891 nominari

128 3935 265 3996 testatur
279 3929 454 3996 Galesinius
467 3939 490 3998 ⁸.
506 3932 544 3997 Et
556 3933 698 3998 fortassis
711 3951 770 4016 pro
784 3933 960 3997 multorum
973 3952 1037 3997 usu
1048 3933 1083 3995 in
1097 3931 1284 3996 nominihus
1297 3932 1470 4006 nectendis,
1488 3933 1591 3997 dictus
1604 3937 1651 3997 est
1664 3932 1728 3998 Pe-

130 4041 203 4104 trus
218 4038 375 4119 ioanneS,
394 4039 447 4105 vel
463 4039 601 4104 loannes
619 4039 745 4105 Petrus.
765 4039 847 4104 Nam
864 4046 1009 4105 auctores
1022 4039 1398 4119 deteriorationem,
1413 4038 1516 4121 quiS.
1532 4040 1601 4106 Viri
1619 4058 1728 4107 aevum

132 4147 265 4230 propius
277 4146 474 4229 attigerunt,
489 4148 633 4212 scribunt
646 4165 762 4211 verum
774 4165 895 4212 nomeu
912 4150 984 4230 eius
997 4148 1095 4211 luisse
1110 4147 1240 4210 Petrum
1253 4146 1292 4210 de
1306 4144 1535 4211 Bonaventura
1543 4148 1564 4211 ⁸.
1579 4169 1594 4207 o

174 4252 203 4316 A
224 4271 328 4336 puero
349 4254 384 4316 in
403 4253 606 4318 mortiterum
627 4255 780 4320 morbum
801 4256 930 4334 incidit,
955 4258 1049 4338 cujus
1070 4255 1124 4338 pia
1146 4259 1249 4320 mater
1272 4272 1401 4319 summo
1421 4272 1573 4337 oppressa
1597 4256 1727 4334 dolore,

135 4357 168 4425 S.
182 4359 363 4440 Francisci,
382 4361 438 4442 qni
452 4362 522 4443 jam
535 4362 575 4426 de
587 4364 707 4426 recenti
719 4363 754 4426 in
766 4363 882 4427 ooelum
901 4362 1042 4442 abierat,
1061 4381 1155 4445 opem
1173 4367 1284 4445 petens
1297 4362 1412 4440 enixe,
1429 4363 1468 4425 tlt
1479 4361 1534 4425 illa
1551 4363 1619 4426 voti
1637 4379 1729 4426 com-

134 4486 211 4550 pos,
226 4471 258 4531 et
270 4485 351 4551 puer
362 4473 493 4551 repente
510 4470 660 4534 surrexit.
678 4494 694 4531 r
707 4470 766 4534 Per
777 4471 888 4552 ipsius,
907 4468 1014 4552 inquit
1027 4468 1252 4533 Bonaventura
1263 4468 1286 4548 ⁶,
1308 4468 1426 4547 (sancti
1440 4465 1616 4551 Francisoi)
1631 4468 1729 4535 invo-

137 4576 293 4640 cationem
306 4580 339 4639 et
350 4577 479 4655 merito,
496 4576 530 4639 in
543 4577 657 4659 puerili
676 4581 768 4641 aetate
777 4623 789 4656 ,
808 4577 890 4641 sicut
907 4576 1028 4642 recenti
1040 4576 1197 4641 memoria
1214 4583 1324 4654 teneo,
1341 4576 1485 4639 amortia
1495 4575 1640 4640 faucibus
1653 4594 1730 4642 eru-

137 4686 205 4762 tus,
220 4683 248 4748 si
261 4684 419 4766 praeconia
431 4682 534 4748 laudis
547 4685 618 4766 eJus
630 4688 776 4765 tacuere,
791 4685 890 4750 timeo
901 4684 1034 4750 sceleris
1047 4683 1165 4765 argui,
1184 4687 1222 4747 ut
1234 4684 1394 4765 ingratus.

178 4790 324 4856 Pristinae
340 4790 516 4856 valetudini
531 4791 565 4855 in
577 4792 743 4873 integrum
758 4792 944 4870 restitutus,
963 4792 1020 4857 uhi
1038 4810 1097 4875 per
1111 4796 1239 4856 atatem
1255 4792 1367 4869 licuit,
1389 4793 1517 4875 juvenis
1530 4810 1656 4874 unum,
1675 4812 1731 4859 eo-

144 4938 225 5057 ctlts}
237 4936 352 5056 Serippo}
363 4935 395 5000 is,
410 4935 584 5058 ἷιιιέδιόιιςᾱιιιι.
599 4935 698 4988 Concil.
715 4938 734 4987 ll
751 4936 879 5003 interluit,
894 4937 999 5004 ejusque
1013 4937 1122 4990 brevem
1138 4937 1275 4989 ilistoriam
1288 4937 1403 4988 narravit
1410 4975 1419 5001 ‚
1432 4937 1501 5003 apud
1516 4938 1607 5004 labb,
1621 4943 1686 4991 tom.
1696 4941 1730 4991 ltl

162 5022 327 5071 onc1.‚par.
356 5023 429 5069 ,ιιιΙ
488 5045 494 5056 .

171 5080 249 5128 'llaec
259 5079 356 5129 auritus
370 5079 441 5128 lestis
455 5077 587 5129 Octavian.
601 5093 617 5128 a
630 5078 747 5130 Martiale
760 5079 787 5130 in
801 5082 871 5133 orat.
884 5080 915 5130 de
931 5080 988 5130 Vita
1001 5080 1028 5131 S.
1041 5081 1190 5144 florerent„
1205 5080 1273 5145 apud
1289 5078 1436 5132 solleriurn.

174 5151 272 5215 ‘Cupi
290 5150 353 5199 Vite
367 5151 395 5201 S.
407 5151 551 5213 domant,
566 5150 634 5214 apud
647 5150 792 5203 Sollerium.

174 5223 218 5276 ιιι.
234 5228 264 5276 ιιι
281 5225 366 5291 uait,
381 5239 408 5290 q.
419 5238 440 5277 1.

174 5298 235 5350 ⁸Sic
248 5297 403 5361 Theophilus
415 5296 589 5362 immundus,
602 5297 630 5348 in
642 5297 755 5349 indicato
769 5300 815 5352 SS.
828 5298 1040 5365 leodecensium,
1052 5301 1117 5350 tom.
1131 5299 1205 5362 vllt;
1220 5298 1352 5363 Lugduni,
1369 5302 1440 5361 1665,
1453 5314 1480 5364 p.
1491 5311 1592 5351 auru.

176 5369 222 5419 ⁸lu
235 5367 336 5420 Proeiat.
350 5369 382 5419 od
398 5367 481 5418 Vitam
494 5367 661 5420 SFrenrieci.

177 5456 211 5524 lul
225 5458 303 5509 Me
318 5459 455 5523 Reum
