4100 6300
326 527 330 534 ,
394 466 455 527 292
964 456 1276 523 sententiatum
1297 457 1370 524 LlB.
1396 459 1420 524 l.
1492 495 1498 504 .

394 600 471 665 Alta
484 597 615 665 claritat
627 597 722 675 solis,
747 594 816 662 ulia
829 594 963 662 claritas
982 595 1085 673 wne,
1100 598 1162 658 etc.
1218 595 1392 660 stantiam³
1408 615 1417 659 ε
1434 615 1530 679 ergo,
1547 596 1617 680 pari
1637 597 1782 674 ratione,
1796 597 1860 660 etin
1874 602 1931 681 spii

394 705 434 770 Et
458 710 580 770 constat
606 689 691 788 quod
720 704 778 766 uni
805 708 836 767 et
860 703 963 768 eidem
986 701 1164 767 secundum
1218 704 1357 768 tualibus
1373 729 1380 769 ε
1396 724 1491 789 ergo,
1506 706 1532 770 si
1546 706 1686 769 charitas
1704 706 1931 785 augauniae

395 815 536 879 diversos
547 817 646 878 status
656 813 788 881 debetur
801 812 965 877 diversum
979 811 1161 893 praeutium‚
1219 814 1395 877 secundum
1413 814 1568 893 accidens,
1583 832 1647 877 non
1659 812 1932 878 secundumsulstaa

395 923 511 987 scilicet
520 925 623 1004 majus
632 926 663 986 et
674 921 781 985 minus
796 942 803 984 :
819 920 874 984 sed
886 918 1075 1000 magnitudo
1085 935 1165 1000 prae·
1219 920 1307 984 tiam.

395 1031 451 1094 mii
465 1030 677 1095 substantialis
689 1028 858 1112 respondet
875 1027 1042 1110 quantitati
1061 1026 1166 1089 chari·
1258 1033 1289 1091 t.
1304 1027 1394 1105 ltem,
1410 1030 1496 1112 quod
1510 1034 1662 1111 augetur,
1680 1031 1819 1091 mutatur
1832 1031 1931 1110 :etqaot

395 1138 482 1217 tatis,
503 1156 568 1201 non
587 1137 763 1202 secundum
781 1137 958 1214 servorem,
978 1134 1031 1197 sed
1050 1152 1164 1198 secun
1218 1141 1357 1218 augetur
1384 1138 1560 1202 secundum
1590 1136 1819 1214 substantiam,
1840 1143 1933 1199 mnata

394 1245 472 1309 dum
486 1246 694 1310 substantiam
708 1264 717 1308 t
732 1263 828 1326 ergo,
844 1243 873 1307 si
890 1241 1046 1322 contingit
1058 1241 1165 1322 majus
1219 1245 1396 1310 secundum
1409 1246 1619 1310 substantiam
1636 1267 1644 1310 :
1667 1244 1723 1308 sed
1740 1242 1819 1326 quod
1834 1243 1933 1307 saldan

393 1354 566 1437 praemium
578 1354 675 1418 aliem
691 1353 817 1431 deberi,
830 1369 910 1433 ergo
929 1355 961 1415 et
978 1349 1164 1414 charitatem
1219 1352 1333 1417 tialiter
1343 1358 1497 1430 mutatur,
1505 1358 1552 1417 est
1561 1352 1932 1433 atiadnunoquanpria:

393 1461 643 1525 substantialiter
653 1443 778 1541 augeri.
1219 1478 1298 1542 ergo
1316 1462 1402 1544 quod
1416 1464 1555 1542 augetur
1570 1460 1751 1525 secundum
1764 1457 1933 1532 subamara,

435 1566 525 1645 Item,
540 1567 699 1650 contingit
709 1567 894 1631 charitatem
903 1563 1074 1642 meliorari,
1089 1578 1165 1626 cum
1218 1586 1283 1632 non
1316 1574 1426 1633 manet
1454 1591 1462 1633 :
1490 1569 1518 1632 si
1544 1586 1623 1651 ergo
1653 1568 1791 1632 charitas
1819 1585 1934 1648 nunquan

393 1674 514 1738 nonsit
534 1691 700 1738 summum
719 1673 841 1737 honum
862 1673 943 1737 :sed
964 1670 1102 1734 charitas
1120 1673 1166 1733 est
1219 1676 1336 1740 excidit
1356 1677 1417 1740 nisi
1436 1695 1492 1758 per
1510 1681 1677 1759 peecatum
1690 1725 1700 1752 ‚
1715 1674 1934 1757 sedsempuna

395 1781 480 1846 bona
490 1780 737 1846 substantialiter
749 1803 757 1844 :
768 1798 847 1862 ergo
861 1778 1018 1860 contingit
1032 1777 1165 1841 charita·
1219 1788 1284 1863 net,
1299 1801 1377 1865 ergo
1390 1802 1457 1848 non
1470 1790 1619 1866 augetur.

395 1894 461 1954 lem
474 1888 651 1953 secundum
668 1905 761 1951 suam
778 1886 989 1951 substantiam
1004 1886 1075 1949 tleri
1097 1902 1165 1948 mc-

395 1992 1165 2075 liorem:sed,utdtcitAugustinusunsepttmo
1493 2025 1724 2093 CONCLUSIO·

395 2108 434 2175 da
458 2108 633 2186 trinitate,
665 2128 680 2166 a
706 2106 741 2168 in
767 2104 984 2188 spiritualibus
1008 2103 1094 2167 idem
1119 2105 1167 2166 est
1989 2145 1990 2178 ᾖ

396 2218 502 2298 majus
517 2218 548 2279 et
562 2214 700 2278 melius:
722 2235 738 2273 a
760 2230 857 2294 ergo,
879 2231 954 2276 cum
975 2212 1113 2276 charitas
1126 2210 1167 2274 sit
1220 2180 1498 2238 ⁶²¹⁰m⁰⁸⁸⁶fflldlm
1508 2182 1694 2238 substanttam
1707 2183 1799 2251 ‘illm'
1807 2183 1933 2252 potatas
1989 2195 1990 2232 l

396 2326 471 2407 quid
483 2323 662 2408 spirituale,
676 2320 823 2405 possibile
840 2324 888 2385 est
899 2320 1077 2385 secundum
1088 2319 1165 2384 suh·
1255 2275 1353 2338 'mm'
1364 2287 1423 2342 Μ
1437 2276 1560 2341 “wem‘’
1579 2274 1617 2328 ⁸¹⁸
1630 2271 1786 2328 mmmm
1798 2271 1913 2326 mli

395 2434 545 2498 stantiam
558 2432 660 2515 ipsam
671 2429 752 2494 eltloi
764 2430 930 2511 majorem.
1260 2432 1353 2515 llesp.
1367 2433 1407 2497 ad
1425 2434 1504 2514 Arg.
1523 2433 1703 2497 Dicendum
1718 2431 1799 2515 quod
1811 2430 1933 2495 soeuadm

436 2538 532 2621 ltem,
554 2541 677 2603 constat
701 2536 803 2620 quod,
830 2536 866 2599 in
892 2554 958 2601 uno
982 2539 1014 2599 et
1037 2535 1164 2615 eodem,
1220 2559 1425 2606 communem
1445 2541 1628 2623 opinionem
1651 2558 1768 2604 verum
1785 2544 1826 2602 est
1840 2537 1934 2600 aaa·

396 2647 532 2712 charitas
550 2649 651 2729 potest
670 2646 705 2707 in
727 2646 882 2726 majorem
902 2643 1050 2707 effectum
1068 2649 1099 2706 et
1113 2661 1167 2706 ac·
1220 2655 1285 2713 tem
1311 2649 1558 2713 substantialiter
1579 2647 1711 2729 augeri.
1737 2646 1783 2711 Ad
1803 2646 1933 2724 mellina

395 2757 490 2820 tum:
506 2773 596 2835 ergo,
612 2772 687 2818 cum
702 2752 866 2833 majoritas
880 2752 1012 2816 allectus
1023 2751 1166 2815 veniata
1220 2757 1297 2820 tiam
1307 2757 1633 2839 autemobjectorum‚
1645 2751 1932 2836 distinguuntqridaa

395 2862 619 2943 magnitudine
637 2860 781 2939 virtutis,
797 2859 943 2942 possibile
963 2864 1010 2923 esi
1023 2858 1166 2922 charita-
1219 2870 1434 2947 augmentum
1456 2866 1633 2929 seeundum
1658 2864 1812 2947 duplieem
1829 2861 1931 2924 diea-

394 2972 460 3033 tam
491 2971 647 3052 majorem
679 2967 761 3031 eitlci
794 2965 971 3030 secundum
997 2966 1164 3029 virtutem.
1219 2974 1538 3055 iiam2aiigmsntum
1552 2972 1638 3036 enim
1657 2967 1930 3055 estquandaniaon'

394 3074 485 3140 ‘lunc
498 3093 610 3160 quaero
625 3096 633 3140 ι
647 3078 703 3142 aut
714 3073 851 3138 charitas
863 3073 1099 3152 adsuevimus,
1110 3076 1167 3136 aut
1219 3080 1358 3145 succedit
1371 3082 1491 3164 majus;
1504 3080 1565 3145 hoc
1575 3084 1687 3143 summ
1699 3073 1931 3163 potestessedupl·

395 3202 461 3248 non
477 3206 485 3248 ε
502 3184 529 3247 si
547 3185 607 3265 sic,
623 3202 721 3266 ergo,
734 3185 942 3264 augmentata
955 3182 1092 3260 virtute,
1108 3198 1166 3244 ne·
1220 3190 1320 3254 citer:
1344 3189 1395 3253 vei
1409 3189 1452 3253 its
1469 3189 1554 3270 quod
1571 3189 1652 3252 illud
1672 3189 1775 3267 idam,
1792 3185 1861 3269 quod
1876 3181 1930 3265 prin

395 3292 482 3357 desse
494 3297 541 3357 est
553 3292 667 3374 augeri
679 3290 848 3355 essentiam
860 3289 1036 3368 charitatis;
1050 3290 1164 3365 sinon,
1219 3298 1279 3361 inii
1299 3297 1422 3374 minus,
1448 3301 1556 3379 postea
1576 3298 1633 3360 [iat
1652 3299 1772 3379 majus,
1791 3295 1858 3357 sicat
1870 3291 1930 3353 boul

395 3402 473 3464 tuna
485 3417 595 3482 quaero
608 3399 647 3463 de
660 3398 717 3462 illa
728 3399 848 3463 virtute
861 3398 1041 3463 :anthabet
1054 3415 1165 3461 essen-
1220 3406 1336 3470 dieitur
1357 3406 1487 3487 augeri,
1503 3404 1555 3469 vel
1576 3405 1699 3488 aliquid
1715 3401 1797 3467 aliud
1810 3404 1928 3483 quanltsst

395 3505 493 3585 tiam,
508 3511 565 3569 aut
584 3523 648 3569 non
670 3526 676 3568 :
700 3505 727 3568 si
747 3504 811 3584 sic,
834 3504 980 3568 similiter
993 3522 1105 3587 quaero
1127 3505 1166 3568 de
1220 3518 1252 3577 et
1270 3513 1331 3577 hoc
1350 3512 1444 3577 modo
1466 3512 1603 3576 charitas
1623 3530 1691 3577 non
1713 3514 1849 3591 sugatur,
1865 3502 1929 3567 atti

395 3613 451 3677 illa
475 3635 483 3677 :
508 3631 587 3695 ergo
605 3613 657 3677 vel
678 3612 739 3677 erit
757 3612 846 3676 abire
864 3613 900 3675 in
917 3612 1098 3691 inlinitum,
1115 3612 1166 3675 vel
1220 3625 1313 3699 cunt3
1327 3621 1378 3686 vel
1392 3621 1462 3685 ideo
1475 3620 1559 3703 quod
1573 3620 1693 3685 minori
1711 3613 1927 3691 sueoedatnaja,

396 3738 523 3785 necesse
535 3726 582 3785 est
598 3721 691 3802 poni,
704 3720 791 3803 quoa
804 3720 924 3803 atqua
938 3723 1098 3801 augeatur
1113 3737 1167 3781 se·
1220 3748 1286 3794 non
1299 3721 1926 3807 iuemrnnumer0,sea00nsmaeaau2

276 3880 280 3895 ,
397 3829 539 3893 cundum
552 3827 763 3893 substantiam
784 3849 792 3893 :
810 3828 865 3892 sed
883 3846 949 3910 qua
967 3827 1091 3890 ratione
1105 3825 1167 3890 alia
1220 3837 1303 3901 sisui
1322 3837 1387 3900 dies
1406 3835 1558 3899 dicuntur
1571 3834 1706 3916 augeri,
1729 3851 1789 3897 non
1805 3830 1865 3911 quia
1876 3824 1926 3886 idea

396 3936 511 4014 virtus,
524 3940 557 4000 et
568 3937 716 4001 charitas.
1221 3945 1288 4009 dies
1304 3944 1408 4026 primo
1425 3943 1465 4006 sit
1482 3943 1605 4018 minor,
1629 3946 1662 4006 et
1675 3944 1779 4024 postea
1794 3928 1925 4017 maior&

303 4076 384 4131 saep
438 4048 500 4113 Sed
522 4052 632 4112 eontra
648 4067 657 4111 ε
671 4052 702 4111 l.
726 4046 867 4111 Charitas
888 4049 936 4110 est
957 4046 1060 4110 torma
1083 4062 1092 4109 t
1113 4045 1167 4108 sed
1221 4052 1297 4134 quia
1309 4052 1426 4115 minori
1439 4051 1578 4115 succedit
1589 4052 1695 4133 major
1712 4067 1721 4111 t
1737 4049 1778 4111 sic
1792 4045 1925 4109 dara
1986 4092 1987 4129 q

279 4152 326 4197 ¹³⁰⁸·
398 4157 503 4221 omnis
525 4156 628 4220 torma
649 4154 792 4218 consistit
812 4154 847 4216 in
871 4153 1006 4217 essentia
1028 4151 1168 4215 invaria·
1222 4158 1291 4239 geri
1311 4158 1517 4238 chariatsm,
1533 4177 1570 4221 ac
1590 4176 1647 4241 per
1668 4157 1728 4221 hoa
1746 4170 1826 4238 posse
1839 4143 1925 4213 aad&
1986 4134 1988 4223 l

397 4264 453 4329 bili
471 4281 573 4345 :ergo
590 4267 622 4327 et
636 4262 774 4326 charitas
792 4261 870 4325 :sed
887 4260 968 4324 nihil
981 4259 1167 4322 invariabile
1222 4265 1443 4349 oppositiones.
1464 4264 1525 4330 Sed
1540 4264 1653 4347 positio
1668 4265 1744 4343 ista,
1756 4267 1925 4339 utsuprapa
1943 4282 1973 4321 a*

397 4372 574 4437 secundum
599 4369 790 4446 essentiam,
822 4370 961 4449 augetur
988 4366 1168 4432 secundnm
1222 4374 1333 4437 batum
1348 4378 1412 4448 est,
1427 4391 1494 4437 non
1513 4376 1614 4455 potest
1633 4376 1717 4436 stare
1735 4393 1743 4433 ε
1763 4360 1924 4432 mame
1942 4352 1966 4449 ζ

397 4479 566 4544 essentiam
583 4502 590 4544 :
607 4497 686 4561 ergo
699 4497 759 4542 nec
772 4476 921 4542 charitas.
1223 4481 1309 4544 euim
1322 4480 1423 4563 qaod,
1439 4479 1590 4543 charitate
1606 4481 1752 4543 manente
1767 4474 1868 4543 eadem
1879 4480 1924 4528 0⁰¹¹·
1936 4474 1972 4573 ζ’

438 4593 468 4652 2.
493 4586 571 4652 item
598 4587 654 4652 ubl
679 4589 910 4668 augmentum,
934 4584 979 4648 ibi
1003 4584 1110 4664 majus
1138 4586 1169 4645 el
1223 4587 1320 4668 tingit
1333 4588 1417 4651 circa
1435 4588 1546 4652 eadem
1565 4586 1636 4650 fieri
1656 4582 1868 4651 erementnnet
1881 4587 1923 4653 ptr·
1937 4602 1963 4639 a

398 4699 531 4763 minus¹
548 4721 555 4762 ε
573 4698 697 4764 sedubi
710 4702 758 4762 est
771 4697 969 4781 simplicitas,
984 4696 1030 4759 ihi
1043 4712 1109 4757 non
1123 4698 1170 4756 est
1223 4698 1402 4761 lectionem.
1427 4694 1467 4759 Et
1488 4696 1559 4770 ideo
1581 4673 1923 4763 attendendumque
1984 4774 1985 4777 Ἴ

398 4809 505 4889 majus
518 4810 550 4871 et
565 4807 673 4871 miuus
689 4829 697 4871 :
713 4806 740 4870 si
753 4824 832 4888 ergo
848 4804 986 4869 charitas
1007 4808 1055 4867 cst
1068 4802 1170 4866 torma
1224 4809 1438 4886 augmentum
1447 4803 1590 4886 sequitur
1597 4803 1795 4884 quantitatem
1805 4786 1923 4875 :quatita

398 4916 536 4999 simplex
548 4921 580 4980 et
591 4934 658 4980 non
671 4919 813 4992 extensa,
824 4914 860 4978 in
870 4911 1022 4978 charitate
1032 4910 1171 4975 nouerit
1225 4917 1332 4976 autem
1344 4911 1460 4975 dicitur
1473 4910 1658 4994 dupliciter,
1671 4909 1780 4974 scilicet
1793 4896 1896 4987 propat.
1905 4894 1922 4948 ‘²

398 5028 624 5105 augmentum.
1225 5018 1464 5101 metaphorice⁸
1503 5039 1511 5081 ε
1541 5018 1670 5100 proprie
1696 5016 1800 5080 dicitur
1819 4999 1922 5089 pata

440 5137 470 5196 3.
496 5131 575 5196 ltem
597 5135 811 5214 augmentum
832 5130 867 5193 in
887 5126 1105 5212 corporalibus
1124 5128 1172 5190 est
1226 5126 1329 5204 molis,
1344 5130 1376 5190 et
1388 5126 1458 5189 haec
1471 5130 1517 5189 est
1532 5124 1567 5188 in
1581 5104 1920 5208 corporalibusurldll·

400 5220 580 5305 secuudum
600 5240 764 5319 accidens,
780 5244 811 5302 et
824 5236 1079 5302 nonsccundum
1093 5235 1170 5300 sub·
1225 5235 1301 5316 rice,
1316 5234 1476 5319 quantitas
1486 5233 1628 5312 virtutis,
1641 5210 1920 5306 ethaeoinspiritutl't
1983 5282 1984 5323 q

435 5402 530 5464 mus,
541 5401 571 5451 a
585 5402 663 5460 aare„
675 5401 718 5451 tn.
730 5401 774 5463 vr,
787 5416 810 5450 e.
823 5411 886 5463 vin,
900 5413 931 5449 n.
941 5402 964 5450 a.
975 5425 1007 5436 -
1018 5400 1030 5433 ²
1040 5399 1126 5463 sesa,
1140 5397 1171 5447 ue
1226 5402 1295 5449 eona.
1305 5401 1329 5449 a.
1343 5425 1375 5438 -
1387 5399 1398 5434 ε
1411 5398 1492 5461 taem,
1502 5395 1578 5459 aaa,
1588 5397 1634 5448 na.
1646 5396 1710 5457 vsu,
1720 5378 1917 5444 east-¹¹⁸2

404 5470 504 5534 Genea,
520 5472 566 5523 lib.
584 5475 610 5538 l,
628 5475 752 5523 oont.3t.
768 5472 824 5509 -l
844 5472 924 5535 ldem,
943 5470 1041 5536 deat'c.
1061 5470 1106 5520 lib.
1133 5472 1165 5533 V,
1226 5469 1490 5533 deducebam,
1504 5483 1527 5519 c.
1540 5480 1569 5520 ιιι
1582 5474 1672 5533 etseq.
