4100 6300
756 514 972 584 ltlS'llNG'llO
993 518 1046 583 lX.
1635 521 1692 584 167

146 648 263 721 Eidem
282 674 415 744 quoque
434 653 598 723 Arianicae
614 653 789 746 quaestioni
805 653 1000 723 Ambrosius
1023 663 1032 698 ¹
1051 654 1087 723 in
1109 654 1199 723 huno
1215 654 1350 723 modum
1368 653 1541 747 respondet
1559 679 1566 721 :
1583 654 1691 744 «Ego,
1709 664 1810 735 respon.

1706 738 1739 769 sto
1757 729 1811 771 Am·

96 767 251 860 iuquam,
266 767 388 838 Filium
401 792 469 838 esse
482 779 597 838 uatum
611 771 791 839 confiteor:
807 770 896 860 quod
912 770 1078 861 reliquum
1093 777 1139 838 est
1149 770 1336 862 impietatis,
1348 771 1510 839 horresco.
1526 769 1692 863 Scriptum
1707 789 1772 862 brena
1784 793 1812 837 aa

98 893 148 956 est
161 885 250 953 enim
264 884 299 953 in
308 884 421 954 Veteri
435 886 640 955 Testamenta
654 896 677 971 ²,
692 893 731 955 ut
744 887 795 956 vel
809 909 916 954 unum
930 908 947 954 e
960 886 1112 978 pluribus
1128 886 1234 955 dicam
1249 911 1257 953 ε
1272 888 1360 955 Ante
1378 910 1431 955 me
1446 910 1511 955 nort
1521 888 1593 978 suit
1606 888 1692 955 alita
1714 853 1804 961 diioui

97 1005 198 1084 Deus,
218 1013 250 1070 et
263 1013 344 1093 post
363 1024 418 1070 me
438 1026 506 1071 nore
525 1003 599 1071 erit.
616 1002 697 1084 Quis
709 1024 787 1090 ergo
807 1003 868 1072 hoc
888 1002 988 1070 dicit?
1007 1004 1106 1071 Pater
1119 1026 1162 1071 an
1175 1002 1304 1071 Filius?
1326 1002 1362 1072 Si
1376 1003 1506 1072 Filius:
1528 1006 1616 1073 Ante
1628 1026 1689 1087 me,
1706 981 1811 1026 ΜΝ

66 1166 75 1179 .
97 1117 229 1209 inquit,
246 1141 314 1185 nen
332 1118 405 1209 suit
426 1118 512 1187 alius
533 1121 631 1187 Deus.
656 1117 693 1187 Si
712 1118 833 1186 Pater:
856 1122 937 1187 Post
948 1141 1012 1201 me,
1031 1119 1153 1211 inquit,
1169 1143 1236 1187 reon
1250 1120 1323 1188 erit.
1342 1120 1403 1188 Hic
1415 1121 1573 1212 priorem,
1590 1128 1623 1189 et
1635 1120 1692 1189 ille

97 1234 310 1325 posteriorem
334 1257 402 1303 non
419 1235 528 1303 hahet.
548 1235 697 1304 Invicem
721 1234 811 1303 enim
836 1235 872 1303 in
891 1258 938 1322 se,
962 1245 995 1304 et
1007 1245 1018 1281 ⁸
1031 1236 1128 1305 Pater
1147 1237 1183 1304 in
1200 1237 1299 1324 Filio,
1314 1243 1346 1305 et
1359 1236 1466 1305 Filius
1479 1237 1514 1305 iu
1527 1237 1625 1306 Patre
1639 1259 1692 1306 co-

97 1351 277 1438 gnoscitur.
303 1350 388 1420 Cum
411 1351 499 1419 enim
521 1351 818 1437 Patrem-dixeris,
842 1350 914 1443 ejus
935 1352 1034 1420 etiam
1050 1352 1171 1421 Filium
1192 1351 1387 1442 designasti,
1403 1353 1482 1444 quia
1507 1374 1605 1422 nemo
1622 1353 1691 1445 ipse

98 1473 192 1558 pater
213 1474 261 1534 est
285 1466 348 1534 sihi
364 1492 373 1534 t
389 1490 465 1536 cum
486 1467 612 1536 Filium
633 1468 794 1554 nominas,
820 1469 919 1536 etiam
936 1467 1069 1536 Patrem
1086 1468 1218 1549 lauris,
1234 1469 1313 1559 qnia
1329 1491 1426 1538 nemo
1440 1469 1508 1560 ipse
1523 1468 1586 1537 sihi
1600 1468 1691 1537 filius

98 1591 159 1651 est.
180 1583 294 1675 ltaque
315 1607 375 1653 nec
392 1584 498 1654 Filius
519 1585 589 1676 sine
606 1586 724 1671 Patre,
749 1607 808 1653 nec
826 1584 924 1653 Pater
936 1591 1042 1676 potest
1055 1606 1123 1653 esse
1137 1585 1207 1653 sine
1220 1584 1306 1653 Filio
1324 1610 1331 1652 :
1347 1607 1476 1677 semper
1489 1608 1567 1675 ergo
1577 1586 1688 1672 Patcr,

98 1720 227 1791 semper
240 1707 273 1767 et
285 1698 391 1768 Filius
408 1708 468 1768 est.
484 1727 503 1767 r

144 1815 225 1883 Item
237 1826 261 1900 ¹,
280 1814 368 1903 edic,
384 1818 533 1909 inquam,
549 1817 644 1905 mihi,
660 1818 820 1903 heretice,
832 1817 937 1886 fuitne
950 1817 1084 1909 quando
1097 1817 1304 1909 omnipotens
1316 1816 1510 1887 DeusPater
1523 1840 1591 1887 non
1605 1828 1685 1906 erat,
1713 1831 1808 1878 luceto

1713 1894 1802 1940 Ambro-

100 1938 132 2000 et
145 1930 232 2000 Deus
245 1936 338 2001 erat?
342 1984 409 2001 .....
425 1934 508 2002 Nam
522 1934 550 2001 si
563 1935 660 2003 Pater
673 1957 740 2003 esse
757 1935 873 2025 coepit,
889 1933 978 2002 Deus
991 1957 1069 2024 ergo
1084 1934 1190 2025 primo
1205 1940 1286 2020 erat,
1302 1942 1333 2001 et
1351 1942 1460 2026 postea
1472 1935 1570 2003 Pater
1583 1935 1688 2005 lactus
1702 1956 1809 2002 uticona·

100 2056 159 2116 est.
175 2048 346 2130 Quomodo
359 2072 437 2140 ergo
450 2050 664 2119 immutabilis
679 2051 764 2118 Dens
778 2055 847 2118 est?
861 2050 899 2118 Si
912 2051 1000 2118 enim
1018 2058 1093 2119 ante
1112 2050 1199 2118 Dens
1208 2103 1217 2137 ,
1233 2058 1343 2143 postea
1363 2051 1462 2120 Pater
1479 2052 1556 2140 luit,
1573 2052 1688 2143 utique
1711 2021 1799 2127 li?

98 2140 318 2255 generationis
331 2166 511 2235 accessione
524 2174 670 2235 mutatus
684 2174 742 2234 est.
759 2165 822 2235 Sed
837 2176 961 2235 avertat
973 2167 1064 2235 Deus
1081 2167 1163 2236 hanc
1176 2168 1363 2235 amentiam.
1380 2192 1399 2231 n

148 2281 243 2351 «Sed
258 2283 380 2375 quaeris
393 2306 413 2351 a
426 2306 498 2370 me,
514 2284 623 2375 inquit
638 2283 832 2353 Ambrosius
845 2286 867 2366 ⁸,
885 2283 1069 2374 quomod0,
1085 2284 1114 2351 si
1134 2283 1241 2352 Filius
1262 2283 1322 2369 sit,
1340 2306 1408 2352 non
1429 2285 1572 2376 priorem
1592 2285 1690 2356 hahet
1710 2289 1809 2398 aiiii

98 2399 257 2468 Patrem?
272 2400 392 2482 Quaero
412 2399 490 2468 item
505 2400 562 2469 ahs
576 2408 618 2487 te,
635 2399 768 2491 quando
782 2399 835 2467 vel
849 2399 1015 2489 quomodo
1033 2399 1156 2468 Filium
1174 2408 1268 2492 putes
1287 2422 1354 2468 esse
1371 2407 1589 2489 generatum:
1607 2403 1688 2471 mihi
1703 2419 1809 2520 {tssmffll

98 2516 188 2583 anim
211 2515 411 2608 impossihile
429 2523 476 2583 est
498 2515 715 2605 generationis
737 2516 818 2585 scire
840 2524 1011 2586 secretum.
1027 2516 1119 2584 Mens
1132 2515 1253 2601 deficit,
1269 2538 1335 2584 vox
1350 2515 1435 2601 silet,
1451 2538 1518 2584 non
1532 2539 1605 2586 mea
1616 2526 1689 2588 tan·
1716 2485 1810 2648 ilii

1733 2616 1746 2646 d
1762 2618 1787 2647 02

98 2638 184 2717 tum,
200 2632 254 2699 sed
268 2639 301 2700 ει
313 2633 521 2721 angelorum,
534 2655 633 2724 supra
646 2640 836 2724 potestates,
854 2640 885 2701 et
899 2655 999 2725 supra
1016 2631 1162 2721 angelos,
1175 2643 1206 2700 et
1224 2654 1324 2723 supra
1341 2631 1528 2722 cherubim,
1544 2643 1576 2703 et
1589 2659 1689 2727 supra
1714 2665 1798 2738 raram

98 2747 282 2837 seraphim,
306 2771 407 2840 supra
434 2771 565 2817 omnem
588 2772 719 2817 sensum
741 2756 789 2817 est
808 2773 816 2816 τ
833 2750 912 2841 quia
925 2749 1080 2840 seriptum
1096 2756 1167 2816 est¹
1185 2773 1193 2815 :
1209 2752 1284 2817 Poe
1299 2748 1424 2818 Christi
1436 2773 1539 2843 supra
1557 2775 1688 2822 omnem
1702 2741 1810 2835 lliffi

97 2885 229 2933 sensum
244 2878 302 2933 est.
317 2866 360 2933 Et
372 2865 400 2934 si
412 2889 476 2958 pax
489 2865 610 2934 Christi
623 2888 723 2957 supra
736 2887 866 2933 omnem
881 2887 1012 2934 sensum
1025 2873 1088 2949 est,
1108 2864 1273 2956 quomodo
1294 2887 1362 2934 non
1375 2873 1422 2934 est
1439 2890 1540 2958 supra
1556 2892 1688 2939 omnem
1712 2852 1753 2896 ‘¹⁰⁸
1769 2867 1808 2910 μ’

1711 2917 1803 2959 acredo·

97 3002 232 3049 sensum
251 2990 342 3050 taum
360 2973 526 3071 generatio
544 2987 560 3049 ‘l
585 2983 636 3051 Tu
654 3005 731 3071 ergo
748 2983 797 3050 ori
823 3004 958 3050 manum
977 2980 1143 3051 ⁷admove
1163 3007 1171 3048 z
1191 2982 1330 3051 serutari
1350 3005 1418 3050 non
1444 2984 1521 3052 licet
1544 3008 1687 3077 superna
1703 2978 1744 3049 ³³¹⁵
1757 2991 1799 3022 ”⁰¹¹

1702 3041 1806 3098 iutelligi-

98 3099 265 3190 mysteria.
281 3098 477 3187 licetscire,
492 3099 582 3193 quod
595 3108 692 3170 natus
704 3099 762 3183 sit3
781 3120 849 3168 non
861 3098 936 3168 licet
950 3097 1110 3167 discutere
1129 3097 1293 3189 quomodo
1312 3106 1409 3168 natus
1425 3100 1478 3169 sit.
1499 3101 1589 3171 Illud
1603 3103 1686 3172 mihi
1708 3101 1808 3209 ξζιξῶζξ

96 3238 218 3304 negare
238 3239 304 3284 non
327 3216 424 3301 licet3
443 3217 505 3285 hoe
525 3239 673 3308 querere
694 3224 801 3284 metus
824 3223 882 3284 est.
898 3242 915 3282 s
933 3213 1113 3284 Ineffahilis
1134 3213 1223 3280 enim
1243 3223 1291 3283 est
1313 3215 1370 3285 illa
1390 3218 1575 3306 generati03
1598 3221 1686 3290 uude
1717 3227 1792 3274 Μ

95 3330 220 3400 lsaias⁸
237 3357 245 3399 ε
264 3334 516 3402 Generationem
532 3334 602 3424 ejus
616 3333 688 3425 quis
702 3332 896 3401 enarrabit?

141 3447 281 3529 Quidam
300 3457 410 3519 tamen
429 3450 470 3518 de
484 3451 617 3539 ingenio
637 3472 697 3518 suo
717 3457 950 3542 presumentes
960 3501 969 3534 ,
986 3448 1100 3518 dicunt
1112 3449 1205 3517 illam
1218 3450 1461 3539 generationem
1475 3474 1568 3543 posse
1589 3453 1686 3523 intel·
1714 3463 1807 3580 ἔξω

89 3565 169 3654 ligi,
185 3566 294 3633 etalio
313 3566 515 3657 hujusmodi,
531 3567 726 3636 inhaerentes
736 3568 787 3636 illi
800 3565 985 3635 auctoritati
998 3566 1190 3656 Hieronymi
1207 3590 1302 3658 super
1313 3568 1547 3636 Ecclesiastem
1563 3574 1594 3637 ⁹:
1612 3596 1630 3636 «
1645 3571 1684 3639 ln
1701 3590 1807 3633 mutus

91 3682 196 3751 sacris
220 3681 415 3774 Scripturis,
434 3684 535 3768 Quis,
550 3683 726 3774 saepissime
739 3706 807 3752 non
823 3707 882 3774 pro
896 3683 1102 3774 impossibili,
1117 3683 1174 3752 sed
1186 3705 1246 3774 pro
1260 3682 1386 3751 difficili
1399 3684 1545 3774 ponitur,
1560 3695 1598 3754 ut
1611 3686 1657 3754 ibi
1674 3713 1682 3756 :
1711 3655 1806 3785 ¹033:

94 3800 351 3870 Generatiorsem
366 3800 436 3890 ejus
451 3800 522 3892 quis
537 3799 728 3868 coenabit?
744 3825 761 3866 n
778 3800 842 3869 Sed
856 3801 918 3868 hoc
930 3823 997 3869 uon
1011 3799 1090 3867 dicit
1102 3799 1342 3890 Hieronymus,
1358 3799 1431 3869 ideo
1445 3801 1534 3892 quod
1547 3824 1684 3891 genera·
1708 3779 1794 3883 ,iiiii

90 3915 142 3984 tio
154 3915 182 3983 F
182 3915 232 3984 ilii
245 3924 368 3984 aetema
381 3916 476 4008 plene
490 3916 632 4006 intelligi
644 3916 698 4004 pel
712 3917 865 4008 explicari
880 3916 1012 4008 possita
1025 3938 1194 4008 quoquam
1208 3916 1416 4004 mortalium3
1432 3917 1488 3985 sed
1501 3918 1632 4008 quiade
1646 3943 1686 3988 ea

91 4031 222 4124 aliquid
244 4032 406 4123 intelligi,
428 4033 482 4101 vel
504 4033 568 4101 dici
591 4041 704 4124 potest.
729 4032 872 4114 Quidam
885 4033 906 4072 ¹⁰
920 4040 1030 4101 umen
1045 4032 1105 4101 hoc
1127 4033 1291 4124 accipiunt
1307 4032 1431 4102 dictum
1448 4034 1489 4102 de
1512 4036 1685 4127 temporali

65 4179 70 4190 ·
91 4147 217 4217 Christi
242 4151 462 4239 generatione.

139 4266 201 4334 Hic
214 4267 319 4358 quaeri
331 4275 447 4359 potest,
462 4290 539 4335 cum
551 4267 718 4357 generatio
733 4267 810 4336 Filii
825 4268 954 4336 aPatre
968 4289 1028 4336 nec
1041 4266 1238 4359 principium
1252 4266 1382 4350 habeat,
1399 4288 1459 4334 nec
1475 4265 1590 4353 linem,
1606 4268 1684 4359 quia
1715 4285 1800 4391 ,lffl

90 4393 220 4454 aeterna
232 4391 292 4470 est,
310 4391 424 4452 utrum
438 4383 553 4453 debeat
566 4384 653 4452 dici:
675 4383 812 4452 «Filius
831 4406 958 4475 semper
971 4384 1137 4473 gignitur,
1154 4409 1171 4448 a
1191 4384 1244 4451 vel
1260 4409 1278 4449 κ
1293 4404 1421 4475 semper
1440 4384 1571 4472 genitus
1583 4390 1650 4470 est,
1667 4409 1685 4450 n
1727 4408 1785 4451 usn

90 4499 149 4570 vel
165 4521 324 4592 «semper
335 4500 500 4590 gignetur.
513 4526 531 4565 n
548 4500 595 4569 De
609 4501 670 4570 hoo
683 4500 888 4592 Gregorius1¹
901 4524 996 4592 super
1009 4500 1069 4568 Jod
1083 4500 1131 4569 ait
1144 4524 1152 4566 :
1166 4498 1357 4568 «Dominus
1371 4498 1459 4567 Deus
1471 4499 1577 4587 lesus,
1593 4500 1629 4568 iu
1647 4523 1686 4571 eo
1709 4469 1808 4589 {iffi

90 4616 185 4709 quod
200 4616 305 4685 virtus
319 4625 351 4684 ct
366 4618 524 4709 sapientia
543 4617 602 4686 Dei
620 4626 688 4703 est,
707 4618 748 4687 de
761 4618 859 4686 Patre
875 4626 950 4686 ante
964 4626 1110 4709 tempora
1123 4625 1220 4684 natus
1235 4624 1284 4685 est
1300 4641 1307 4682 :
1324 4615 1378 4683 vel
1391 4615 1516 4706 potius,
1533 4616 1613 4708 quia
1626 4639 1686 4687 nec
1701 4595 1807 4715 §2222

90 4734 196 4826 coepit
209 4733 317 4819 nasei,
332 4755 391 4801 nec
404 4733 516 4820 desiit,
533 4734 681 4802 dicamus
693 4735 816 4820 verius,
832 4756 989 4825 «semper
1002 4741 1099 4801 natus
1114 4757 1122 4799 ε
1138 4759 1156 4798 »
1165 4755 1240 4801 non
1254 4738 1365 4801 autem
1378 4753 1552 4823 possumus
1564 4732 1684 4820 dicere,
1714 4725 1795 4828 ξὶζῖιξζῗ

96 4877 116 4916 a
130 4872 260 4941 semper
273 4849 458 4937 noscitans
472 4872 513 4917 nc
527 4850 735 4943 imperfectus
744 4874 812 4920 esse
823 4850 984 4918 videatur.
996 4852 1041 4918 nt
1052 4871 1142 4934 vero,
1156 4857 1193 4917 ut
1206 4860 1348 4917 aeternus
1357 4846 1521 4937 designari
1534 4848 1642 4918 valeat
1654 4857 1687 4919 et
1748 4855 1750 4861 “

91 4965 262 5058 perfectus
274 4988 414 5059 semper,
428 4967 574 5036 dicamus
587 4977 619 5036 et
635 4994 652 5033 a
666 4975 783 5037 natus:
800 4992 818 5033 n
833 4975 993 5057 quatenns
1007 4975 1040 5034 et
1052 4977 1151 5033 notas
1167 4965 1208 5033 ad
1223 4963 1452 5056 perlectionem
1466 4965 1638 5056 pertineat,
1654 4977 1688 5037 et

90 5105 224 5175 seraper
242 5082 283 5151 ad
297 5082 512 5152 aeternitatem
529 5109 537 5152 ε
552 5084 704 5176 quamvis
722 5107 778 5175 per
800 5085 861 5153 hoc
874 5085 983 5176 ipsum
1001 5083 1091 5174 quod
1110 5082 1290 5173 perfectum
1310 5081 1468 5168 dicimus,
1486 5082 1632 5152 multum
1645 5085 1687 5154 ab

130 5338 140 5373 ¹
151 5336 284 5400 Ambrae,
298 5334 328 5385 de
340 5334 403 5386 Fide
415 5335 450 5385 od
462 5336 590 5396 Grotius,
605 5335 650 5385 lib.
663 5336 672 5384 t
680 5372 689 5399 ‚
705 5348 728 5384 c.
739 5346 799 5400 vni,
812 5350 839 5386 n.
852 5339 891 5387 55.
901 5362 932 5372 -
944 5337 1035 5398 ¹lroa',
1048 5346 1127 5399 rain,
1144 5338 1182 5386 tt.
1195 5361 1221 5370 -
1232 5333 1334 5393 ¹loon,
1350 5344 1403 5397 xiv,
1415 5334 1684 5398 tlh-umbros,

93 5410 126 5462 de
142 5409 214 5470 Fide,
229 5407 275 5458 lib.
286 5408 313 5473 l,
327 5422 350 5458 c.
362 5419 404 5472 11,
419 5405 685 5467 n.ee-oo.-·1uu.‚
700 5421 723 5456 c.
733 5418 761 5470 x,
771 5421 798 5457 n.
809 5410 849 5459 61.
867 5435 894 5445 -
911 5407 1036 5471 tetius,
1051 5419 1086 5470 rr,
1099 5410 1123 5457 l.
1140 5408 1190 5444 -7
1200 5403 1292 5467 tecla,
1303 5418 1328 5469 v,
1343 5409 1382 5457 11.
1399 5432 1430 5444 -
1450 5407 1539 5467 ¹lsai,
1555 5418 1613 5471 uu,
1624 5410 1648 5457 8.
1661 5433 1688 5442 -

93 5481 236 5543 ¹Hieron,
253 5480 390 5530 Commeat.
405 5479 432 5528 io
442 5493 496 5544 cop.
507 5490 537 5529 111
551 5478 657 5539 Erotes,
673 5481 698 5528 et
710 5478 767 5528 ado.
781 5477 922 5543 Pelopiae„
936 5479 980 5528 lib.
993 5480 1014 5527 11
1030 5478 1112 5542 (inter
1125 5478 1213 5542 Epist,
1229 5482 1248 5528 t.
1259 5478 1292 5542 lt,
1306 5477 1356 5527 col.
1367 5479 1422 5542 432,
1436 5476 1498 5529 edit.
1512 5477 1593 5529 Paris.
1609 5480 1688 5539 1518).

96 5578 126 5590 -
140 5554 162 5590 ¹⁰
171 5552 226 5604 Lao
241 5552 311 5616 Papa
324 5553 350 5601 at
362 5549 550 5615 Dionysius·
562 5551 584 5587 ¹¹
595 5551 713 5615 Gregor,
726 5549 819 5602 tlorut.
834 5549 879 5601 lto.
892 5550 987 5614 xxix,
1001 5563 1025 5600 c.
1036 5561 1055 5600 1.
