4100 6300
882 510 990 585 VITA,
1683 533 1727 581 xv

133 649 281 717 omnium
304 650 469 734 suffragiis
488 650 607 733 dignus
629 649 815 725 haberetur,
835 647 893 731 qui
912 644 1028 711 ioanni
1050 643 1214 717 Parmensi
1236 644 1395 717 Minorem
1416 645 1560 719 Generali
1583 647 1728 719 Ministro

131 756 326 823 succederet.
342 758 440 837 Rem,
456 758 729 841 quemadmodum
742 758 880 838 oportet,
898 757 1044 817 accurate
1058 754 1206 835 exposuit
1218 752 1419 835 Waddingus
1430 762 1452 818 ¹.
1469 754 1550 819 Cum
1563 755 1728 837 dignitatis

130 868 308 945 pertaesus,
324 871 355 935 61
369 866 489 931 mirum
502 866 535 928 in
549 865 682 929 modum
697 865 866 929 divexatus
877 864 959 927 esset
971 858 1171 939 Parmensis,
1186 860 1360 927 Alexandri
1372 860 1412 926 11
1426 862 1555 927 monitis
1567 867 1599 926 61
1608 863 1728 931 suasio·

129 971 250 1047 nibus,
266 972 429 1054 generalia
447 974 576 1038 comitia
589 972 782 1039 coadunavit
797 969 906 1035 Romae
919 989 1004 1035 anuo
1018 974 1116 1049 1156,
1132 974 1171 1035 tt
1184 989 1284 1039 nonas
1297 969 1459 1041 1611111111.
1475 967 1599 1045 Quibus
1611 970 1656 1039 ita
1667 969 1727 1035 ad·

128 1078 253 1157 ductis,
278 1085 426 1145 causatus
439 1080 501 1145 fuit
515 1081 657 1162 primum
671 1098 705 1143 se
723 1079 797 1160 plns
809 1078 909 1147 nimio
927 1077 1028 1142 Olllcii
1042 1095 1138 1143 onere
1157 1077 1279 1160 premi,
1299 1076 1422 1157 sibique
1436 1075 1536 1140 videri
1550 1077 1727 1147 substinere

127 1202 212 1249 onus
226 1185 321 1251 AEtua
332 1187 475 1268 gravius.
500 1186 645 1269 itemque
659 1185 782 1268 ingenii
793 1184 1062 1263 imbecillitatem,
1087 1189 1183 1266 atque
1194 1188 1321 1247 aetatem
1330 1185 1399 1265 jam
1415 1201 1514 1265 prope
1527 1188 1630 1247 actam
1650 1203 1727 1248 cau·

127 1284 283 1374 sabatur3
299 1294 351 1357 cui
362 1293 512 1376 quamvis
524 1297 745 1375 repugnarent
759 1289 866 1355 Patres
874 1339 884 1371 ,
902 1288 1083 1355 Parmensis
1094 1296 1203 1355 taurea
1216 1295 1291 1355 vota
1304 1290 1450 1366 audiere,
1466 1295 1496 1359 61
1510 1290 1670 1355 Generalis
1681 1291 1727 1357 di·

125 1399 307 1480 gnitatem,
323 1401 376 1464 cui
389 1400 442 1464 ille
455 1400 545 1471 nulla
559 1401 709 1467 inductus
721 1401 755 1463 vi
769 1399 922 1469 nuntium
940 1398 1090 1474 miserat,
1104 1396 1338 1467 Bonaveutura
1346 1401 1415 1480 jam
1429 1401 1499 1467 tum
1513 1397 1726 1469 1116111661-

125 1506 284 1573 tulerunt.
307 1505 368 1570 Ubi
381 1526 415 1571 se
428 1506 469 1575 ad
483 1506 609 1572 Ordinis
621 1506 841 1588 gubernacula
854 1506 1061 1586 designatum
1075 1505 1231 1575 intellexit
1242 1503 1486 1583 Bonaveutura,
1502 1505 1616 1579 restitit
1628 1524 1726 1593 quam

125 1613 271 1679 maxime
282 1615 403 1701 potuit,
419 1617 452 1678 at
462 1631 529 1679 uon
541 1613 675 1697 pervicit
687 1618 807 1677 tamen.
824 1611 988 1697 Siquidem
1003 1611 1037 1675 S.
1054 1611 1087 1677 P.
1104 1617 1227 1691 coactu,
1247 1611 1441 1693 Patrumqus
1452 1612 1641 1693 efflagitatu,
1654 1631 1727 1693 gra·

124 1738 202 1784 vem
215 1721 278 1784 sibi
291 1720 490 1804 provinciam
509 1721 721 1793 concreditam
740 1720 792 1785 vel
811 1720 933 1789 invitus
952 1719 1101 1802 suscepit.
1124 1718 1176 1782 Sic
1193 1719 1246 1785 ille
1264 1719 1415 1783 universo
1436 1718 1547 1789 Ordiui
1564 1721 1725 1798 scribens,

124 1827 193 1891 ait:
214 1826 330 1893 «Licet
348 1826 608 1893 insufficientiam
628 1845 734 1890 meam
749 1826 786 1891 ad
807 1827 974 1895 ferendum
992 1844 1076 1890 onus
1089 1826 1277 1911 impositum
1297 1844 1523 1906 cognoscerem
1541 1827 1724 1908 manifeste,

123 1952 183 2016 per
196 1934 395 1998 debilitatem
410 1934 569 2017 corporis,
585 1934 857 2017 imperfectionem
871 1933 1008 2013 mentis,
1029 1933 1296 2016 inexperientiam
1313 1934 1464 2013 actionis,
1487 1937 1519 1998 et
1537 1953 1726 2017 repugnan-

123 2042 203 2105 tiam
219 2041 396 2107 voluntatis
409 2063 417 2104 :
439 2043 515 2123 quia
528 2045 636 2105 tamen
650 2041 770 2105 durum
782 2046 829 2104 est
843 2046 954 2105 contra
970 2041 1140 2104 stimulum
1155 2040 1320 2104 calcitrare
1332 2045 1429 2105 tanlae
1445 2041 1724 2122 congregationis,

124 2152 155 2212 61
173 2147 308 2212 Summi
328 2147 507 2224 Pontificis,
530 2167 567 2211 16
583 2166 640 2230 per
653 2147 731 2227 boc,
751 2151 783 2211 et
802 2147 957 2211 Altissimi
974 2147 1029 2212 Dei
1051 2147 1210 2211 voluntati
1227 2147 1429 2229 pertinaciter
1446 2147 1641 2225 resistendo,
1657 2166 1726 2212 sar·

124 2254 204 2318 cinae
220 2256 318 2337 gravi
333 2261 363 2320 61
376 2254 468 2338 quasi
481 2254 676 2336 importabili
690 2253 844 2318 humeros
855 2255 1011 2337 supposui
1025 2254 1217 2333 imbecilles,
1232 2272 1363 2336 sperans
1373 2254 1412 2318 de
1426 2254 1585 2337 adjutorio
1597 2255 1726 2320 virtutis

124 2362 383 2446 Omnipotentis,
399 2367 431 2426 et
444 2361 607 2425 conlidens
620 2361 659 2425 de
674 2361 868 2425 adminiculo
881 2366 996 2425 vestra
1008 2361 1227 2425 sollicitudinis
1240 2361 1275 2424 in
1289 2362 1428 2444 idipsum
1437 2369 1460 2435 ²,
1474 2384 1490 2421 1

163 2468 284 2535 Statim
303 2475 340 2535 ut
357 2470 448 2533 oneri
463 2468 617 2532 humeros
633 2469 802 2550 supposuit
823 2468 863 2551 (a
877 2466 1085 2545 Patribusne,
1105 2488 1147 2533 an
1165 2469 1205 2531 ab
1228 2467 1411 2533 Alexandro
1431 2467 1463 2533 S.
1481 2468 1515 2533 P.
1531 2470 1721 2549 accersitus,

124 2577 301 2659 ignoratur
314 2577 471 2659 omnino),
487 2574 657 2657 parisiensi
670 2575 779 2639 relicta
790 2574 1014 2655 Universitate,
1032 2576 1066 2639 in
1080 2575 1203 2639 ltaliam
1215 2575 1423 2657 demigravit.
1439 2575 1498 2640 Ubi
1512 2575 1646 2641 Romam
1659 2595 1724 2641 111-

124 2688 188 2749 tate
209 2686 378 2768 pervenit,
399 2684 569 2765 diligenter
590 2682 757 2765 inquisivit
772 2682 807 2746 in
825 2701 881 2761 ea,
905 2701 979 2765 quae
997 2687 1069 2746 tum
1089 2683 1260 2746 adversum
1281 2682 1503 2764 Parmensem,
1523 2687 1594 2748 tum
1615 2689 1725 2749 6611111

125 2793 274 2875 ejusdem
289 2792 392 2856 socios
402 2791 541 2857 inaniter
554 2789 780 2855 fundebantur.
795 2787 855 2865 Qui
870 2788 1087 2869 Parmensem,
1100 2788 1214 2854 Virum
1227 2791 1412 2873 ceteroquin
1424 2791 1463 2855 de
1474 2795 1560 2856 recta
1570 2792 1633 2855 ilde
1643 2791 1725 2856 bene

127 2899 320 2964 sentientem
336 2899 447 2981 iniquo
460 2897 603 2962 terebant
617 2897 746 2974 animo,
765 2914 831 2960 non
851 2897 1045 2961 mediocrem
1057 2897 1104 2961 illi
1117 2897 1272 2961 invidiam
1287 2898 1525 2974 conflaverant,
1542 2899 1725 2980 objicientes

126 3026 201 3071 eum
211 3007 290 3090 plus
303 3025 409 3092 aequo,
423 3006 458 3069 in
468 3004 632 3069 Trinitatis
643 3003 785 3085 negotio,
798 3002 963 3069 Joachimo
974 3004 1092 3068 Abbati
1106 3004 1267 3071 addictum
1279 3005 1386 3070 luisse.
1397 3003 1518 3069 Verum
1529 3005 1608 3088 quid
1619 3006 1652 3068 iu
1665 3005 1725 3068 bac

124 3132 160 3179 16
171 3113 358 3180 Parmensis
373 3113 515 3194 senserit,
530 3111 649 3197 quidve
662 3109 887 3178 Bonaveutura
899 3113 1011 3195 egerit,
1027 3131 1094 3178 nou
1105 3116 1163 3191 est,
1177 3130 1236 3177 cur
1248 3112 1301 3178 bic
1311 3113 1512 3196 potissimum
1525 3113 1724 3180 annalistam

125 3228 279 3287 nostrum
293 3222 524 3287 exscribamus.

164 3329 233 3394 Sub
248 3330 337 3394 idem
349 3347 478 3412 quoque
491 3327 663 3411 temporis,
680 3327 855 3392 Alexandri
867 3325 908 3392 IV
918 3328 1033 3409 jussu,
1050 3326 1276 3392 Parisiensium
1288 3331 1320 3393 et
1332 3327 1578 3393 lleudicantium
1592 3346 1723 3392 concer-

123 3438 238 3502 tationi
251 3438 416 3518 Anagniae
434 3454 544 3501 mense
561 3435 734 3517 septembri
747 3435 867 3499 habitae
880 3434 1036 3499 interluit.
1052 3435 1098 3499 Eo
1110 3436 1243 3518 quidem
1255 3437 1395 3500 1161111111
1406 3440 1599 3520 processerat
1609 3455 1673 3514 res,
1685 3441 1722 3501 111

122 3543 310 3609 Academici
327 3563 393 3609 nou
412 3544 506 3608 modo
524 3542 692 3607 virulentae
710 3542 835 3623 linguae
855 3542 927 3606 telis
944 3546 1088 3625 1161616111
1106 3542 1339 3617 Mendicautes,
1360 3543 1414 3607 sed
1433 3542 1504 3608 ilios
1517 3544 1614 3607 eliam
1628 3544 1725 3626 pesti-

122 3651 311 3716 lentissimis
328 3652 452 3734 scriptis
467 3652 707 3742 insectarentur.
728 3649 926 3733 Quapropter
943 3669 995 3714 res
1009 3651 1051 3715 ab
1069 3651 1251 3716 Alexandro
1270 3652 1305 3714 in
1319 3650 1479 3736 judicium
1493 3652 1630 3717 adducta
1642 3653 1723 3731 luit,

123 3778 159 3823 ac
179 3760 354 3843 utriusqus
384 3758 528 3823 factionis
555 3756 716 3838 Magistris
738 3757 939 3838 convocatis,
961 3757 1049 3822 diem
1072 3776 1178 3823 causae
1199 3758 1391 3842 peragenda
1415 3758 1508 3823 dixit.
1538 3758 1725 3825 Rationibus

123 3868 280 3950 utrinque
294 3866 480 3950 propositis,
495 3865 611 3947 hisque
624 3883 644 3928 a
662 3862 812 3928 Pontiflce
826 3883 920 3947 aequo
934 3870 1099 3931 momento
1112 3866 1257 3944 libratis,
1275 3867 1337 3931 hoe
1353 3867 1406 3930 ille
1424 3867 1557 3932 demum
1565 3867 1725 3950 judicium

125 3973 368 4057 pronuntiavit,
392 3976 430 4037 ut
451 3972 612 4051 libellum,
639 3989 737 4053 quem
760 3976 870 4038 1611111
898 3972 1111 4039 Mendicantes
1132 3974 1226 4039 stulte
1248 3974 1501 4057 conscripserant
1521 3974 1723 4053 Academici,

123 4081 266 4146 flammis
281 4080 519 4162 cimmeriisque
532 4078 672 4144 tenebris
684 4078 855 4144 traderent.
873 4078 979 4145 Placet
992 4082 1105 4148 audire
1117 4081 1275 4165 aequalem
1286 4081 1325 4146 dc
1334 4082 1396 4145 hac
1405 4099 1441 4145 16
1449 4082 1654 4147 disserentem
1665 4087 1726 4148 161

121 4191 188 4252 tem
202 4189 297 4253 omni
313 4188 377 4251 ssde
390 4186 528 4268 dignum
541 4185 698 4250 Thomam
716 4186 1013 4271 Cantimpratanum
1028 4209 1036 4254 :
1057 4189 1215 4254 «litteras
1226 4188 1455 4269 infamatorias,
1470 4189 1580 4272 plenas
1592 4190 1725 4256 menda·

122 4295 178 4360 ciis
189 4300 307 4361 contra
320 4294 420 4360 dictos
435 4293 560 4358 Fratres
573 4312 631 4377 per
643 4294 770 4358 diversa
781 4294 851 4358 loca
864 4298 897 4359 61
910 4313 1011 4377 regua
1025 4296 1182 4366 miserunt
1194 4296 1386 4360 Academici.
1402 4294 1476 4360 Post
1489 4296 1547 4360 has
1561 4299 1594 4360 et
1605 4296 1724 4361 librum

122 4403 392 4468 nefandissimum
404 4402 627 4483 compilarunt,
635 4401 691 4484 qui
701 4400 746 4465 sic
757 4400 867 4484 incipit
880 4424 888 4466 ε
905 4403 1009 4468 111666
1023 4404 1168 4469 videntes
1182 4403 1468 4481 6111111111111116111;
1484 4424 1500 4462 1
1520 4403 1648 4476 titulum
1663 4405 1722 4469 ha·

122 4509 222 4574 bens:
239 4511 289 4575 De
302 4509 456 4593 periculis
470 4509 719 4575 conmemorant
736 4515 910 4590 temporam
921 4509 961 4594 161
979 4530 987 4574 :
1008 4511 1125 4593 inquo
1143 4510 1244 4589 libro,
1259 4510 1374 4591 spiritu
1392 4509 1545 4592 nequitiae
1560 4515 1592 4574 et
1603 4529 1723 4577 vesano

122 4619 274 4699 praelatos
290 4616 423 4681 Ordines
436 4616 572 4696 elidere,
590 4619 622 4679 61
635 4616 797 4679 destruere
815 4616 1011 4680 nitebantur.
1031 4613 1095 4690 Qui
1114 4613 1205 4693 liber,
1222 4611 1724 4695 161111616111111,6111661111111

124 4724 255 4790 Curiam
269 4729 305 4788 et
319 4724 523 4807 praeseutiam
536 4723 568 4787 S.
586 4722 621 4787 P.
636 4722 728 4786 dictis
746 4723 926 4804 magistris,
946 4722 1115 4787 damnatus
1133 4720 1191 4800 sit,
1213 4724 1245 4783 et
1261 4719 1465 4796 combustus,
1480 4738 1548 4784 uon
1565 4721 1671 4785 solum
1689 4722 1724 4785 iu

124 4830 191 4912 ipsa
203 4831 324 4908 Curia,
345 4831 400 4895 sed
414 4832 446 4894 61
458 4830 585 4894 Parisiis
599 4848 707 4895 coram
721 4828 941 4897 Universitatis
954 4826 1160 4893 multitudiue
1173 4827 1320 4910 copiosa,
1339 4826 1419 4889 scire
1430 4827 1565 4910 poterit,
1583 4828 1639 4910 qui
1655 4828 1722 4893 661-

125 4938 276 5017 lationes,
297 4940 329 5001 et
344 4938 573 5024 disputationes
588 4937 723 5019 legerit,
742 4939 902 5026 precipua
922 4943 1033 5004 contra
1048 4936 1224 5020 magistros
1244 4939 1383 5019 quatuor
1400 4935 1553 5019 incapite
1570 4936 1723 5003 adversa-

126 5045 187 5109 rios
192 5067 202 5124 ;
218 5046 454 5129 disputationes
467 5063 596 5129 quoqne
610 5044 645 5108 ll.
659 5043 807 5125 Hngouis
822 5043 1099 5110 Ρ16111.(11111.1’1.
1115 5043 1188 5110 Ord.
1203 5042 1467 5119 Praedicatorum3
1483 5042 1518 5106 D.
1535 5041 1721 5109 Richardi...

127 5150 301 5222 86116111.
316 5152 550 5222 Bonaveutura
569 5152 731 5228 Generalis
749 5150 884 5218 Ministri
903 5152 1030 5220 Ordinis
1042 5150 1192 5220 Fratrum
1210 5150 1389 5231 Minorum,
1407 5155 1439 5214 et
1454 5151 1595 5222 1111111116
1609 5150 1651 5216 Μ.
1666 5152 1724 5216 Al-

155 5318 249 5369 ι16111.
263 5318 285 5367 ll
301 5314 411 5380 dunat,
424 5315 457 5365 ad
466 5329 527 5365 ann.
541 5317 684 5380 11111111
698 5317 724 5365 61
737 5329 810 5380 seqq.

155 5406 204 5456 ¹ln
217 5404 443 5472 31111161161161116
455 5405 489 5455 ad
499 5404 613 5456 univers.
623 5405 680 5456 ord.
696 5405 763 5457 data.

158 5513 189 5577 (a)
204 5513 327 5566 L’auteur
336 5513 370 5565 de
380 5527 410 5563 ca
419 5512 535 5565 1116111111
543 5527 660 5580 61111616
674 5513 737 5570 etan
750 5510 892 5572 Gaillsume
902 5512 935 5574 ds
948 5512 1141 5568 Sciat-Amana
