4100 6300
425 502 484 563 rao
992 485 1305 554 enarrari-anun
1329 435 1402 551 na.
1424 482 1447 549 ι.

423 633 477 697 nia
488 634 535 695 est
547 629 698 695 devenire
710 628 750 693 ad
762 627 957 693 intellectum
971 624 1193 709 propriorum,

425 735 508 801 aient
521 737 607 817 patet
619 732 705 816 quod
717 746 775 815 per
787 730 994 808 memoriam,
1012 727 1196 808 intelligen·
1523 706 1729 774 CONCLUSIO.

424 843 502 907 tiam
516 845 547 905 et
564 840 763 907 voluntatem
784 840 911 903 venitur
928 838 963 900 in
980 835 1197 917 cognitionem
1252 863 1528 936 emmendaverit
1541 862 1638 919 divim
1647 866 1882 936 QO

425 948 588 1013 Trinitatis
601 968 609 1010 :
625 947 769 1010 similiter
783 962 840 1029 per
853 944 1026 1022 unitatem,
1042 958 1099 1024 per
1111 939 1199 1005 veri·
1286 955 1319 1010 id
1331 954 1401 1025 quod
1413 955 1641 1025 anniteretur
1654 968 1702 1007 ron
1712 958 1884 1028 mermes.
1946 1022 1947 1035 ἵ

425 1060 543 1135 tatem,
557 1055 794 1132 etbonitatem,
808 1054 842 1116 in
857 1051 976 1134 quibus
989 1048 1198 1114 oonaistitra-
1285 1059 1405 1118 perwnae
1418 1061 1428 1110 ε
1443 1059 1496 1114 quo
1514 1058 1577 1098 vero
1598 1041 1634 1098 od
1650 1058 1727 1098 arna
1740 1043 1886 1120 ψάμμῳ

426 1164 470 1228 tio
482 1161 633 1244 vestigii:
651 1160 705 1225 sed
720 1178 786 1224 non
799 1157 968 1223 devenitur
982 1176 1003 1220 a
1016 1155 1200 1219 communi·
1288 1133 1434 1206 mamam
1458 1134 1666 1235 Wfffflm
1688 1135 1729 1186 ‘⁰¹²'
1746 1147 1824 1203 W
1836 1144 1887 1205 tm

427 1271 488 1335 bus
501 1270 539 1333 ad
553 1268 697 1352 propria,
711 1266 773 1330 nisi
785 1264 970 1329 eommunia
982 1263 1090 1346 aliquo
1105 1263 1200 1326 modo
1288 1240 1402 1294 ww
1415 1237 1604 1297 ΨΜ·

428 1377 695 1460 appropriantur:
711 1393 786 1438 cnm
799 1391 878 1454 ergo
893 1374 934 1437 sit
946 1371 1095 1435 devenire
1106 1372 1138 1433 in
1151 1370 1198 1434 di·
1293 1375 1386 1458 Resp,
1403 1376 1444 1439 acl
1457 1376 1539 1456 Arg,
1556 1373 1715 1438 Ridendum
1728 1372 1890 1458 (proditumr

428 1485 513 1549 vinis
525 1501 583 1567 per
593 1482 779 1547 eommunia
787 1481 826 1544 ad
836 1479 1051 1562 eoguitionem
1066 1478 1198 1560 proprii,
1254 1482 1367 1567 priatis
1377 1488 1426 1546 est
1435 1482 1527 1564 loqui
1538 1480 1770 1562 duplicitertaut
1778 1486 1891 1561 mand

429 1596 478 1656 est
489 1592 533 1655 ibi
543 1588 767 1672 appropriatio.
782 1588 831 1652 Ad
840 1587 902 1651 hoe
913 1592 960 1650 est
969 1585 1140 1650 auctoritas
1151 1604 1200 1649 sa·
1254 1591 1286 1656 id
1305 1586 1392 1674 quod
1413 1589 1612 1671 significant;
1629 1590 1681 1650 aut
1693 1590 1809 1669 quantun
1823 1588 1892 1651 adai

431 1715 494 1762 orae
513 1697 705 1779 Scriptura,
722 1712 797 1777 qnae
816 1693 998 1776 appropriat
1015 1692 1202 1756 eommunia
1254 1719 1329 1765 nem
1343 1717 1439 1781 quem
1455 1700 1634 1761 connotant.
1648 1694 1678 1759 Si
1691 1697 1893 1778 qmntmrdn'gn

431 1804 585 1888 personis,
600 1806 638 1866 ut
651 1802 825 1884 potentiam
839 1798 935 1876 Patri,
950 1799 1140 1882 sapientiam
1154 1797 1203 1862 Fi·
1255 1807 1397 1885 fioatum,
1409 1824 1485 1869 oum
1496 1805 1576 1868 illud
1588 1803 1627 1866 sit
1639 1821 1786 1879 commune,
1796 1804 1893 1865 domin

430 1914 493 1992 li0,
510 1916 542 1976 ei
552 1911 728 1975 bonitatem
740 1909 874 1992 Spiritui
888 1914 1008 1973 sancto.
1256 1914 1425 1978 conveniat
1447 1913 1591 1996 personis
1605 1931 1658 1995 per
1677 1910 1896 1988 indifln'ent'nnm
1948 1884 1949 1953 Ῑ

319 2032 417 2088 Adoro·
471 2023 531 2088 Sed
552 2028 662 2087 eontra
681 2039 689 2084 :
709 2027 738 2085 t.
757 2022 848 2085 Sient
867 2040 901 2084 se
920 2020 1016 2084 habet
1035 2020 1204 2103 proprium
1257 2022 1407 2086 convenit
1421 2020 1620 2104 appropriari
1631 2020 1735 2082 ratione
1745 2022 1896 2100 snnptrrpnt

431 2132 470 2197 ad
490 2149 678 2210 commune,
699 2130 743 2193 ita
761 2147 932 2193 eommune
950 2127 991 2192 ad
1005 2127 1171 2210 proprium
1193 2144 1202 2190 t
1257 2129 1321 2207 rei;
1346 2129 1573 2211 appropriatur
1594 2132 1693 2191 tamen
1709 2124 1800 2189 ηϋουο
1812 2130 1897 2207 napta

432 2240 487 2304 sed
502 2239 672 2323 proprium
685 2256 751 2302 non
765 2241 867 2319 potest
880 2234 1126 2310 eommunicari,
1143 2233 1205 2297 nisi
1257 2241 1347 2319 parte
1378 2237 1558 2300 intellectus
1586 2234 1694 2308 nostri,
1719 2238 1813 2315 propter
1827 2248 1899 2293 aran

431 2347 510 2412 fano
525 2365 623 2427 :ergo
637 2364 695 2409 neo
708 2362 879 2410 commune
889 2342 1086 2427 appropriari
1101 2364 1108 2406 :
1124 2342 1206 2406 sieut
1258 2343 1485 2408 amovendum.
1504 2342 1656 2421 Quoniam
1667 2341 1740 2405 enim
1752 2339 1864 2403 intellecta
1870 2356 1901 2400 rr·
1949 2344 1950 2395 ἱ

432 2473 511 2536 ergo
521 2454 687 2538 proprium
700 2452 800 2516 Patris
811 2469 979 2533 nunquam
991 2450 1062 2514 aliis
1073 2450 1110 2513 tit
1121 2466 1206 2513 oom-
1258 2452 1339 2515 nelis
1351 2450 1384 2515 in
1404 2457 1494 2534 patre
1510 2449 1626 2514 carnali
1639 2450 1715 2513 videt
1728 2448 1837 2511 detetur
1847 2452 1903 2528 pr

432 2578 543 2638 mune,
558 2560 603 2624 sie
616 2577 676 2623 nee
687 2576 858 2623 commune
869 2557 1048 2640 proprium.
1259 2560 1325 2635 tiae,
1340 2563 1372 2623 et
1384 2558 1418 2622 in
1432 2559 1501 2621 titio
1516 2558 1666 2622 deiectum
1677 2555 1810 2637 sapientie,
1819 2553 1903 2632 etinvi

473 2673 504 2732 i.
519 2667 610 2745 ltem,
624 2666 837 2749 appropriatio
850 2666 883 2729 in
897 2665 1016 2730 divinis
1029 2668 1086 2729 aut
1098 2667 1146 2727 est
1161 2680 1208 2726 se
1260 2668 1325 2732 ritu
1338 2666 1492 2747 intelligit
1512 2667 1650 2729 intorem
1667 2661 1812 2737 iracundia,
1822 2658 1905 2738 itant

434 2776 577 2839 eundum
592 2792 672 2853 rem,
688 2778 744 2838 aut
759 2774 935 2837 secundnm
948 2772 1144 2836 intellectum
1158 2770 1207 2834 :si
1260 2775 1386 2839 ritualia
1404 2775 1602 2852 intellectus,
1624 2778 1658 2836 ut
1669 2772 1753 2836 elevet
1767 2767 1903 2837 tundat,

434 2881 610 2947 secundum
633 2899 719 2960 rem,
743 2884 820 2944 tuno
843 2880 900 2945 ubi
922 2884 970 2943 est
992 2877 1208 2961 appropriatio
1261 2884 1434 2966 potentiam
1449 2881 1537 2946 Patri
1551 2879 1698 2955 attribuit,
1711 2875 1905 2960 menmium

434 2985 611 3054 secundum
631 3005 719 3067 rem,
732 2985 851 3070 aliquid
867 2986 1027 3069 perprius
1040 2985 1154 3049 dieitur
1169 2985 1209 3049 de
1261 2990 1313 3071 gis
1324 2989 1494 3054 eonveniat
1506 2991 1549 3065 ei,
1561 2989 1614 3052 sed
1626 3006 1663 3051 ne
1674 2983 1906 3048 minusvideatuon·

432 3097 487 3162 illo
510 3096 563 3160 eui
586 3094 808 3179 appropriatur
835 3116 842 3158 :
866 3111 944 3175 ergo
966 3092 1000 3156 in
1023 3091 1140 3156 divinia
1162 3096 1210 3157 est
1263 3097 1395 3163 venire:
1416 3101 1449 3162 et
1472 3098 1520 3162 aio
1539 3097 1577 3162 de
1594 3087 1906 3169 diadematum
1951 3128 1952 3190 p

433 3208 534 3291 prius,
547 3211 578 3270 et
596 3206 767 3288 posteriue,
783 3209 941 3286 quantum
953 3203 994 3266 ad
1007 3202 1207 3266 essentinfia:
1262 3210 1420 3289 quantum
1429 3205 1470 3269 ad
1484 3205 1638 3279 ordinem,
1652 3200 1819 3280 rotorigium
1826 3191 1902 3275 qaut

434 3314 520 3397 quod
539 3318 587 3377 est
605 3310 844 3375 inconveniens.
867 3309 899 3374 Si
918 3309 1096 3372 seeundum
1116 3309 1211 3372 intel·
1263 3318 1453 3392 connotant,
1482 3314 1530 3375 sio
1556 3309 1769 3393 appropriantur
1787 3323 1801 3365 a
1818 3296 1906 3382 pren

434 3422 569 3495 leotum;
581 3439 656 3484 eum
670 3419 847 3483 intellectus
860 3417 905 3481 itti
920 3417 1142 3500 approprietur
1154 3420 1208 3496 (a),
1264 3424 1393 3503 propter
1409 3418 1660 3483 eonvenientinm
1676 3431 1738 3477 oum
1753 3407 1908 3493 proprisptttt

436 3531 488 3596 cui
502 3531 608 3612 magis
618 3530 742 3613 judicat
754 3528 939 3606 convenire3
954 3545 1046 3609 ergo,
1058 3545 1133 3592 cum
1146 3545 1210 3589 ma·
1265 3546 1381 3592 narum
1391 3545 1399 3591 τ
1410 3527 1498 3591 unde
1510 3526 1587 3609 quia
1597 3524 1679 3588 Pater
1690 3509 1907 3588 anutnatert‘a

435 3639 487 3720 gis
492 3638 613 3721 judicet
625 3636 804 3701 intellectus
811 3635 914 3698 inesse
924 3634 1111 3717 sapientiam
1125 3631 1210 3697 Patri
1265 3633 1403 3714 aPatre‚
1418 3639 1451 3698 et
1470 3635 1609 3717 Spiritus
1627 3627 1779 3695 sanctuari
1794 3621 1908 3702 nimai&

434 3751 590 3828 anquam
610 3742 797 3826 antiquiori,
812 3742 857 3804 illi
872 3741 965 3805 debet
983 3741 1205 3824 appropriari:
1265 3742 1452 3826 hujusmodi
1474 3743 1555 3807 ordo
1577 3739 1729 3805 attenditur
1746 3728 1907 3813 inpotentiae

435 3853 491 3916 sed
511 3850 735 3935 appropriatur
755 3848 791 3911 in
809 3848 1032 3913 eontrarium:
1053 3865 1132 3929 argo
1151 3866 1212 3930 ap·
1266 3851 1420 3934 sapientia
1429 3852 1477 3930 (c),
1487 3854 1522 3914 et
1534 3849 1668 3913 bonitate
1681 3867 1688 3910 :
1700 3833 1906 3924 rumpuntur

437 3962 612 4046 propriatio
625 3964 673 4024 est
690 3963 802 4023 eontra
815 3958 1013 4022 intellectum
1030 3979 1038 4021 ε
1053 3975 1118 4022 non
1132 3959 1212 4037 ergo
1266 3958 1460 4040 propriandi.
1490 3956 1581 4022 Unde
1606 3957 1656 4020 illa
1674 3969 1736 4036 que
1753 3939 1909 4012 noncopanti

437 4069 612 4133 attenditur
624 4067 800 4131 seorrndum
814 4065 1020 4129 intellectum.
1266 4067 1373 4150 aliquo
1397 4067 1494 4131 modo
1517 4066 1672 4141 ordinem,
1692 4059 1735 4126 vel
1749 4053 1865 4134 originem,
1877 4058 1909 4104 Μ

479 4180 509 4240 3.
523 4175 615 4255 Item,
631 4175 688 4239 ubi
701 4179 749 4238 est
761 4173 991 4256 appropriatio,
1005 4173 1096 4255 prius
1105 4175 1154 4236 est
1166 4190 1213 4236 se-
1267 4181 1343 4238 sunt
1358 4175 1614 4258 appropriabiiia.

437 4284 582 4348 eundum
611 4283 770 4347 rationem
798 4281 1000 4363 intelligendi
1029 4280 1211 4362 proprium,
1311 4288 1341 4349 t.
1355 4282 1497 4349 Adiilnd
1512 4260 1908 4362 ergoquodobjiritntqutdtt

438 4409 538 4475 quam
551 4389 790 4473 appropriatum
804 4409 812 4468 ;
829 4389 909 4453 ratio
921 4388 1010 4451 enim
1023 4388 1214 4471 appropria·
1267 4394 1376 4477 prium
1389 4409 1454 4456 non
1467 4389 1720 4459 ommunicatus,
1728 4379 1850 4460 ergo,ett.;
1858 4367 1909 4427 dt&

437 4500 536 4563 tionis
554 4498 716 4581 perprius
730 4501 779 4562 at
805 4497 840 4560 in
864 4498 1018 4579 proprio:
1040 4513 1119 4575 ergo
1137 4513 1213 4559 eum
1269 4503 1347 4566 dum
1361 4499 1446 4583 quod
1460 4516 1529 4562 nnn
1541 4502 1587 4561 est
1597 4493 1704 4566 simile,
1716 4465 1909 4578 quiaahoetti

439 4606 680 4690 appropriatum
698 4605 740 4668 sit
759 4622 946 4681 commune,
961 4602 1139 4668 seeundum
1159 4620 1215 4665 ra-
1270 4619 1440 4669 oommuue
1451 4599 1679 4683 appropriatur,
1693 4577 1909 4655 nonatir'bflifflffl

439 4714 559 4778 tionem
586 4711 785 4794 intelligendi
819 4712 909 4793 prius
940 4711 1001 4774 erit
1032 4709 1213 4792 proprium,
1269 4710 1373 4776 eicui
1385 4708 1538 4774 convenit
1553 4730 1561 4770 :
1575 4705 1627 4769 sed
1639 4705 1664 4766 ei
1680 4695 1810 4783 proprium
1823 4687 1909 4790 W

441 4838 540 4903 quam
554 4836 747 4884 commune:
764 4817 849 4900 quod
864 4822 910 4882 est
922 4817 1162 4882 inconveniens.
1270 4836 1381 4897 mune,
1394 4822 1473 4880 tune
1485 4812 1664 4878 attribuitur
1675 4807 1701 4872 ei
1712 4783 1908 4869 amnonwttffli

473 4965 505 5026 (θ)
528 4962 599 5014 Edit.
628 4962 686 5013 Van.
713 4964 900 5029 appropriatur.
923 4991 955 5002 -
979 4962 1011 5028 (d)
1035 4963 1096 5014 Item
1128 4974 1215 5027 quem.
1270 4925 1385 4990 etide‘)
1400 4943 1466 4988 ¹¹⁰⁰
1477 4920 1645 4987 estsimile·

443 5036 587 5102 -tctrtem
596 5034 757 5100 sapientiam.
1312 5038 1342 5097 2.
1356 5032 1405 5096 Ad
1416 5031 1495 5096 illud
1507 5028 1593 5112 quod
1604 5023 1750 5109 quaeriiur,
1764 5017 1840 5077 llifflffl
1850 5010 1910 5080 appt-

1271 5142 1386 5227 priatio
1398 5141 1439 5203 sit
1448 5137 1623 5203 seeundum
1634 5149 1709 5206 rem,
1723 5124 1765 5188 vel
1774 5110 1911 5210 samduult

1272 5248 1452 5326 tellectum3
1477 5243 1642 5310 dicendum
1663 5234 1736 5321 quod
1749 5247 1792 5314 per
1807 5224 1860 5332 hoc,
1869 5201 1910 5289 pi

1273 5361 1322 5421 est
1332 5354 1521 5432 seeundum,
1537 5354 1636 5437 potest
1646 5344 1701 5413 diei
1714 5340 1755 5405 vis
1763 5321 1908 5418 eppnp'ffl

1273 5464 1341 5530 Sive
1353 5461 1547 5549 principium
1557 5451 1757 5542 appropria&
1764 5439 1803 5509 vel
1813 5420 1908 5519 pedit
