4100 6300
745 463 933 536 euersor.
955 463 1021 560 vu.

88 605 854 695 tionibuscreeturae,etltei;quomamrelationes
1223 647 1291 695 mm·
1314 648 1358 697 w·

87 722 124 786 in
137 718 597 788 ereoturisnondantrelativis
607 712 854 794 existere;unde

87 821 855 914 sineillispeteetresesse‚etcumillie.lndi-

88 939 174 1003 vinis
184 941 305 1018 eutem,
320 939 396 1004 dant
408 935 551 1022 personis
563 933 715 1010 existere;
730 934 762 995 et
771 930 853 1008 ideo,
950 929 1064 995 Contra
1076 954 1084 996 ι
1095 932 1328 1015 quiapotentiae
1337 933 1450 999 divisio
1459 935 1617 1000 sufficiens
1629 940 1676 1000 est

88 1045 172 1110 siin
196 1046 340 1130 personis
359 1044 557 1125 intelligatur
577 1039 662 1124 quod
682 1037 856 1122 proprietas
909 1055 968 1120 per
978 1039 1115 1102 activam
1128 1043 1160 1103 et
1172 1039 1332 1123 passivam
1346 1063 1353 1106 :
1369 1042 1422 1106 sed
1436 1060 1527 1125 posse
1541 1042 1675 1124 gignere

89 1152 168 1217 insit
181 1153 361 1237 hypostasi,
376 1150 566 1232 intelligitur
582 1166 650 1213 esse
661 1145 853 1230 hypostasis3
910 1145 984 1209 dicit
999 1146 1172 1228 potentiam
1188 1148 1335 1228 activam,
1351 1168 1442 1232 posse
1455 1150 1548 1232 gigni
1560 1154 1672 1233 poten·

91 1265 125 1325 et
148 1260 309 1340 similiter,
332 1259 359 1324 si
372 1258 563 1339 intelligitur
584 1273 651 1320 non
666 1271 747 1330 esse,
760 1252 856 1316 intel-
910 1252 988 1316 tiam
1001 1253 1160 1336 passivam
1177 1277 1184 1318 :
1201 1273 1280 1337 ergo
1292 1274 1359 1321 non
1371 1261 1472 1340 potest
1483 1257 1545 1322 alie
1559 1262 1676 1342 poten-

90 1368 208 1450 ligitur
219 1368 396 1452 hypostasis
418 1384 484 1431 non
498 1363 671 1430 essedum
687 1378 766 1442 ergo
785 1358 857 1442 Spi-
910 1360 1152 1443 tiesignillceri.
1164 1361 1198 1427 Si
1209 1365 1246 1427 tu
1256 1363 1435 1448 dicasquod
1444 1384 1599 1447 generare
1609 1382 1676 1430 non

92 1476 176 1541 ritus
189 1479 315 1540 sanetus
330 1494 397 1540 non
414 1475 513 1558 possit
524 1470 621 1536 simul
630 1468 743 1553 spirari
755 1471 786 1532 et
797 1485 855 1549 ge·
911 1472 958 1533 est
982 1487 1079 1550 egere
1101 1470 1228 1553 proprie
1247 1472 1269 1550 ¹,
1288 1471 1432 1536 similiter
1448 1491 1508 1537 nec
1530 1473 1678 1555 generari

91 1584 203 1649 uereri
227 1583 333 1666 (quic,
350 1582 498 1666 quamvis
513 1598 581 1645 une
602 1595 738 1662 persona
761 1575 859 1659 possit
911 1575 995 1659 pati;
1008 1576 1157 1658 objicitur
1169 1578 1255 1660 quod
1268 1578 1418 1661 potentiae
1433 1579 1678 1662 distinguuntur

92 1686 221 1752 duohus
229 1686 332 1752 modis
343 1685 642 1769 producere,tamen
652 1695 858 1761 unapersone
911 1702 970 1767 per
979 1687 1069 1748 ectus
1081 1707 1088 1749 :
1101 1684 1156 1749 sed
1164 1683 1251 1749 aliud
1264 1688 1311 1749 est
1323 1661 1476 1768 gignere,
1491 1692 1523 1752 et
1531 1686 1618 1751 aliud
1629 1687 1678 1769 gi-

94 1811 163 1858 non
176 1797 279 1877 potest
289 1792 350 1856 nisi
362 1809 429 1858 uno
441 1791 536 1855 modo
546 1787 704 1872 produci),
715 1785 859 1868 sequitur
913 1791 991 1873 gni:
1007 1810 1086 1875 ergo
1107 1792 1169 1857 alia
1189 1796 1236 1856 est
1250 1794 1391 1876 potentia
1403 1794 1519 1877 hujus,
1536 1799 1567 1859 et
1578 1794 1676 1859 illiue.

92 1900 134 1966 de
143 1900 337 1980 necessitate,
352 1899 382 1963 si
393 1901 494 1983 potest
505 1896 642 1980 Spiritus
653 1897 781 1958 sanetus
792 1909 860 1956 esse
952 1900 1047 1983 Resp.
1061 1900 1234 1965 llicendum
1245 1900 1331 1984 quod
1342 1902 1402 1965 ista
1411 1901 1569 1967 distinctio
1577 1920 1677 1985 quam

95 2009 183 2075 lilius
201 2009 257 2074 vel
276 2006 394 2091 potuit,
415 2008 517 2089 polest
533 2021 600 2068 11011
621 2019 689 2067 &580
710 1999 859 2084 Spiritus,
912 2007 1005 2090 ponit
1021 2006 1172 2091 Magister
1191 2007 1230 2072 de
1247 2008 1390 2092 potentia
1406 2009 1561 2093 gignendi
1578 2010 1680 2075 active

94 2118 165 2184 sive
182 2136 250 2182 nen
270 2115 409 2200 spirari:
425 2118 471 2194 et,
492 2112 519 2177 si
531 2112 634 2195 potuit
649 2127 715 2174 non
733 2107 858 2191 spirari,
913 2118 946 2180 et
958 2115 1092 2198 passive,
1109 2115 1261 2180 tundetur
1273 2135 1371 2200 super
1383 2117 1454 2197 hoo,
1468 2116 1554 2200 quod
1565 2119 1678 2200 poten-

96 2227 203 2310 potuit
212 2222 544 2300 nonessetotiterum,
554 2220 581 2283 si
590 2218 692 2302 potuit
701 2215 858 2299 generari,
913 2222 1072 2306 tiapotest
1085 2222 1277 2287 considerari
1289 2224 1465 2289 secundum
1478 2224 1511 2288 id
1524 2224 1610 2307 qnod
1620 2226 1679 2304 est,

987 780 1069 833 Alium
1082 782 1208 848 significes
1226 785 1367 849 potentiam
1380 799 1431 851 que
1444 787 1531 852 Pater,
1546 789 1596 839 etc.

99 2334 206 2417 potuit
221 2351 304 2412 esse,
321 2335 353 2396 et
370 2329 416 2395 ite
431 2328 534 2413 potuit
553 2327 633 2392 fleri·
645 2326 684 2390 de
703 2329 775 2389 ente
795 2341 862 2388 non
914 2333 948 2396 et
959 2329 1004 2393 sic
1016 2330 1091 2395 dicit
1102 2332 1269 2410 naturam;
1285 2334 1318 2395 et
1330 2331 1412 2396 sicut
1423 2349 1491 2395 una
1503 2334 1620 2396 natura
1632 2334 1679 2395 est

97 2459 173 2520 ens,
189 2445 222 2506 et
242 2440 280 2505 de
293 2457 360 2504 non
372 2441 444 2504 ente
454 2455 522 2516 ens,
538 2455 575 2501 ac
585 2452 643 2518 per
658 2433 721 2497 hoc
730 2431 860 2496 mutari.
914 2436 1131 2519 ingenerante
1142 2440 1174 2502 et
1184 2438 1303 2519 genite,
1315 2437 1369 2501 sed
1380 2438 1443 2502 alio
1452 2437 1555 2503 etalio
1568 2438 1677 2518 modo,

96 2549 138 2614 Et
151 2549 197 2614 sic
209 2552 296 2632 patet
305 2546 476 2623 ultimum,
490 2543 567 2627 quia
578 2560 645 2607 non
658 2540 773 2606 dieitur
785 2556 862 2603 mu·
915 2543 960 2607 sic
976 2544 1087 2608 eadem
1105 2545 1255 2627 petentia.
1276 2544 1382 2610 Potest
1401 2543 1520 2611 iterum
1534 2544 1681 2612 conside-

98 2657 300 2740 taripropter
312 2653 525 2719 diversitatem
536 2649 767 2734 proprietatum
779 2645 862 2710 circa
915 2649 981 2715 rari
1001 2651 1178 2716 secundum
1191 2651 1225 2717 id
1247 2652 1288 2717 ad
1311 2651 1397 2735 quod
1414 2656 1480 2731 est,
1495 2655 1527 2718 et
1541 2652 1587 2717 sic
1604 2652 1681 2717 dicit

97 2764 185 2830 idem
198 2762 409 2846 suppositum,
423 2759 505 2824 sicut
512 2762 560 2823 est
569 2758 605 2821 in
616 2754 792 2821 mutatione
805 2771 863 2817 na·
916 2758 1050 2823 modum
1077 2759 1233 2824 existendi
1257 2762 1405 2824 naturam
1429 2760 1464 2824 in
1487 2778 1622 2845 persona
1645 2760 1681 2823 in

100 2871 212 2951 turali,
235 2870 290 2935 sed
309 2872 438 2953 propter
456 2864 691 2948 corruptionem
711 2866 742 2927 et
761 2863 865 2943 ineep·
917 2867 1153 2949 comparatione
1167 2866 1208 2931 ad
1220 2866 1336 2948 alium,
1350 2867 1407 2951 qui
1423 2872 1470 2932 est
1486 2865 1682 2950 principium

101 2980 224 3045 tionem
234 2976 387 3060 eJuedem.
399 2972 464 3039 Nec
474 2977 521 3038 est
531 2972 610 3037 illud
620 2970 735 3050 simile,
747 2991 762 3030 ι
773 2967 866 3033 Peter
917 2973 970 3038 vel
987 2973 1213 3057 principiatum
1231 2996 1240 3037 ι
1256 2977 1288 3039 et
1300 2974 1363 3052 sic,
1378 2993 1453 3040 curn
1466 2974 1584 3041 diversi
1597 2973 1685 3039 modi

101 3075 864 3174 potestgencrareetspiraresinesuimutetione,
918 3080 1001 3161 sint,
1029 3081 1162 3145 diversae
1187 3079 1335 3146 dicuntur
1360 3080 1567 3166 proprietates
1592 3100 1685 3168 posse

100 3214 182 3278 ergo
193 3193 330 3277 Spiritus
343 3194 471 3256 sanctus
484 3187 632 3271 generari
645 3190 677 3251 et
688 3184 801 3269 spirari
819 3205 827 3247 t
846 3204 862 3243 ι
919 3206 1075 3271 generare
1092 3192 1124 3252 et
1141 3206 1231 3271 pesse
1248 3189 1416 3271 generari,
1432 3193 1463 3254 et
1477 3189 1686 3273 distinguun-

100 3304 181 3388 quia
191 3296 547 3368 nonmtinconveniens
556 3312 662 3360 unum
675 3291 867 3376 principium
919 3300 974 3361 tur
986 3296 1163 3361 secundum
1180 3299 1269 3361 actus
1287 3296 1478 3379 personales.
1500 3294 1561 3362 Sed
1581 3298 1686 3381 primo

104 3411 256 3496 plurihus
264 3399 868 3489 modisproducere3sedunumprinci-
919 3403 1033 3484 modo,
1047 3421 1125 3468 non.
1152 3460 1154 3463 .
1327 3468 1329 3473 ,

101 3521 228 3605 piatum
240 3516 387 3602 pluribus
396 3512 500 3578 modis
511 3510 654 3595 produci,
663 3513 709 3573 eet
718 3508 868 3592 impossi-
1229 3516 1298 3562 oue.
1320 3516 1377 3564 vn.

99 3627 169 3695 hile
185 3630 218 3691 et
233 3620 488 3706 incompossibile
507 3641 515 3684 :
537 3623 569 3684 et
587 3617 657 3682 ideo
675 3619 761 3700 petet
777 3615 866 3681 illud.
920 3633 998 3686 emus
1009 3633 1088 3685 haee
1098 3631 1239 3699 poenum
1251 3646 1303 3757 {¹2¹⁸ss
1316 3634 1466 3716 potestesse
1478 3630 1553 3697 uuus,
1567 3630 1621 3683 sive
1636 3646 1686 3698 qna

954 3734 957 3739 ·
1217 3719 1253 3771 po
1279 3719 1292 3755 s
1315 3718 1395 3771 grgnr.

426 3816 495 3863 ⁰¹³³·
518 3814 552 3860 v.
960 3840 1092 3908 videtur
1116 3840 1179 3905 hoe
1203 3838 1338 3904 omium
1362 3837 1414 3905 ve
1442 3837 1583 3915 rusum,
1610 3836 1687 3921 qua

308 3928 669 3993 ΡΜΗΟΜΨΜΜΜ·
922 3948 1017 4031 gigni
1030 3947 1162 4013 omnino
1179 3946 1479 4028 estagignerezet
1493 3944 1688 4027 gignereest

146 4062 264 4128 Contra
284 4081 292 4126 ι
313 4058 394 4137 Quis
415 4056 593 4122 secundum
609 4053 687 4131 hoc,
707 4065 868 4133 emerere,
922 4056 1096 4139 apotentie
1108 4053 1209 4119 Patris
1224 4077 1232 4118 :
1247 4072 1326 4136 ergo
1339 4056 1371 4118 et
1382 4052 1487 4136 gigni.

100 4170 193 4256 quod
206 4165 405 4233 nullomodo
425 4161 648 4241 estessentiae,
668 4156 870 4224 nullomodo
964 4161 1057 4246 ltesp.
1084 4161 1173 4227 Sicut
1192 4162 1335 4245 potentie
1354 4159 1510 4242 gignendi
1535 4160 1571 4224 in
1594 4157 1686 4225 Patre

97 4283 186 4346 esset
197 4275 358 4360 potentiae.
922 4289 989 4335 non
999 4270 1076 4335 dicit
1087 4268 1149 4334 nisi
1160 4272 1310 4333 naturam
1322 4267 1358 4330 in
1370 4285 1516 4350 persona,
1532 4270 1693 4332 utnatam

146 4385 240 4469 Resp-
253 4382 427 4447 Dicendum
438 4372 704 4461 quod,quamvis
714 4371 870 4456 potentia,
924 4375 1312 4461 exsepreducerealiem;
1327 4375 1372 4438 sic
1380 4375 1521 4457 potentia
1531 4373 1689 4457 gignendi

102 4492 252 4561 absolute
266 4488 472 4563 eonsideralu,
485 4484 525 4549 sil
535 4483 620 4548 idem
629 4481 713 4564 quod
721 4479 871 4557 essenti&
924 4485 959 4549 in
972 4483 1052 4549 Filio
1069 4502 1137 4548 non
1149 4483 1225 4548 dicit
1239 4482 1300 4546 nisi
1320 4483 1471 4546 naturam
1485 4481 1520 4546 in
1535 4499 1687 4564 persona,

100 4608 215 4668 tamen
236 4597 389 4682 potentia,
410 4592 487 4677 quie
506 4608 573 4656 nen
589 4593 637 4655 est
656 4606 776 4653 nomen
794 4586 873 4651 adeo
925 4596 962 4657 ut
972 4594 1081 4657 netem
1091 4590 1224 4675 produci
1234 4589 1274 4654 ab
1286 4588 1350 4654 elia
1363 4610 1371 4654 ι
1384 4588 1466 4653 sicut
1476 4587 1563 4652 enim
1573 4589 1691 4672 hypos-

101 4710 322 4784 abetractum,
335 4704 417 4767 sicut
428 4700 577 4780 essentia,
590 4697 731 4762 trahitur
747 4695 788 4760 ed
800 4712 874 4777 per-
924 4700 986 4764 tesi
999 4698 1101 4764 Patris
1114 4696 1263 4763 convenit
1275 4713 1447 4778 generare,
1462 4694 1506 4759 sic
1524 4695 1688 4778 hypostasi

102 4833 234 4885 sonam.
258 4811 347 4877 llnde
367 4807 508 4893 potentia
524 4805 698 4887 generandi
715 4821 780 4868 non
800 4802 876 4867 dicit
906 4801 998 4881 xFilii
1009 4801 1158 4869 convenit
1166 4798 1323 4882 generari.
1332 4797 1396 4863 Nec
1407 4797 1492 4862 valet
1504 4797 1591 4881 quod
1603 4797 1688 4880 ohJi-

104 4930 262 4993 naturam
282 4918 424 4987 divinem
441 4914 635 4998 simpliciter,
656 4912 710 4977 sed
725 4915 875 4977 naturam
927 4912 1009 4976 citur
1022 4910 1058 4974 in
1069 4907 1263 4975 contrarium
1278 4927 1287 4970 t
1300 4924 1378 4970 nam
1390 4923 1486 4970 omne
1498 4903 1585 4988 quod
1596 4903 1694 4969 hehet

104 5039 147 5102 ut
166 5034 204 5097 in
224 5029 280 5095 tali
292 5044 442 5112 persona,
457 5022 576 5088 scilicet
596 5018 773 5085 innascibili
786 5020 876 5084 :ideo
928 5021 1040 5101 Filius,
1054 5020 1121 5087 sive
1133 5016 1307 5096 essentiale,
1325 5015 1392 5081 sive
1406 5013 1581 5098 personale,
1593 5013 1692 5079 hahet

106 5160 179 5210 non
199 5144 249 5205 cst
269 5134 373 5200 simile
399 5134 439 5199 de
458 5133 521 5196 hoo
537 5128 686 5206 nomine,
715 5129 874 5208 essentia,
929 5128 1056 5196 aPatre
1076 5143 1085 5190 :
1103 5126 1184 5203 ideo,
1201 5122 1348 5208 quamvis
1366 5122 1475 5205 ipsum
1496 5120 1591 5204 gigni
1612 5120 1693 5186 sita

106 5256 142 5337 et
154 5250 196 5317 de
214 5249 277 5311 hoc
288 5241 431 5321 nomine,
442 5239 598 5323 peremto.
929 5235 1070 5322 potentie
1082 5232 1199 5311 Patris,
1216 5249 1283 5296 non
1299 5228 1481 5294 excluditur
1490 5232 1599 5292 tamen
1612 5228 1692 5311 quin

160 5376 165 5385 ·
914 5342 1070 5431 ‚poentio
1089 5339 1244 5423 gignendi
1263 5337 1391 5421 passive
1408 5337 1449 5401 sit
1468 5336 1503 5401 in
1520 5334 1612 5401 Filio.
1632 5334 1694 5403 Sed

142 5489 246 5554 utut,
258 5484 289 5538 ue
301 5482 409 5545 ruma,
421 5479 465 5533 ee.
476 5482 516 5545 ιι,
528 5481 591 5531 teat.
602 5478 642 5530 ee.
931 5453 986 5519 illc
1002 5448 1142 5536 potentis
1157 5463 1223 5511 non
1240 5449 1288 5511 est
1301 5445 1495 5530 principium
1512 5443 1694 5526 generatio-

276 5592 352 5641 rou.
374 5590 397 5637 1.
1211 5560 1213 5565 ’
1517 5556 1537 5618 9
