<?xml version="1.0" encoding="UTF-8"?>
<!DOCTYPE html PUBLIC "-//W3C//DTD XHTML 1.0 Transitional//EN"
    "http://www.w3.org/TR/xhtml1/DTD/xhtml1-transitional.dtd">
<html xmlns="http://www.w3.org/1999/xhtml" xml:lang="en" lang="en">
 <head>
  <title>
</title>
<meta http-equiv="Content-Type" content="text/html;charset=utf-8" />
  <meta name='ocr-system' content='tesseract 3.04.00' />
  <meta name='ocr-capabilities' content='ocr_page ocr_carea ocr_par ocr_line ocrx_word'/>
</head>
<body>
  <div class='ocr_page' id='page_1' title='image "./srecardinalissb00peltgoog_0324.png"; bbox 0 0 4100 6300; ppageno 0'>
   <div class='ocr_carea' id='block_1_1' title="bbox 409 486 1425 557">
    <p class='ocr_par' dir='ltr' id='par_1_1' title="bbox 409 486 1425 557">
     <span class='ocr_line' id='line_1_1' title="bbox 409 486 1425 557; baseline -0.002 0"><span class='ocrx_word' id='word_1_1' title='bbox 409 497 467 557; x_wconf 73' lang='lat'>172</span> <span class='ocrx_word' id='word_1_2' title='bbox 743 488 751 497; x_wconf 70' lang='lat'><strong><em>‘</em></strong></span> <span class='ocrx_word' id='word_1_3' title='bbox 974 486 1283 555; x_wconf 80' lang='lat' dir='ltr'>SENTENTIARUM</span> <span class='ocrx_word' id='word_1_4' title='bbox 1302 488 1377 553; x_wconf 82' lang='lat' dir='ltr'>mu.</span> <span class='ocrx_word' id='word_1_5' title='bbox 1399 490 1425 555; x_wconf 88' lang='lat'>1.</span> 
     </span>
    </p>
   </div>
   <div class='ocr_carea' id='block_1_2' title="bbox 406 622 1993 1679">
    <p class='ocr_par' dir='ltr' id='par_1_2' title="bbox 406 622 1993 1679">
     <span class='ocr_line' id='line_1_2' title="bbox 409 622 1942 711; baseline -0.004 -19"><span class='ocrx_word' id='word_1_6' title='bbox 409 624 1178 711; x_wconf 79' lang='lat' dir='ltr'>Ambrosii¹sumpteahauctoritatelsaiaezdote</span> <span class='ocrx_word' id='word_1_7' title='bbox 1232 628 1363 705; x_wconf 86' lang='lat' dir='ltr'>natura,</span> <span class='ocrx_word' id='word_1_8' title='bbox 1385 626 1467 690; x_wconf 86' lang='lat' dir='ltr'>sicut</span> <span class='ocrx_word' id='word_1_9' title='bbox 1486 626 1520 689; x_wconf 88' lang='lat' dir='ltr'>iu</span> <span class='ocrx_word' id='word_1_10' title='bbox 1544 626 1752 707; x_wconf 76' lang='lat' dir='ltr'>generatione</span> <span class='ocrx_word' id='word_1_11' title='bbox 1775 622 1942 708; x_wconf 58' lang='lat' dir='ltr'>ramulum</span> 
     </span>
     <span class='ocr_line' id='line_1_3' title="bbox 410 731 1942 816; baseline -0.005 -13"><span class='ocrx_word' id='word_1_12' title='bbox 410 753 458 803; x_wconf 88' lang='lat' dir='ltr'>me</span> <span class='ocrx_word' id='word_1_13' title='bbox 484 753 550 802; x_wconf 78' lang='lat' dir='ltr'>uua</span> <span class='ocrx_word' id='word_1_14' title='bbox 575 741 621 804; x_wconf 81' lang='lat' dir='ltr'>eat</span> <span class='ocrx_word' id='word_1_15' title='bbox 643 738 743 813; x_wconf 83' lang='lat' dir='ltr'>Deua,</span> <span class='ocrx_word' id='word_1_16' title='bbox 766 741 795 801; x_wconf 85' lang='lat' dir='ltr'>et</span> <span class='ocrx_word' id='word_1_17' title='bbox 820 739 892 816; x_wconf 76' lang='lat' dir='ltr'>poet</span> <span class='ocrx_word' id='word_1_18' title='bbox 918 751 966 800; x_wconf 85' lang='lat' dir='ltr'>mc</span> <span class='ocrx_word' id='word_1_19' title='bbox 991 748 1057 799; x_wconf 81' lang='lat' dir='ltr'>ouo</span> <span class='ocrx_word' id='word_1_20' title='bbox 1079 735 1141 800; x_wconf 70' lang='lat' dir='ltr'>etit</span> <span class='ocrx_word' id='word_1_21' title='bbox 1166 755 1179 798; x_wconf 92' lang='grc'>.·</span> <span class='ocrx_word' id='word_1_22' title='bbox 1231 733 1354 799; x_wconf 86' lang='lat' dir='ltr'>ratione</span> <span class='ocrx_word' id='word_1_23' title='bbox 1373 735 1483 799; x_wconf 74' lang='lat' dir='ltr'>couno</span> <span class='ocrx_word' id='word_1_24' title='bbox 1504 750 1581 797; x_wconf 91' lang='lat' dir='ltr'>eum</span> <span class='ocrx_word' id='word_1_25' title='bbox 1596 732 1672 797; x_wconf 90' lang='lat' dir='ltr'>dicit</span> <span class='ocrx_word' id='word_1_26' title='bbox 1684 731 1860 797; x_wconf 82' lang='lat' dir='ltr'>Ambrosius</span> <span class='ocrx_word' id='word_1_27' title='bbox 1868 731 1942 808; x_wconf 76' lang='grc' dir='ltr'><strong>’,ωε</strong></span> 
     </span>
     <span class='ocr_line' id='line_1_4' title="bbox 410 839 1943 925; baseline -0.003 -16"><span class='ocrx_word' id='word_1_28' title='bbox 410 862 489 925; x_wconf 89' lang='lat' dir='ltr'>ergo</span> <span class='ocrx_word' id='word_1_29' title='bbox 500 862 557 908; x_wconf 90' lang='lat' dir='ltr'>uec</span> <span class='ocrx_word' id='word_1_30' title='bbox 570 841 662 906; x_wconf 85' lang='lat' dir='ltr'>Peter</span> <span class='ocrx_word' id='word_1_31' title='bbox 673 847 747 907; x_wconf 90' lang='lat' dir='ltr'>ante</span> <span class='ocrx_word' id='word_1_32' title='bbox 765 841 899 919; x_wconf 84' lang='lat' dir='ltr'>Filium,</span> <span class='ocrx_word' id='word_1_33' title='bbox 914 860 974 906; x_wconf 88' lang='lat' dir='ltr'>nee</span> <span class='ocrx_word' id='word_1_34' title='bbox 986 840 1087 905; x_wconf 84' lang='lat' dir='ltr'>Filius</span> <span class='ocrx_word' id='word_1_35' title='bbox 1106 846 1178 924; x_wconf 85' lang='lat' dir='ltr'>post</span> <span class='ocrx_word' id='word_1_36' title='bbox 1232 841 1277 904; x_wconf 85' lang='lat' dir='ltr'>ita</span> <span class='ocrx_word' id='word_1_37' title='bbox 1289 839 1330 902; x_wconf 92' lang='lat' dir='ltr'>sit</span> <span class='ocrx_word' id='word_1_38' title='bbox 1342 840 1427 922; x_wconf 89' lang='lat' dir='ltr'>quod</span> <span class='ocrx_word' id='word_1_39' title='bbox 1437 843 1525 923; x_wconf 89' lang='lat' dir='ltr'>pater</span> <span class='ocrx_word' id='word_1_40' title='bbox 1535 840 1592 903; x_wconf 89' lang='lat' dir='ltr'>iste</span> <span class='ocrx_word' id='word_1_41' title='bbox 1604 840 1740 903; x_wconf 82' lang='lat' dir='ltr'>carnalis</span> <span class='ocrx_word' id='word_1_42' title='bbox 1750 842 1943 904; x_wconf 78' lang='lat' dir='ltr'>muteturaaus</span> 
     </span>
     <span class='ocr_line' id='line_1_5' title="bbox 411 943 1942 1032; baseline -0.005 -17"><span class='ocrx_word' id='word_1_43' title='bbox 411 950 547 1015; x_wconf 88' lang='lat' dir='ltr'>Patrem.</span> <span class='ocrx_word' id='word_1_44' title='bbox 567 949 628 1014; x_wconf 90' lang='lat' dir='ltr'>Sed</span> <span class='ocrx_word' id='word_1_45' title='bbox 642 954 751 1015; x_wconf 86' lang='lat' dir='ltr'>contra</span> <span class='ocrx_word' id='word_1_46' title='bbox 766 973 774 1014; x_wconf 78' lang='grc' dir='ltr'><strong>ε</strong></span> <span class='ocrx_word' id='word_1_47' title='bbox 790 949 827 1013; x_wconf 89' lang='lat' dir='ltr'>ln</span> <span class='ocrx_word' id='word_1_48' title='bbox 839 949 957 1014; x_wconf 85' lang='lat' dir='ltr'>divinis</span> <span class='ocrx_word' id='word_1_49' title='bbox 974 949 1117 1032; x_wconf 88' lang='lat' dir='ltr'>personis</span> <span class='ocrx_word' id='word_1_50' title='bbox 1131 954 1178 1013; x_wconf 88' lang='lat' dir='ltr'>est</span> <span class='ocrx_word' id='word_1_51' title='bbox 1231 946 1320 1010; x_wconf 90' lang='lat' dir='ltr'>sione</span> <span class='ocrx_word' id='word_1_52' title='bbox 1344 945 1581 1026; x_wconf 79' lang='lat' dir='ltr'>generationis,</span> <span class='ocrx_word' id='word_1_53' title='bbox 1604 945 1662 1027; x_wconf 86' lang='lat' dir='ltr'>qui</span> <span class='ocrx_word' id='word_1_54' title='bbox 1686 949 1817 1026; x_wconf 86' lang='lat' dir='ltr'>generat</span> <span class='ocrx_word' id='word_1_55' title='bbox 1837 943 1942 1008; x_wconf 65' lang='lat' dir='ltr'>donn</span> 
     </span>
     <span class='ocr_line' id='line_1_6' title="bbox 410 1048 1942 1140; baseline -0.005 -16"><span class='ocrx_word' id='word_1_56' title='bbox 410 1060 488 1124; x_wconf 82' lang='lat' dir='ltr'>ordo</span> <span class='ocrx_word' id='word_1_57' title='bbox 502 1080 510 1122; x_wconf 74' lang='grc' dir='ltr'><strong>ι</strong></span> <span class='ocrx_word' id='word_1_58' title='bbox 526 1057 579 1121; x_wconf 89' lang='lat' dir='ltr'>sed</span> <span class='ocrx_word' id='word_1_59' title='bbox 592 1057 669 1121; x_wconf 94' lang='lat' dir='ltr'>ordo</span> <span class='ocrx_word' id='word_1_60' title='bbox 683 1075 750 1121; x_wconf 89' lang='lat' dir='ltr'>non</span> <span class='ocrx_word' id='word_1_61' title='bbox 766 1060 822 1137; x_wconf 89' lang='lat' dir='ltr'>est,</span> <span class='ocrx_word' id='word_1_62' title='bbox 845 1056 907 1121; x_wconf 92' lang='lat' dir='ltr'>uisi</span> <span class='ocrx_word' id='word_1_63' title='bbox 920 1057 1036 1140; x_wconf 88' lang='lat' dir='ltr'>prioris</span> <span class='ocrx_word' id='word_1_64' title='bbox 1048 1058 1088 1123; x_wconf 90' lang='lat' dir='ltr'>ad</span> <span class='ocrx_word' id='word_1_65' title='bbox 1101 1076 1177 1140; x_wconf 91' lang='lat' dir='ltr'>pos·</span> <span class='ocrx_word' id='word_1_66' title='bbox 1231 1053 1421 1131; x_wconf 85' lang='lat' dir='ltr'>substantia,</span> <span class='ocrx_word' id='word_1_67' title='bbox 1436 1056 1468 1117; x_wconf 88' lang='lat' dir='ltr'>et</span> <span class='ocrx_word' id='word_1_68' title='bbox 1486 1053 1521 1115; x_wconf 93' lang='lat' dir='ltr'>in</span> <span class='ocrx_word' id='word_1_69' title='bbox 1541 1052 1659 1116; x_wconf 89' lang='lat' dir='ltr'>divinis</span> <span class='ocrx_word' id='word_1_70' title='bbox 1678 1051 1822 1116; x_wconf 81' lang='lat' dir='ltr'>similiter</span> <span class='ocrx_word' id='word_1_71' title='bbox 1834 1048 1942 1132; x_wconf 78' lang='lat' dir='ltr'>Patage</span> 
     </span>
     <span class='ocr_line' id='line_1_7' title="bbox 408 1159 1942 1246; baseline -0.005 -17"><span class='ocrx_word' id='word_1_72' title='bbox 408 1166 507 1231; x_wconf 84' lang='lat' dir='ltr'>terius</span> <span class='ocrx_word' id='word_1_73' title='bbox 524 1189 531 1229; x_wconf 92' lang='lat'>:</span> <span class='ocrx_word' id='word_1_74' title='bbox 547 1182 637 1246; x_wconf 90' lang='lat' dir='ltr'>ergo,</span> <span class='ocrx_word' id='word_1_75' title='bbox 654 1167 713 1228; x_wconf 88' lang='lat' dir='ltr'>etc.</span> <span class='ocrx_word' id='word_1_76' title='bbox 1232 1166 1324 1225; x_wconf 83' lang='lat' dir='ltr'>neret</span> <span class='ocrx_word' id='word_1_77' title='bbox 1344 1160 1445 1225; x_wconf 89' lang='lat' dir='ltr'>alium</span> <span class='ocrx_word' id='word_1_78' title='bbox 1464 1160 1499 1224; x_wconf 93' lang='lat' dir='ltr'>in</span> <span class='ocrx_word' id='word_1_79' title='bbox 1518 1161 1707 1237; x_wconf 86' lang='lat' dir='ltr'>substantia,</span> <span class='ocrx_word' id='word_1_80' title='bbox 1722 1178 1801 1242; x_wconf 88' lang='lat' dir='ltr'>ergo</span> <span class='ocrx_word' id='word_1_81' title='bbox 1820 1159 1942 1223; x_wconf 65' lang='lat' dir='ltr'>adamum</span> 
     </span>
     <span class='ocr_line' id='line_1_8' title="bbox 449 1267 1943 1354; baseline 0.002 -21"><span class='ocrx_word' id='word_1_82' title='bbox 449 1268 541 1351; x_wconf 87' lang='lat' dir='ltr'>Resp.</span> <span class='ocrx_word' id='word_1_83' title='bbox 556 1267 729 1332; x_wconf 82' lang='lat' dir='ltr'>Dicendum</span> <span class='ocrx_word' id='word_1_84' title='bbox 739 1267 836 1349; x_wconf 84' lang='lat' dir='ltr'>quod,</span> <span class='ocrx_word' id='word_1_85' title='bbox 852 1267 934 1332; x_wconf 87' lang='lat' dir='ltr'>sicut</span> <span class='ocrx_word' id='word_1_86' title='bbox 949 1267 1034 1331; x_wconf 85' lang='lat' dir='ltr'>inira</span> <span class='ocrx_word' id='word_1_87' title='bbox 1047 1268 1175 1351; x_wconf 86' lang='lat' dir='ltr'>patebit,</span> <span class='ocrx_word' id='word_1_88' title='bbox 1231 1272 1447 1354; x_wconf 79' lang='lat' dir='ltr'>generationis</span> <span class='ocrx_word' id='word_1_89' title='bbox 1476 1275 1620 1336; x_wconf 87' lang='lat' dir='ltr'>mutetur</span> <span class='ocrx_word' id='word_1_90' title='bbox 1644 1275 1676 1335; x_wconf 90' lang='lat' dir='ltr'>et</span> <span class='ocrx_word' id='word_1_91' title='bbox 1700 1273 1772 1336; x_wconf 87' lang='lat' dir='ltr'>iste.</span> <span class='ocrx_word' id='word_1_92' title='bbox 1794 1270 1943 1353; x_wconf 73' lang='lat' dir='ltr'>Quocunque</span> 
     </span>
     <span class='ocr_line' id='line_1_9' title="bbox 409 1374 1944 1460; baseline -0.002 -17"><span class='ocrx_word' id='word_1_93' title='bbox 409 1395 475 1443; x_wconf 88' lang='lat' dir='ltr'>non</span> <span class='ocrx_word' id='word_1_94' title='bbox 494 1379 541 1440; x_wconf 90' lang='lat' dir='ltr'>est</span> <span class='ocrx_word' id='word_1_95' title='bbox 558 1375 602 1439; x_wconf 81' lang='lat' dir='ltr'>ibi</span> <span class='ocrx_word' id='word_1_96' title='bbox 628 1375 706 1439; x_wconf 90' lang='lat' dir='ltr'>ordo</span> <span class='ocrx_word' id='word_1_97' title='bbox 728 1374 924 1455; x_wconf 82' lang='lat' dir='ltr'>durationis,</span> <span class='ocrx_word' id='word_1_98' title='bbox 948 1393 1013 1458; x_wconf 88' lang='lat' dir='ltr'>quo</span> <span class='ocrx_word' id='word_1_99' title='bbox 1030 1377 1110 1441; x_wconf 90' lang='lat' dir='ltr'>alter</span> <span class='ocrx_word' id='word_1_100' title='bbox 1131 1380 1178 1439; x_wconf 88' lang='lat' dir='ltr'>est</span> <span class='ocrx_word' id='word_1_101' title='bbox 1230 1383 1339 1444; x_wconf 88' lang='lat' dir='ltr'>tamen</span> <span class='ocrx_word' id='word_1_102' title='bbox 1352 1381 1447 1444; x_wconf 92' lang='lat' dir='ltr'>modo</span> <span class='ocrx_word' id='word_1_103' title='bbox 1463 1380 1596 1452; x_wconf 81' lang='lat' dir='ltr'>dicatur,</span> <span class='ocrx_word' id='word_1_104' title='bbox 1618 1396 1687 1443; x_wconf 92' lang='lat' dir='ltr'>nou</span> <span class='ocrx_word' id='word_1_105' title='bbox 1710 1383 1760 1443; x_wconf 80' lang='lat' dir='ltr'>est</span> <span class='ocrx_word' id='word_1_106' title='bbox 1778 1396 1944 1460; x_wconf 78' lang='lat' dir='ltr'>meguunpe</span> 
     </span>
     <span class='ocr_line' id='line_1_10' title="bbox 407 1487 1944 1574; baseline 0 -20"><span class='ocrx_word' id='word_1_107' title='bbox 407 1490 506 1555; x_wconf 84' lang='lat' dir='ltr'>altero</span> <span class='ocrx_word' id='word_1_108' title='bbox 520 1490 625 1572; x_wconf 87' lang='lat' dir='ltr'>prior3</span> <span class='ocrx_word' id='word_1_109' title='bbox 642 1488 698 1552; x_wconf 90' lang='lat' dir='ltr'>sed</span> <span class='ocrx_word' id='word_1_110' title='bbox 710 1487 788 1551; x_wconf 90' lang='lat' dir='ltr'>ordo</span> <span class='ocrx_word' id='word_1_111' title='bbox 801 1487 951 1571; x_wconf 87' lang='lat' dir='ltr'>originis,</span> <span class='ocrx_word' id='word_1_112' title='bbox 965 1507 1031 1571; x_wconf 85' lang='lat' dir='ltr'>quo</span> <span class='ocrx_word' id='word_1_113' title='bbox 1043 1489 1123 1553; x_wconf 83' lang='lat' dir='ltr'>alter</span> <span class='ocrx_word' id='word_1_114' title='bbox 1136 1507 1177 1553; x_wconf 87' lang='lat' dir='ltr'>cx</span> <span class='ocrx_word' id='word_1_115' title='bbox 1230 1491 1382 1570; x_wconf 90' lang='lat' dir='ltr'>riculum,</span> <span class='ocrx_word' id='word_1_116' title='bbox 1396 1493 1473 1574; x_wconf 88' lang='lat' dir='ltr'>quia</span> <span class='ocrx_word' id='word_1_117' title='bbox 1485 1510 1551 1555; x_wconf 91' lang='lat' dir='ltr'>uon</span> <span class='ocrx_word' id='word_1_118' title='bbox 1572 1491 1685 1555; x_wconf 90' lang='lat' dir='ltr'>omnia</span> <span class='ocrx_word' id='word_1_119' title='bbox 1702 1494 1891 1572; x_wconf 85' lang='lat' dir='ltr'>argumenta,</span> <span class='ocrx_word' id='word_1_120' title='bbox 1902 1507 1944 1571; x_wconf 80' lang='lat' dir='ltr'>qu</span> 
     </span>
     <span class='ocr_line' id='line_1_11' title="bbox 406 1596 1993 1679; baseline -0.001 -14"><span class='ocrx_word' id='word_1_121' title='bbox 406 1596 516 1665; x_wconf 84' lang='lat' dir='ltr'>altero.</span> <span class='ocrx_word' id='word_1_122' title='bbox 1231 1600 1325 1679; x_wconf 85' lang='lat' dir='ltr'>flunt,</span> <span class='ocrx_word' id='word_1_123' title='bbox 1341 1599 1382 1663; x_wconf 89' lang='lat' dir='ltr'>ad</span> <span class='ocrx_word' id='word_1_124' title='bbox 1395 1599 1562 1664; x_wconf 87' lang='lat' dir='ltr'>veritatem</span> <span class='ocrx_word' id='word_1_125' title='bbox 1577 1602 1655 1663; x_wconf 87' lang='lat' dir='ltr'>sunt</span> <span class='ocrx_word' id='word_1_126' title='bbox 1675 1597 1855 1663; x_wconf 82' lang='lat' dir='ltr'>necessaria</span> <span class='ocrx_word' id='word_1_127' title='bbox 1992 1624 1993 1633; x_wconf 50' lang='lat'>¹</span> 
     </span>
    </p>
   </div>
   <div class='ocr_carea' id='block_1_3' title="bbox 422 1766 1913 1969">
    <p class='ocr_par' dir='ltr' id='par_1_3' title="bbox 422 1766 1913 1969">
     <span class='ocr_line' id='line_1_12' title="bbox 725 1766 1691 1832; baseline -0.003 1"><span class='ocrx_word' id='word_1_128' title='bbox 725 1766 853 1814; x_wconf 60' lang='grc' dir='ltr'>ΜΝ·</span> <span class='ocrx_word' id='word_1_129' title='bbox 1541 1786 1610 1831; x_wconf 81' lang='lat' dir='ltr'>uuo.</span> <span class='ocrx_word' id='word_1_130' title='bbox 1632 1784 1691 1832; x_wconf 83' lang='lat' dir='ltr'>vu.</span> 
     </span>
     <span class='ocr_line' id='line_1_13' title="bbox 422 1899 1913 1969; baseline -0.002 -16"><span class='ocrx_word' id='word_1_131' title='bbox 422 1904 536 1955; x_wconf 79' lang='lat' dir='ltr'>invicem</span> <span class='ocrx_word' id='word_1_132' title='bbox 548 1903 617 1955; x_wconf 86' lang='lat' dir='ltr'>enim</span> <span class='ocrx_word' id='word_1_133' title='bbox 633 1903 661 1954; x_wconf 90' lang='lat' dir='ltr'>iu</span> <span class='ocrx_word' id='word_1_134' title='bbox 673 1916 701 1953; x_wconf 87' lang='lat' dir='ltr'>se</span> <span class='ocrx_word' id='word_1_135' title='bbox 709 1937 718 1965; x_wconf 90' lang='lat'>‚</span> <span class='ocrx_word' id='word_1_136' title='bbox 732 1906 758 1953; x_wconf 88' lang='lat' dir='ltr'>et</span> <span class='ocrx_word' id='word_1_137' title='bbox 773 1904 847 1953; x_wconf 88' lang='lat' dir='ltr'>Pater</span> <span class='ocrx_word' id='word_1_138' title='bbox 859 1903 887 1954; x_wconf 90' lang='lat' dir='ltr'>in</span> <span class='ocrx_word' id='word_1_139' title='bbox 900 1903 963 1956; x_wconf 85' lang='lat' dir='ltr'>Filio</span> <span class='ocrx_word' id='word_1_140' title='bbox 970 1942 980 1969; x_wconf 92' lang='lat'>,</span> <span class='ocrx_word' id='word_1_141' title='bbox 1004 1909 1031 1955; x_wconf 86' lang='lat' dir='ltr'>et</span> <span class='ocrx_word' id='word_1_142' title='bbox 1045 1904 1122 1956; x_wconf 79' lang='lat' dir='ltr'>Filius</span> <span class='ocrx_word' id='word_1_143' title='bbox 1134 1905 1161 1955; x_wconf 86' lang='lat' dir='ltr'>iu</span> <span class='ocrx_word' id='word_1_144' title='bbox 1289 1903 1347 1954; x_wconf 85' lang='lat' dir='ltr'>Vox</span> <span class='ocrx_word' id='word_1_145' title='bbox 1360 1903 1416 1954; x_wconf 89' lang='lat' dir='ltr'>silet</span> <span class='ocrx_word' id='word_1_146' title='bbox 1429 1916 1482 1953; x_wconf 93' lang='lat' dir='ltr'>uon</span> <span class='ocrx_word' id='word_1_147' title='bbox 1493 1916 1552 1954; x_wconf 87' lang='lat' dir='ltr'>mea</span> <span class='ocrx_word' id='word_1_148' title='bbox 1564 1905 1673 1966; x_wconf 85' lang='lat' dir='ltr'>tautum,</span> <span class='ocrx_word' id='word_1_149' title='bbox 1688 1900 1737 1952; x_wconf 84' lang='lat' dir='ltr'>sed</span> <span class='ocrx_word' id='word_1_150' title='bbox 1751 1903 1778 1951; x_wconf 88' lang='lat' dir='ltr'>et</span> <span class='ocrx_word' id='word_1_151' title='bbox 1787 1899 1913 1964; x_wconf 75' lang='lat' dir='ltr'>angelum</span> 
     </span>
    </p>
   </div>
   <div class='ocr_carea' id='block_1_4' title="bbox 390 1976 1946 4806">
    <p class='ocr_par' dir='ltr' id='par_1_4' title="bbox 390 1976 1946 4806">
     <span class='ocr_line' id='line_1_14' title="bbox 662 1976 1946 2113; baseline -0.005 -16"><span class='ocrx_word' id='word_1_152' title='bbox 662 1976 921 2040; x_wconf 77' lang='lat' dir='ltr'>rmeoognoscuur.</span> <span class='ocrx_word' id='word_1_153' title='bbox 1270 2031 1400 2096; x_wconf 87' lang='lat' dir='ltr'>Videtur</span> <span class='ocrx_word' id='word_1_154' title='bbox 1410 2032 1493 2096; x_wconf 86' lang='lat' dir='ltr'>male</span> <span class='ocrx_word' id='word_1_155' title='bbox 1506 2030 1625 2110; x_wconf 89' lang='lat' dir='ltr'>dicere,</span> <span class='ocrx_word' id='word_1_156' title='bbox 1638 2028 1946 2113; x_wconf 61' lang='lat' dir='ltr'>angelumquiarn</span> 
     </span>
     <span class='ocr_line' id='line_1_15' title="bbox 446 2135 1945 2226; baseline -0.002 -25"><span class='ocrx_word' id='word_1_157' title='bbox 446 2137 523 2202; x_wconf 81' lang='lat' dir='ltr'>Haec</span> <span class='ocrx_word' id='word_1_158' title='bbox 530 2142 577 2202; x_wconf 85' lang='grc' dir='ltr'>εει</span> <span class='ocrx_word' id='word_1_159' title='bbox 589 2140 703 2220; x_wconf 85' lang='lat' dir='ltr'>quarta</span> <span class='ocrx_word' id='word_1_160' title='bbox 715 2137 806 2216; x_wconf 86' lang='lat' dir='ltr'>ratio,</span> <span class='ocrx_word' id='word_1_161' title='bbox 820 2140 852 2201; x_wconf 90' lang='lat' dir='ltr'>et</span> <span class='ocrx_word' id='word_1_162' title='bbox 865 2141 912 2201; x_wconf 89' lang='grc' dir='ltr'>εει</span> <span class='ocrx_word' id='word_1_163' title='bbox 924 2136 1017 2201; x_wconf 86' lang='lat' dir='ltr'>talis:</span> <span class='ocrx_word' id='word_1_164' title='bbox 1033 2136 1176 2226; x_wconf 73' lang='lat' dir='ltr'>Relatim</span> <span class='ocrx_word' id='word_1_165' title='bbox 1229 2157 1296 2203; x_wconf 89' lang='lat' dir='ltr'>nou</span> <span class='ocrx_word' id='word_1_166' title='bbox 1307 2142 1355 2204; x_wconf 87' lang='lat' dir='ltr'>est</span> <span class='ocrx_word' id='word_1_167' title='bbox 1367 2139 1430 2202; x_wconf 88' lang='lat' dir='ltr'>uisi</span> <span class='ocrx_word' id='word_1_168' title='bbox 1442 2138 1629 2203; x_wconf 89' lang='lat' dir='ltr'>habentium</span> <span class='ocrx_word' id='word_1_169' title='bbox 1637 2155 1764 2219; x_wconf 87' lang='lat' dir='ltr'>orgaun</span> <span class='ocrx_word' id='word_1_170' title='bbox 1775 2140 1806 2202; x_wconf 87' lang='lat' dir='ltr'>et</span> <span class='ocrx_word' id='word_1_171' title='bbox 1816 2135 1945 2218; x_wconf 80' lang='lat' dir='ltr'>respiratio</span> 
     </span>
     <span class='ocr_line' id='line_1_16' title="bbox 406 2243 1946 2329; baseline -0.003 -19"><span class='ocrx_word' id='word_1_172' title='bbox 406 2245 504 2311; x_wconf 91' lang='lat' dir='ltr'>simul</span> <span class='ocrx_word' id='word_1_173' title='bbox 516 2248 591 2310; x_wconf 90' lang='lat' dir='ltr'>sunt</span> <span class='ocrx_word' id='word_1_174' title='bbox 604 2248 719 2309; x_wconf 86' lang='lat' dir='ltr'>natura</span> <span class='ocrx_word' id='word_1_175' title='bbox 733 2267 741 2309; x_wconf 91' lang='lat'>:</span> <span class='ocrx_word' id='word_1_176' title='bbox 757 2244 811 2309; x_wconf 89' lang='lat' dir='ltr'>sed</span> <span class='ocrx_word' id='word_1_177' title='bbox 831 2243 923 2308; x_wconf 89' lang='lat' dir='ltr'>Pater</span> <span class='ocrx_word' id='word_1_178' title='bbox 936 2248 968 2308; x_wconf 92' lang='lat' dir='ltr'>et</span> <span class='ocrx_word' id='word_1_179' title='bbox 981 2244 1082 2310; x_wconf 86' lang='lat' dir='ltr'>Filius</span> <span class='ocrx_word' id='word_1_180' title='bbox 1099 2250 1176 2312; x_wconf 90' lang='lat' dir='ltr'>suut</span> <span class='ocrx_word' id='word_1_181' title='bbox 1228 2265 1325 2312; x_wconf 89' lang='lat' dir='ltr'>nem:</span> <span class='ocrx_word' id='word_1_182' title='bbox 1342 2246 1397 2311; x_wconf 87' lang='lat' dir='ltr'>sad</span> <span class='ocrx_word' id='word_1_183' title='bbox 1414 2246 1521 2329; x_wconf 86' lang='lat' dir='ltr'>augeli</span> <span class='ocrx_word' id='word_1_184' title='bbox 1541 2246 1611 2310; x_wconf 74' lang='lat' dir='ltr'>haec</span> <span class='ocrx_word' id='word_1_185' title='bbox 1629 2264 1698 2310; x_wconf 92' lang='lat' dir='ltr'>nou</span> <span class='ocrx_word' id='word_1_186' title='bbox 1715 2246 1838 2310; x_wconf 86' lang='lat' dir='ltr'>habeut.</span> <span class='ocrx_word' id='word_1_187' title='bbox 1854 2243 1881 2308; x_wconf 88' lang='lat' dir='ltr'>Si</span> <span class='ocrx_word' id='word_1_188' title='bbox 1896 2243 1946 2306; x_wconf 71' lang='lat' dir='ltr'>diet</span> 
     </span>
     <span class='ocr_line' id='line_1_17' title="bbox 405 2350 1945 2437; baseline 0.002 -19"><span class='ocrx_word' id='word_1_189' title='bbox 405 2353 539 2420; x_wconf 86' lang='lat' dir='ltr'>relativa</span> <span class='ocrx_word' id='word_1_190' title='bbox 552 2372 561 2416; x_wconf 72' lang='grc' dir='ltr'><strong>ε</strong></span> <span class='ocrx_word' id='word_1_191' title='bbox 576 2370 655 2433; x_wconf 89' lang='lat' dir='ltr'>ergo</span> <span class='ocrx_word' id='word_1_192' title='bbox 677 2351 774 2415; x_wconf 88' lang='lat' dir='ltr'>simul</span> <span class='ocrx_word' id='word_1_193' title='bbox 787 2374 794 2415; x_wconf 93' lang='lat'><strong>:</strong></span> <span class='ocrx_word' id='word_1_194' title='bbox 808 2351 835 2415; x_wconf 88' lang='lat' dir='ltr'>si</span> <span class='ocrx_word' id='word_1_195' title='bbox 849 2350 941 2416; x_wconf 85' lang='lat' dir='ltr'>Pater</span> <span class='ocrx_word' id='word_1_196' title='bbox 956 2354 1003 2416; x_wconf 90' lang='lat' dir='ltr'>est</span> <span class='ocrx_word' id='word_1_197' title='bbox 1022 2356 1174 2435; x_wconf 85' lang='lat' dir='ltr'>aeteruus,</span> <span class='ocrx_word' id='word_1_198' title='bbox 1229 2354 1316 2437; x_wconf 87' lang='lat' dir='ltr'>quod</span> <span class='ocrx_word' id='word_1_199' title='bbox 1328 2354 1448 2418; x_wconf 88' lang='lat' dir='ltr'>habent</span> <span class='ocrx_word' id='word_1_200' title='bbox 1463 2372 1557 2419; x_wconf 78' lang='lat' dir='ltr'>vocas</span> <span class='ocrx_word' id='word_1_201' title='bbox 1568 2353 1762 2437; x_wconf 82' lang='lat' dir='ltr'>spirituales,</span> <span class='ocrx_word' id='word_1_202' title='bbox 1775 2370 1836 2416; x_wconf 90' lang='lat' dir='ltr'>nou</span> <span class='ocrx_word' id='word_1_203' title='bbox 1846 2350 1945 2434; x_wconf 52' lang='lat' dir='ltr'>proi-affl.</span> 
     </span>
     <span class='ocr_line' id='line_1_18' title="bbox 406 2456 1946 2544; baseline -0.005 -17"><span class='ocrx_word' id='word_1_204' title='bbox 406 2479 485 2544; x_wconf 88' lang='lat' dir='ltr'>ergo</span> <span class='ocrx_word' id='word_1_205' title='bbox 498 2460 598 2524; x_wconf 84' lang='lat' dir='ltr'>Pilius</span> <span class='ocrx_word' id='word_1_206' title='bbox 609 2464 795 2524; x_wconf 73' lang='lat' dir='ltr'>coeternus.</span> <span class='ocrx_word' id='word_1_207' title='bbox 811 2457 967 2523; x_wconf 81' lang='lat' dir='ltr'>Probatur</span> <span class='ocrx_word' id='word_1_208' title='bbox 980 2460 1067 2542; x_wconf 88' lang='lat' dir='ltr'>quod</span> <span class='ocrx_word' id='word_1_209' title='bbox 1084 2459 1176 2527; x_wconf 91' lang='lat' dir='ltr'>Pater</span> <span class='ocrx_word' id='word_1_210' title='bbox 1228 2462 1311 2526; x_wconf 88' lang='lat' dir='ltr'>sicut</span> <span class='ocrx_word' id='word_1_211' title='bbox 1332 2461 1407 2526; x_wconf 88' lang='lat' dir='ltr'>dicit</span> <span class='ocrx_word' id='word_1_212' title='bbox 1429 2462 1658 2539; x_wconf 75' lang='lat' dir='ltr'>damascenus,</span> <span class='ocrx_word' id='word_1_213' title='bbox 1680 2460 1770 2543; x_wconf 86' lang='lat' dir='ltr'>quod</span> <span class='ocrx_word' id='word_1_214' title='bbox 1791 2459 1896 2523; x_wconf 81' lang='lat' dir='ltr'>tradant</span> <span class='ocrx_word' id='word_1_215' title='bbox 1910 2456 1946 2519; x_wconf 85' lang='lat' dir='ltr'>sii</span> 
     </span>
     <span class='ocr_line' id='line_1_19' title="bbox 407 2567 1945 2650; baseline -0.003 -15"><span class='ocrx_word' id='word_1_216' title='bbox 407 2575 455 2634; x_wconf 89' lang='lat' dir='ltr'>est</span> <span class='ocrx_word' id='word_1_217' title='bbox 478 2574 636 2645; x_wconf 74' lang='lat' dir='ltr'>eternus,</span> <span class='ocrx_word' id='word_1_218' title='bbox 649 2568 746 2650; x_wconf 84' lang='lat' dir='ltr'>quia,</span> <span class='ocrx_word' id='word_1_219' title='bbox 769 2567 796 2630; x_wconf 92' lang='lat' dir='ltr'>si</span> <span class='ocrx_word' id='word_1_220' title='bbox 817 2567 908 2649; x_wconf 89' lang='lat' dir='ltr'>prius</span> <span class='ocrx_word' id='word_1_221' title='bbox 931 2567 992 2632; x_wconf 84' lang='lat' dir='ltr'>tuit</span> <span class='ocrx_word' id='word_1_222' title='bbox 1013 2567 1116 2649; x_wconf 84' lang='lat' dir='ltr'>Deus,</span> <span class='ocrx_word' id='word_1_223' title='bbox 1144 2573 1176 2634; x_wconf 91' lang='lat' dir='ltr'>et</span> <span class='ocrx_word' id='word_1_224' title='bbox 1228 2568 1454 2650; x_wconf 85' lang='lat' dir='ltr'>intelligentias</span> <span class='ocrx_word' id='word_1_225' title='bbox 1464 2588 1538 2633; x_wconf 87' lang='lat' dir='ltr'>suas</span> <span class='ocrx_word' id='word_1_226' title='bbox 1550 2569 1620 2633; x_wconf 90' lang='lat' dir='ltr'>siue</span> <span class='ocrx_word' id='word_1_227' title='bbox 1629 2586 1710 2633; x_wconf 86' lang='lat' dir='ltr'>voce</span> <span class='ocrx_word' id='word_1_228' title='bbox 1719 2567 1945 2650; x_wconf 61' lang='lat' dir='ltr'>prolatandum</span> 
     </span>
     <span class='ocr_line' id='line_1_20' title="bbox 407 2670 1945 2761; baseline -0.003 -20"><span class='ocrx_word' id='word_1_229' title='bbox 407 2681 516 2761; x_wconf 87' lang='lat' dir='ltr'>postea</span> <span class='ocrx_word' id='word_1_230' title='bbox 531 2674 634 2754; x_wconf 85' lang='lat' dir='ltr'>Pater,</span> <span class='ocrx_word' id='word_1_231' title='bbox 650 2678 793 2739; x_wconf 85' lang='lat' dir='ltr'>mutatus</span> <span class='ocrx_word' id='word_1_232' title='bbox 805 2678 864 2738; x_wconf 87' lang='lat' dir='ltr'>est.</span> <span class='ocrx_word' id='word_1_233' title='bbox 882 2673 944 2739; x_wconf 90' lang='lat' dir='ltr'>Sed</span> <span class='ocrx_word' id='word_1_234' title='bbox 956 2680 1066 2741; x_wconf 89' lang='lat' dir='ltr'>contra</span> <span class='ocrx_word' id='word_1_235' title='bbox 1081 2676 1176 2743; x_wconf 79' lang='lat' dir='ltr'>isium</span> <span class='ocrx_word' id='word_1_236' title='bbox 1229 2695 1303 2759; x_wconf 77' lang='lat' dir='ltr'>queo</span> <span class='ocrx_word' id='word_1_237' title='bbox 1317 2677 1358 2740; x_wconf 89' lang='lat' dir='ltr'>sit</span> <span class='ocrx_word' id='word_1_238' title='bbox 1370 2678 1540 2742; x_wconf 69' lang='lat' dir='ltr'>nenessitas</span> <span class='ocrx_word' id='word_1_239' title='bbox 1561 2676 1650 2741; x_wconf 86' lang='lat' dir='ltr'>vocis</span> <span class='ocrx_word' id='word_1_240' title='bbox 1669 2674 1889 2759; x_wconf 57' lang='lat' dir='ltr'>spiritualiter</span> <span class='ocrx_word' id='word_1_241' title='bbox 1902 2670 1945 2752; x_wconf 76' lang='lat' dir='ltr'>qui</span> 
     </span>
     <span class='ocr_line' id='line_1_21' title="bbox 390 2777 1918 2867; baseline -0.001 -20"><span class='ocrx_word' id='word_1_242' title='bbox 390 2785 564 2849; x_wconf 37' lang='lat' dir='ltr'>,rationem</span> <span class='ocrx_word' id='word_1_243' title='bbox 583 2785 684 2865; x_wconf 86' lang='lat' dir='ltr'>potest</span> <span class='ocrx_word' id='word_1_244' title='bbox 703 2783 798 2863; x_wconf 89' lang='lat' dir='ltr'>argui</span> <span class='ocrx_word' id='word_1_245' title='bbox 819 2781 890 2864; x_wconf 90' lang='lat' dir='ltr'>pari</span> <span class='ocrx_word' id='word_1_246' title='bbox 913 2783 1062 2849; x_wconf 89' lang='lat' dir='ltr'>ratione:</span> <span class='ocrx_word' id='word_1_247' title='bbox 1083 2783 1176 2850; x_wconf 85' lang='lat' dir='ltr'>Prius</span> <span class='ocrx_word' id='word_1_248' title='bbox 1229 2785 1344 2849; x_wconf 90' lang='lat' dir='ltr'>modus</span> <span class='ocrx_word' id='word_1_249' title='bbox 1354 2784 1516 2867; x_wconf 86' lang='lat' dir='ltr'>loquendi,</span> <span class='ocrx_word' id='word_1_250' title='bbox 1530 2787 1563 2848; x_wconf 88' lang='grc' dir='ltr'><strong>ει</strong></span> <span class='ocrx_word' id='word_1_251' title='bbox 1574 2783 1648 2866; x_wconf 88' lang='lat' dir='ltr'>quis</span> <span class='ocrx_word' id='word_1_252' title='bbox 1661 2782 1779 2847; x_wconf 88' lang='lat' dir='ltr'>modus</span> <span class='ocrx_word' id='word_1_253' title='bbox 1791 2777 1918 2846; x_wconf 76' lang='lat' dir='ltr'>audiendi</span> 
     </span>
     <span class='ocr_line' id='line_1_22' title="bbox 407 2884 1945 2974; baseline -0.001 -21"><span class='ocrx_word' id='word_1_254' title='bbox 407 2889 579 2966; x_wconf 75' lang='lat' dir='ltr'>taddeus,</span> <span class='ocrx_word' id='word_1_255' title='bbox 595 2892 626 2952; x_wconf 90' lang='lat' dir='ltr'>et</span> <span class='ocrx_word' id='word_1_256' title='bbox 640 2892 748 2971; x_wconf 88' lang='lat' dir='ltr'>postea</span> <span class='ocrx_word' id='word_1_257' title='bbox 769 2889 948 2954; x_wconf 87' lang='lat' dir='ltr'>Dominus:</span> <span class='ocrx_word' id='word_1_258' title='bbox 972 2908 1051 2971; x_wconf 89' lang='lat' dir='ltr'>ergo</span> <span class='ocrx_word' id='word_1_259' title='bbox 1069 2898 1176 2956; x_wconf 90' lang='lat' dir='ltr'>muta-</span> <span class='ocrx_word' id='word_1_260' title='bbox 1270 2891 1363 2974; x_wconf 86' lang='lat' dir='ltr'>Resp.</span> <span class='ocrx_word' id='word_1_261' title='bbox 1390 2891 1534 2957; x_wconf 88' lang='lat' dir='ltr'>Breviter</span> <span class='ocrx_word' id='word_1_262' title='bbox 1556 2891 1611 2954; x_wconf 87' lang='lat' dir='ltr'>hic</span> <span class='ocrx_word' id='word_1_263' title='bbox 1632 2889 1805 2955; x_wconf 89' lang='lat' dir='ltr'>dioeudum</span> <span class='ocrx_word' id='word_1_264' title='bbox 1829 2892 1869 2952; x_wconf 76' lang='lat' dir='ltr'>at</span> <span class='ocrx_word' id='word_1_265' title='bbox 1886 2884 1945 2968; x_wconf 68' lang='lat' dir='ltr'>(qud</span> 
     </span>
     <span class='ocr_line' id='line_1_23' title="bbox 406 2998 1944 3082; baseline 0 -21"><span class='ocrx_word' id='word_1_266' title='bbox 406 3001 460 3061; x_wconf 86' lang='lat' dir='ltr'>tus</span> <span class='ocrx_word' id='word_1_267' title='bbox 472 3000 529 3060; x_wconf 90' lang='lat' dir='ltr'>est.</span> <span class='ocrx_word' id='word_1_268' title='bbox 1229 3000 1290 3064; x_wconf 90' lang='lat' dir='ltr'>hoc</span> <span class='ocrx_word' id='word_1_269' title='bbox 1308 3003 1399 3064; x_wconf 86' lang='lat' dir='ltr'>extra</span> <span class='ocrx_word' id='word_1_270' title='bbox 1420 2998 1596 3082; x_wconf 79' lang='lat' dir='ltr'>principale</span> <span class='ocrx_word' id='word_1_271' title='bbox 1609 2998 1809 3081; x_wconf 86' lang='lat' dir='ltr'>propositum</span> <span class='ocrx_word' id='word_1_272' title='bbox 1818 3000 1866 3073; x_wconf 82' lang='lat' dir='ltr'>cst,</span> <span class='ocrx_word' id='word_1_273' title='bbox 1880 3009 1944 3077; x_wconf 72' lang='lat' dir='ltr'>quat</span> 
     </span>
     <span class='ocr_line' id='line_1_24' title="bbox 447 3103 1945 3191; baseline -0.003 -21"><span class='ocrx_word' id='word_1_274' title='bbox 447 3103 538 3188; x_wconf 89' lang='lat' dir='ltr'>Rosp.</span> <span class='ocrx_word' id='word_1_275' title='bbox 555 3105 661 3189; x_wconf 79' lang='lat' dir='ltr'>Aliqrri</span> <span class='ocrx_word' id='word_1_276' title='bbox 675 3103 788 3170; x_wconf 86' lang='lat' dir='ltr'>volunt</span> <span class='ocrx_word' id='word_1_277' title='bbox 798 3104 902 3170; x_wconf 81' lang='lat' dir='ltr'>dicere</span> <span class='ocrx_word' id='word_1_278' title='bbox 913 3105 998 3189; x_wconf 88' lang='lat' dir='ltr'>quod</span> <span class='ocrx_word' id='word_1_279' title='bbox 1014 3104 1075 3170; x_wconf 88' lang='lat' dir='ltr'>ista</span> <span class='ocrx_word' id='word_1_280' title='bbox 1093 3106 1174 3173; x_wconf 87' lang='lat' dir='ltr'>ratio</span> <span class='ocrx_word' id='word_1_281' title='bbox 1228 3112 1300 3172; x_wconf 90' lang='lat' dir='ltr'>tum</span> <span class='ocrx_word' id='word_1_282' title='bbox 1313 3108 1354 3174; x_wconf 88' lang='lat' dir='ltr'>ad</span> <span class='ocrx_word' id='word_1_283' title='bbox 1365 3111 1489 3191; x_wconf 86' lang='lat' dir='ltr'>partem</span> <span class='ocrx_word' id='word_1_284' title='bbox 1502 3107 1608 3187; x_wconf 84' lang='lat' dir='ltr'>istam,</span> <span class='ocrx_word' id='word_1_285' title='bbox 1619 3123 1694 3189; x_wconf 82' lang='lat' dir='ltr'>quae</span> <span class='ocrx_word' id='word_1_286' title='bbox 1707 3106 1791 3170; x_wconf 90' lang='lat' dir='ltr'>sitin</span> <span class='ocrx_word' id='word_1_287' title='bbox 1806 3103 1945 3186; x_wconf 78' lang='lat' dir='ltr'>augelisue</span> 
     </span>
     <span class='ocr_line' id='line_1_25' title="bbox 407 3212 1944 3297; baseline -0.001 -19"><span class='ocrx_word' id='word_1_288' title='bbox 407 3213 501 3290; x_wconf 86' lang='lat' dir='ltr'>valet,</span> <span class='ocrx_word' id='word_1_289' title='bbox 516 3215 592 3297; x_wconf 84' lang='lat' dir='ltr'>quia</span> <span class='ocrx_word' id='word_1_290' title='bbox 604 3213 767 3295; x_wconf 88' lang='lat' dir='ltr'>generatio</span> <span class='ocrx_word' id='word_1_291' title='bbox 780 3217 828 3277; x_wconf 87' lang='lat' dir='ltr'>est</span> <span class='ocrx_word' id='word_1_292' title='bbox 839 3213 879 3277; x_wconf 90' lang='lat' dir='ltr'>de</span> <span class='ocrx_word' id='word_1_293' title='bbox 892 3213 1068 3277; x_wconf 84' lang='lat' dir='ltr'>substantia</span> <span class='ocrx_word' id='word_1_294' title='bbox 1079 3233 1176 3295; x_wconf 89' lang='lat' dir='ltr'>gene·</span> <span class='ocrx_word' id='word_1_295' title='bbox 1229 3216 1356 3280; x_wconf 78' lang='lat' dir='ltr'>cessitas</span> <span class='ocrx_word' id='word_1_296' title='bbox 1376 3214 1544 3280; x_wconf 87' lang='lat' dir='ltr'>locutionis</span> <span class='ocrx_word' id='word_1_297' title='bbox 1560 3215 1584 3296; x_wconf 71' lang='grc' dir='ltr'>ι,</span> <span class='ocrx_word' id='word_1_298' title='bbox 1606 3213 1707 3296; x_wconf 88' lang='lat' dir='ltr'>quia,</span> <span class='ocrx_word' id='word_1_299' title='bbox 1724 3214 1804 3278; x_wconf 85' lang='lat' dir='ltr'>sicut</span> <span class='ocrx_word' id='word_1_300' title='bbox 1824 3212 1944 3294; x_wconf 66' lang='lat' dir='ltr'>unicum</span> 
     </span>
     <span class='ocr_line' id='line_1_26' title="bbox 406 3320 1944 3403; baseline -0.001 -18"><span class='ocrx_word' id='word_1_301' title='bbox 406 3321 506 3386; x_wconf 88' lang='lat' dir='ltr'>rantis</span> <span class='ocrx_word' id='word_1_302' title='bbox 520 3344 527 3385; x_wconf 76' lang='grc' dir='ltr'><strong>ε</strong></span> <span class='ocrx_word' id='word_1_303' title='bbox 543 3325 575 3386; x_wconf 87' lang='lat' dir='ltr'>et</span> <span class='ocrx_word' id='word_1_304' title='bbox 586 3321 668 3400; x_wconf 86' lang='lat' dir='ltr'>ideo,</span> <span class='ocrx_word' id='word_1_305' title='bbox 683 3320 711 3384; x_wconf 91' lang='lat' dir='ltr'>si</span> <span class='ocrx_word' id='word_1_306' title='bbox 724 3321 834 3403; x_wconf 88' lang='lat' dir='ltr'>incipit</span> <span class='ocrx_word' id='word_1_307' title='bbox 846 3338 1011 3402; x_wconf 87' lang='lat' dir='ltr'>generare,</span> <span class='ocrx_word' id='word_1_308' title='bbox 1027 3322 1175 3386; x_wconf 87' lang='lat' dir='ltr'>substan·</span> <span class='ocrx_word' id='word_1_309' title='bbox 1229 3328 1353 3387; x_wconf 83' lang='lat' dir='ltr'>naturae</span> <span class='ocrx_word' id='word_1_310' title='bbox 1378 3322 1526 3387; x_wconf 78' lang='lat' dir='ltr'>rationali</span> <span class='ocrx_word' id='word_1_311' title='bbox 1545 3321 1619 3385; x_wconf 80' lang='lat' dir='ltr'>data</span> <span class='ocrx_word' id='word_1_312' title='bbox 1642 3325 1691 3385; x_wconf 90' lang='lat' dir='ltr'>est</span> <span class='ocrx_word' id='word_1_313' title='bbox 1721 3321 1859 3387; x_wconf 87' lang='lat' dir='ltr'>voluntas</span> <span class='ocrx_word' id='word_1_314' title='bbox 1874 3320 1944 3392; x_wconf 72' lang='lat' dir='ltr'>ibae</span> 
     </span>
     <span class='ocr_line' id='line_1_27' title="bbox 405 3428 1944 3512; baseline -0.003 -19"><span class='ocrx_word' id='word_1_315' title='bbox 405 3430 450 3494; x_wconf 88' lang='lat' dir='ltr'>tia</span> <span class='ocrx_word' id='word_1_316' title='bbox 461 3433 614 3494; x_wconf 90' lang='lat' dir='ltr'>mutatur.</span> <span class='ocrx_word' id='word_1_317' title='bbox 635 3428 696 3493; x_wconf 90' lang='lat' dir='ltr'>Sed</span> <span class='ocrx_word' id='word_1_318' title='bbox 713 3429 774 3493; x_wconf 89' lang='lat' dir='ltr'>hoc</span> <span class='ocrx_word' id='word_1_319' title='bbox 790 3447 857 3492; x_wconf 91' lang='lat' dir='ltr'>nou</span> <span class='ocrx_word' id='word_1_320' title='bbox 870 3428 1011 3505; x_wconf 89' lang='lat' dir='ltr'>videtur,</span> <span class='ocrx_word' id='word_1_321' title='bbox 1028 3430 1104 3511; x_wconf 85' lang='lat' dir='ltr'>quia</span> <span class='ocrx_word' id='word_1_322' title='bbox 1117 3449 1176 3512; x_wconf 86' lang='lat' dir='ltr'>ge-</span> <span class='ocrx_word' id='word_1_323' title='bbox 1229 3432 1275 3495; x_wconf 89' lang='lat' dir='ltr'>sic</span> <span class='ocrx_word' id='word_1_324' title='bbox 1289 3431 1479 3495; x_wconf 87' lang='lat' dir='ltr'>couscientia</span> <span class='ocrx_word' id='word_1_325' title='bbox 1493 3433 1621 3493; x_wconf 85' lang='lat' dir='ltr'>secrete.</span> <span class='ocrx_word' id='word_1_326' title='bbox 1638 3428 1751 3509; x_wconf 91' lang='lat' dir='ltr'>Unde,</span> <span class='ocrx_word' id='word_1_327' title='bbox 1768 3429 1842 3492; x_wconf 82' lang='lat' dir='ltr'>sicrd</span> <span class='ocrx_word' id='word_1_328' title='bbox 1852 3445 1901 3490; x_wconf 89' lang='lat' dir='ltr'>nou</span> <span class='ocrx_word' id='word_1_329' title='bbox 1911 3445 1944 3507; x_wconf 68' lang='lat' dir='ltr'>pe</span> 
     </span>
     <span class='ocr_line' id='line_1_28' title="bbox 405 3533 1943 3620; baseline -0.004 -19"><span class='ocrx_word' id='word_1_330' title='bbox 405 3537 528 3602; x_wconf 78' lang='lat' dir='ltr'>necatio</span> <span class='ocrx_word' id='word_1_331' title='bbox 551 3538 586 3601; x_wconf 92' lang='lat' dir='ltr'>iu</span> <span class='ocrx_word' id='word_1_332' title='bbox 613 3537 731 3602; x_wconf 90' lang='lat' dir='ltr'>divinis</span> <span class='ocrx_word' id='word_1_333' title='bbox 753 3555 820 3600; x_wconf 92' lang='lat' dir='ltr'>non</span> <span class='ocrx_word' id='word_1_334' title='bbox 844 3535 919 3600; x_wconf 91' lang='lat' dir='ltr'>dicit</span> <span class='ocrx_word' id='word_1_335' title='bbox 948 3540 1083 3600; x_wconf 90' lang='lat' dir='ltr'>motum.</span> <span class='ocrx_word' id='word_1_336' title='bbox 1111 3538 1175 3603; x_wconf 78' lang='lat' dir='ltr'>Alii</span> <span class='ocrx_word' id='word_1_337' title='bbox 1229 3542 1289 3602; x_wconf 87' lang='lat' dir='ltr'>test</span> <span class='ocrx_word' id='word_1_338' title='bbox 1301 3538 1418 3620; x_wconf 86' lang='lat' dir='ltr'>aliquis</span> <span class='ocrx_word' id='word_1_339' title='bbox 1430 3537 1628 3601; x_wconf 86' lang='lat' dir='ltr'>voluntatem</span> <span class='ocrx_word' id='word_1_340' title='bbox 1640 3535 1774 3599; x_wconf 85' lang='lat' dir='ltr'>alterius</span> <span class='ocrx_word' id='word_1_341' title='bbox 1785 3536 1816 3598; x_wconf 92' lang='lat' dir='ltr'>iu</span> <span class='ocrx_word' id='word_1_342' title='bbox 1826 3533 1894 3598; x_wconf 87' lang='lat' dir='ltr'>alind</span> <span class='ocrx_word' id='word_1_343' title='bbox 1903 3551 1943 3594; x_wconf 79' lang='lat' dir='ltr'>ru·</span> 
     </span>
     <span class='ocr_line' id='line_1_29' title="bbox 405 3639 1943 3727; baseline -0.004 -19"><span class='ocrx_word' id='word_1_344' title='bbox 405 3645 515 3709; x_wconf 88' lang='lat' dir='ltr'>dicunt</span> <span class='ocrx_word' id='word_1_345' title='bbox 528 3643 632 3727; x_wconf 87' lang='lat' dir='ltr'>quod,</span> <span class='ocrx_word' id='word_1_346' title='bbox 653 3643 730 3726; x_wconf 84' lang='lat' dir='ltr'>quia</span> <span class='ocrx_word' id='word_1_347' title='bbox 751 3643 882 3725; x_wconf 90' lang='lat' dir='ltr'>genitus</span> <span class='ocrx_word' id='word_1_348' title='bbox 895 3646 943 3707; x_wconf 90' lang='grc' dir='ltr'>εει</span> <span class='ocrx_word' id='word_1_349' title='bbox 962 3645 1174 3709; x_wconf 85' lang='lat' dir='ltr'>consubstan-</span> <span class='ocrx_word' id='word_1_350' title='bbox 1229 3650 1306 3725; x_wconf 89' lang='lat' dir='ltr'>tere,</span> <span class='ocrx_word' id='word_1_351' title='bbox 1322 3646 1375 3709; x_wconf 88' lang='lat' dir='ltr'>sed</span> <span class='ocrx_word' id='word_1_352' title='bbox 1396 3644 1502 3709; x_wconf 91' lang='lat' dir='ltr'>solum</span> <span class='ocrx_word' id='word_1_353' title='bbox 1520 3644 1692 3721; x_wconf 89' lang='lat' dir='ltr'>inducere,</span> <span class='ocrx_word' id='word_1_354' title='bbox 1710 3644 1773 3706; x_wconf 89' lang='lat' dir='ltr'>nisi</span> <span class='ocrx_word' id='word_1_355' title='bbox 1784 3639 1943 3724; x_wconf 78' lang='lat' dir='ltr'>ipsasciret</span> 
     </span>
     <span class='ocr_line' id='line_1_30' title="bbox 405 3751 1942 3836; baseline -0.003 -20"><span class='ocrx_word' id='word_1_356' title='bbox 405 3753 486 3817; x_wconf 85' lang='lat' dir='ltr'>tiuiis</span> <span class='ocrx_word' id='word_1_357' title='bbox 506 3752 670 3833; x_wconf 79' lang='lat' dir='ltr'>gignenti,</span> <span class='ocrx_word' id='word_1_358' title='bbox 690 3752 718 3815; x_wconf 93' lang='lat' dir='ltr'>si</span> <span class='ocrx_word' id='word_1_359' title='bbox 741 3755 886 3815; x_wconf 87' lang='lat' dir='ltr'>mutatur</span> <span class='ocrx_word' id='word_1_360' title='bbox 905 3751 1054 3832; x_wconf 89' lang='lat' dir='ltr'>genitus,</span> <span class='ocrx_word' id='word_1_361' title='bbox 1079 3756 1111 3816; x_wconf 89' lang='lat' dir='ltr'>et</span> <span class='ocrx_word' id='word_1_362' title='bbox 1123 3754 1174 3836; x_wconf 90' lang='lat' dir='ltr'>gi·</span> <span class='ocrx_word' id='word_1_363' title='bbox 1229 3757 1298 3830; x_wconf 85' lang='lat' dir='ltr'>net,</span> <span class='ocrx_word' id='word_1_364' title='bbox 1319 3757 1434 3835; x_wconf 75' lang='lat' dir='ltr'>praeter</span> <span class='ocrx_word' id='word_1_365' title='bbox 1451 3753 1556 3816; x_wconf 92' lang='lat' dir='ltr'>solum</span> <span class='ocrx_word' id='word_1_366' title='bbox 1580 3751 1703 3828; x_wconf 85' lang='lat' dir='ltr'>Deum,</span> <span class='ocrx_word' id='word_1_367' title='bbox 1728 3751 1762 3814; x_wconf 93' lang='lat' dir='ltr'>iu</span> <span class='ocrx_word' id='word_1_368' title='bbox 1783 3752 1863 3833; x_wconf 85' lang='lat' dir='ltr'>cujus</span> <span class='ocrx_word' id='word_1_369' title='bbox 1880 3763 1942 3811; x_wconf 82' lang='lat' dir='ltr'>nur</span> 
     </span>
     <span class='ocr_line' id='line_1_31' title="bbox 404 3858 1942 3942; baseline -0.007 -17"><span class='ocrx_word' id='word_1_370' title='bbox 404 3878 534 3942; x_wconf 87' lang='lat' dir='ltr'>gneus:</span> <span class='ocrx_word' id='word_1_371' title='bbox 560 3859 615 3924; x_wconf 87' lang='lat' dir='ltr'>sed</span> <span class='ocrx_word' id='word_1_372' title='bbox 644 3859 773 3941; x_wconf 89' lang='lat' dir='ltr'>genitus</span> <span class='ocrx_word' id='word_1_373' title='bbox 795 3862 955 3937; x_wconf 89' lang='lat' dir='ltr'>mutatur,</span> <span class='ocrx_word' id='word_1_374' title='bbox 976 3860 1004 3923; x_wconf 87' lang='lat' dir='ltr'>si</span> <span class='ocrx_word' id='word_1_375' title='bbox 1025 3860 1064 3924; x_wconf 90' lang='lat' dir='ltr'>de</span> <span class='ocrx_word' id='word_1_376' title='bbox 1089 3878 1174 3926; x_wconf 88' lang='lat' dir='ltr'>novo</span> <span class='ocrx_word' id='word_1_377' title='bbox 1229 3864 1304 3924; x_wconf 90' lang='lat' dir='ltr'>sunt</span> <span class='ocrx_word' id='word_1_378' title='bbox 1318 3860 1414 3923; x_wconf 84' lang='lat' dir='ltr'>corda</span> <span class='ocrx_word' id='word_1_379' title='bbox 1432 3858 1682 3937; x_wconf 80' lang='lat' dir='ltr'>hominum3ita</span> <span class='ocrx_word' id='word_1_380' title='bbox 1696 3860 1886 3939; x_wconf 79' lang='lat' dir='ltr'>nemopotost</span> <span class='ocrx_word' id='word_1_381' title='bbox 1894 3869 1942 3915; x_wconf 84' lang='lat' dir='ltr'>con·</span> 
     </span>
     <span class='ocr_line' id='line_1_32' title="bbox 404 3960 1942 4051; baseline -0.007 -19"><span class='ocrx_word' id='word_1_382' title='bbox 404 3971 602 4048; x_wconf 85' lang='lat' dir='ltr'>generatur:</span> <span class='ocrx_word' id='word_1_383' title='bbox 625 3984 705 4047; x_wconf 89' lang='lat' dir='ltr'>ergo</span> <span class='ocrx_word' id='word_1_384' title='bbox 731 3969 763 4029; x_wconf 91' lang='lat' dir='ltr'>et</span> <span class='ocrx_word' id='word_1_385' title='bbox 795 3982 954 4047; x_wconf 89' lang='lat' dir='ltr'>generans</span> <span class='ocrx_word' id='word_1_386' title='bbox 977 3984 1036 4049; x_wconf 92' lang='lat' dir='ltr'>per</span> <span class='ocrx_word' id='word_1_387' title='bbox 1060 3985 1174 4032; x_wconf 85' lang='lat' dir='ltr'>ronse-</span> <span class='ocrx_word' id='word_1_388' title='bbox 1228 3969 1387 4051; x_wconf 85' lang='lat' dir='ltr'>ceptiones</span> <span class='ocrx_word' id='word_1_389' title='bbox 1414 3967 1544 4031; x_wconf 87' lang='lat' dir='ltr'>alterins</span> <span class='ocrx_word' id='word_1_390' title='bbox 1575 3983 1781 4048; x_wconf 72' lang='lat' dir='ltr'>cognossem,</span> <span class='ocrx_word' id='word_1_391' title='bbox 1811 3963 1856 4028; x_wconf 84' lang='lat' dir='ltr'>sed</span> <span class='ocrx_word' id='word_1_392' title='bbox 1876 3960 1942 4025; x_wconf 86' lang='lat' dir='ltr'>solun</span> 
     </span>
     <span class='ocr_line' id='line_1_33' title="bbox 404 4064 1942 4159; baseline -0.008 -18"><span class='ocrx_word' id='word_1_393' title='bbox 404 4094 517 4159; x_wconf 90' lang='lat' dir='ltr'>quens.</span> <span class='ocrx_word' id='word_1_394' title='bbox 533 4074 622 4139; x_wconf 80' lang='lat' dir='ltr'>Alius</span> <span class='ocrx_word' id='word_1_395' title='bbox 632 4074 747 4138; x_wconf 90' lang='lat' dir='ltr'>modus</span> <span class='ocrx_word' id='word_1_396' title='bbox 758 4072 882 4137; x_wconf 88' lang='lat' dir='ltr'>dicendi</span> <span class='ocrx_word' id='word_1_397' title='bbox 895 4076 953 4151; x_wconf 90' lang='grc' dir='ltr'><strong>εει,</strong></span> <span class='ocrx_word' id='word_1_398' title='bbox 966 4074 1053 4155; x_wconf 88' lang='lat' dir='ltr'>quod</span> <span class='ocrx_word' id='word_1_399' title='bbox 1066 4079 1174 4158; x_wconf 87' lang='lat' dir='ltr'>pater·</span> <span class='ocrx_word' id='word_1_400' title='bbox 1228 4077 1396 4159; x_wconf 88' lang='lat' dir='ltr'>conjicere,</span> <span class='ocrx_word' id='word_1_401' title='bbox 1420 4078 1536 4157; x_wconf 83' lang='lat' dir='ltr'>praeter</span> <span class='ocrx_word' id='word_1_402' title='bbox 1558 4072 1671 4150; x_wconf 87' lang='lat' dir='ltr'>Deum,</span> <span class='ocrx_word' id='word_1_403' title='bbox 1702 4073 1766 4136; x_wconf 91' lang='lat' dir='ltr'>nisi</span> <span class='ocrx_word' id='word_1_404' title='bbox 1787 4074 1847 4154; x_wconf 85' lang='lat' dir='ltr'>ipsa</span> <span class='ocrx_word' id='word_1_405' title='bbox 1867 4064 1942 4131; x_wconf 73' lang='lat' dir='ltr'>nuti</span> 
     </span>
     <span class='ocr_line' id='line_1_34' title="bbox 404 4170 1942 4265; baseline -0.006 -16"><span class='ocrx_word' id='word_1_406' title='bbox 404 4186 489 4249; x_wconf 83' lang='lat' dir='ltr'>nites</span> <span class='ocrx_word' id='word_1_407' title='bbox 505 4201 615 4247; x_wconf 87' lang='lat' dir='ltr'>veram</span> <span class='ocrx_word' id='word_1_408' title='bbox 625 4182 702 4247; x_wconf 89' lang='lat' dir='ltr'>dicit</span> <span class='ocrx_word' id='word_1_409' title='bbox 709 4181 930 4246; x_wconf 86' lang='lat' dir='ltr'>habitudinem</span> <span class='ocrx_word' id='word_1_410' title='bbox 943 4181 978 4244; x_wconf 92' lang='lat' dir='ltr'>in</span> <span class='ocrx_word' id='word_1_411' title='bbox 991 4180 1095 4258; x_wconf 89' lang='lat' dir='ltr'>Patre,</span> <span class='ocrx_word' id='word_1_412' title='bbox 1108 4201 1174 4248; x_wconf 92' lang='lat' dir='ltr'>non</span> <span class='ocrx_word' id='word_1_413' title='bbox 1229 4182 1339 4264; x_wconf 86' lang='lat' dir='ltr'>geutia</span> <span class='ocrx_word' id='word_1_414' title='bbox 1351 4183 1530 4265; x_wconf 82' lang='lat' dir='ltr'>exprimat:</span> <span class='ocrx_word' id='word_1_415' title='bbox 1548 4185 1580 4245; x_wconf 89' lang='lat' dir='ltr'>ct</span> <span class='ocrx_word' id='word_1_416' title='bbox 1595 4180 1664 4263; x_wconf 88' lang='lat' dir='ltr'>ipsa</span> <span class='ocrx_word' id='word_1_417' title='bbox 1685 4180 1848 4264; x_wconf 79' lang='lat' dir='ltr'>expressio,</span> <span class='ocrx_word' id='word_1_418' title='bbox 1866 4170 1942 4238; x_wconf 73' lang='lat' dir='ltr'>loeutia</span> 
     </span>
     <span class='ocr_line' id='line_1_35' title="bbox 404 4277 1942 4372; baseline -0.005 -17"><span class='ocrx_word' id='word_1_419' title='bbox 404 4293 449 4357; x_wconf 90' lang='lat' dir='ltr'>sic</span> <span class='ocrx_word' id='word_1_420' title='bbox 460 4291 576 4356; x_wconf 83' lang='lat' dir='ltr'>creatio</span> <span class='ocrx_word' id='word_1_421' title='bbox 590 4290 641 4354; x_wconf 88' lang='lat' dir='ltr'>vel</span> <span class='ocrx_word' id='word_1_422' title='bbox 655 4288 854 4354; x_wconf 87' lang='lat' dir='ltr'>dominatio:</span> <span class='ocrx_word' id='word_1_423' title='bbox 871 4293 903 4352; x_wconf 90' lang='grc' dir='ltr'><strong>ει</strong></span> <span class='ocrx_word' id='word_1_424' title='bbox 914 4288 984 4353; x_wconf 89' lang='lat' dir='ltr'>ideo</span> <span class='ocrx_word' id='word_1_425' title='bbox 1001 4291 1175 4372; x_wconf 83' lang='lat' dir='ltr'>paternitas</span> <span class='ocrx_word' id='word_1_426' title='bbox 1228 4293 1445 4371; x_wconf 87' lang='lat' dir='ltr'>nuncupatur.</span> <span class='ocrx_word' id='word_1_427' title='bbox 1474 4288 1565 4352; x_wconf 84' lang='lat' dir='ltr'>Ratio</span> <span class='ocrx_word' id='word_1_428' title='bbox 1590 4291 1699 4351; x_wconf 63' lang='lat' dir='ltr'>annm</span> <span class='ocrx_word' id='word_1_429' title='bbox 1726 4288 1819 4369; x_wconf 85' lang='lat' dir='ltr'>hujus</span> <span class='ocrx_word' id='word_1_430' title='bbox 1835 4287 1880 4360; x_wconf 82' lang='lat' dir='ltr'>eat,</span> <span class='ocrx_word' id='word_1_431' title='bbox 1894 4277 1942 4361; x_wconf 69' lang='lat' dir='ltr'>quit</span> 
     </span>
     <span class='ocr_line' id='line_1_36' title="bbox 403 4385 1940 4477; baseline -0.008 -13"><span class='ocrx_word' id='word_1_432' title='bbox 403 4399 537 4464; x_wconf 88' lang='lat' dir='ltr'>venicus</span> <span class='ocrx_word' id='word_1_433' title='bbox 551 4401 664 4474; x_wconf 88' lang='lat' dir='ltr'>mutat,</span> <span class='ocrx_word' id='word_1_434' title='bbox 679 4414 746 4461; x_wconf 90' lang='lat' dir='ltr'>uon</span> <span class='ocrx_word' id='word_1_435' title='bbox 758 4396 804 4459; x_wconf 90' lang='lat' dir='ltr'>sic</span> <span class='ocrx_word' id='word_1_436' title='bbox 816 4395 1000 4460; x_wconf 85' lang='lat' dir='ltr'>dominatio.</span> <span class='ocrx_word' id='word_1_437' title='bbox 1014 4396 1075 4460; x_wconf 88' lang='lat' dir='ltr'>Sed</span> <span class='ocrx_word' id='word_1_438' title='bbox 1085 4398 1175 4463; x_wconf 85' lang='lat' dir='ltr'>uuila</span> <span class='ocrx_word' id='word_1_439' title='bbox 1228 4393 1316 4458; x_wconf 86' lang='lat' dir='ltr'>solus</span> <span class='ocrx_word' id='word_1_440' title='bbox 1322 4394 1405 4459; x_wconf 84' lang='lat' dir='ltr'>Deus</span> <span class='ocrx_word' id='word_1_441' title='bbox 1411 4395 1527 4459; x_wconf 81' lang='lat' dir='ltr'>format</span> <span class='ocrx_word' id='word_1_442' title='bbox 1535 4397 1688 4472; x_wconf 85' lang='lat' dir='ltr'>mentem,</span> <span class='ocrx_word' id='word_1_443' title='bbox 1694 4398 1728 4458; x_wconf 88' lang='lat' dir='ltr'>et</span> <span class='ocrx_word' id='word_1_444' title='bbox 1735 4385 1940 4477; x_wconf 78' lang='lat' dir='ltr'>quntuuadiu</span> 
     </span>
     <span class='ocr_line' id='line_1_37' title="bbox 403 4490 1940 4592; baseline -0.01 -19"><span class='ocrx_word' id='word_1_445' title='bbox 403 4507 627 4592; x_wconf 72' lang='lat' dir='ltr'>predictarum</span> <span class='ocrx_word' id='word_1_446' title='bbox 657 4504 821 4570; x_wconf 85' lang='lat' dir='ltr'>rationum</span> <span class='ocrx_word' id='word_1_447' title='bbox 846 4504 900 4568; x_wconf 86' lang='lat' dir='ltr'>dat</span> <span class='ocrx_word' id='word_1_448' title='bbox 923 4504 1070 4585; x_wconf 84' lang='lat' dir='ltr'>vigorem</span> <span class='ocrx_word' id='word_1_449' title='bbox 1096 4506 1174 4571; x_wconf 88' lang='lat' dir='ltr'>huic</span> <span class='ocrx_word' id='word_1_450' title='bbox 1228 4501 1400 4578; x_wconf 89' lang='lat' dir='ltr'>tellectum,</span> <span class='ocrx_word' id='word_1_451' title='bbox 1411 4506 1443 4566; x_wconf 88' lang='lat' dir='ltr'>et</span> <span class='ocrx_word' id='word_1_452' title='bbox 1451 4501 1655 4584; x_wconf 86' lang='lat' dir='ltr'>quantumad</span> <span class='ocrx_word' id='word_1_453' title='bbox 1668 4490 1940 4577; x_wconf 55' lang='lat' dir='ltr'>meranensis</span> 
     </span>
     <span class='ocr_line' id='line_1_38' title="bbox 402 4599 1938 4695; baseline -0.008 -15"><span class='ocrx_word' id='word_1_454' title='bbox 402 4616 519 4681; x_wconf 85' lang='lat' dir='ltr'>rationi</span> <span class='ocrx_word' id='word_1_455' title='bbox 533 4619 644 4679; x_wconf 87' lang='lat' dir='ltr'>contra</span> <span class='ocrx_word' id='word_1_456' title='bbox 656 4613 836 4691; x_wconf 75' lang='lat' dir='ltr'>hereticos3</span> <span class='ocrx_word' id='word_1_457' title='bbox 853 4612 928 4695; x_wconf 89' lang='lat' dir='ltr'>quia</span> <span class='ocrx_word' id='word_1_458' title='bbox 940 4613 1109 4678; x_wconf 78' lang='lat' dir='ltr'>haereticus</span> <span class='ocrx_word' id='word_1_459' title='bbox 1122 4614 1173 4678; x_wconf 91' lang='lat' dir='ltr'>di-</span> <span class='ocrx_word' id='word_1_460' title='bbox 1229 4610 1378 4693; x_wconf 85' lang='lat' dir='ltr'>loquendi</span> <span class='ocrx_word' id='word_1_461' title='bbox 1392 4610 1504 4675; x_wconf 90' lang='lat' dir='ltr'>similis</span> <span class='ocrx_word' id='word_1_462' title='bbox 1524 4614 1571 4674; x_wconf 86' lang='grc' dir='ltr'>εει</span> <span class='ocrx_word' id='word_1_463' title='bbox 1592 4610 1690 4675; x_wconf 89' lang='lat' dir='ltr'>modo</span> <span class='ocrx_word' id='word_1_464' title='bbox 1703 4605 1874 4674; x_wconf 84' lang='lat' dir='ltr'>addiscendi.</span> <span class='ocrx_word' id='word_1_465' title='bbox 1885 4599 1938 4664; x_wconf 67' lang='lat' dir='ltr'>Sici</span> 
     </span>
     <span class='ocr_line' id='line_1_39' title="bbox 403 4700 1937 4806; baseline -0.01 -16"><span class='ocrx_word' id='word_1_466' title='bbox 403 4725 493 4790; x_wconf 83' lang='lat' dir='ltr'>nebat</span> <span class='ocrx_word' id='word_1_467' title='bbox 505 4723 592 4806; x_wconf 76' lang='lat' dir='ltr'>quod</span> <span class='ocrx_word' id='word_1_468' title='bbox 606 4721 706 4786; x_wconf 87' lang='lat' dir='ltr'>Filius</span> <span class='ocrx_word' id='word_1_469' title='bbox 718 4739 784 4787; x_wconf 91' lang='lat' dir='ltr'>nou</span> <span class='ocrx_word' id='word_1_470' title='bbox 800 4725 868 4785; x_wconf 87' lang='lat' dir='ltr'>erat</span> <span class='ocrx_word' id='word_1_471' title='bbox 881 4724 1062 4785; x_wconf 81' lang='lat' dir='ltr'>maeteruus</span> <span class='ocrx_word' id='word_1_472' title='bbox 1076 4720 1172 4800; x_wconf 87' lang='lat' dir='ltr'>Patri,</span> <span class='ocrx_word' id='word_1_473' title='bbox 1228 4718 1316 4781; x_wconf 89' lang='lat' dir='ltr'>enirn</span> <span class='ocrx_word' id='word_1_474' title='bbox 1336 4736 1395 4782; x_wconf 91' lang='lat' dir='ltr'>nos</span> <span class='ocrx_word' id='word_1_475' title='bbox 1417 4735 1474 4801; x_wconf 89' lang='lat' dir='ltr'>per</span> <span class='ocrx_word' id='word_1_476' title='bbox 1491 4736 1621 4781; x_wconf 90' lang='lat' dir='ltr'>sensum</span> <span class='ocrx_word' id='word_1_477' title='bbox 1634 4717 1830 4790; x_wconf 85' lang='lat' dir='ltr'>addiscimus,</span> <span class='ocrx_word' id='word_1_478' title='bbox 1844 4700 1937 4789; x_wconf 65' lang='lat' dir='ltr'>inquid</span> 
     </span>
    </p>
   </div>
   <div class='ocr_carea' id='block_1_5' title="bbox 402 4804 1937 5447">
    <p class='ocr_par' dir='ltr' id='par_1_5' title="bbox 402 4804 1937 5447">
     <span class='ocr_line' id='line_1_40' title="bbox 403 4804 1937 4915; baseline -0.007 -17"><span class='ocrx_word' id='word_1_479' title='bbox 403 4852 441 4898; x_wconf 90' lang='lat' dir='ltr'>ac</span> <span class='ocrx_word' id='word_1_480' title='bbox 454 4850 512 4915; x_wconf 88' lang='lat' dir='ltr'>per</span> <span class='ocrx_word' id='word_1_481' title='bbox 528 4831 590 4896; x_wconf 91' lang='lat' dir='ltr'>hoc</span> <span class='ocrx_word' id='word_1_482' title='bbox 607 4848 673 4895; x_wconf 90' lang='lat' dir='ltr'>non</span> <span class='ocrx_word' id='word_1_483' title='bbox 696 4828 993 4909; x_wconf 86' lang='lat' dir='ltr'>consubstantialis,</span> <span class='ocrx_word' id='word_1_484' title='bbox 1008 4846 1068 4893; x_wconf 87' lang='lat' dir='ltr'>nec</span> <span class='ocrx_word' id='word_1_485' title='bbox 1087 4830 1174 4895; x_wconf 90' lang='lat' dir='ltr'>idem</span> <span class='ocrx_word' id='word_1_486' title='bbox 1229 4826 1347 4910; x_wconf 87' lang='lat' dir='ltr'>species</span> <span class='ocrx_word' id='word_1_487' title='bbox 1367 4844 1424 4907; x_wconf 90' lang='lat' dir='ltr'>per</span> <span class='ocrx_word' id='word_1_488' title='bbox 1441 4824 1625 4889; x_wconf 89' lang='lat' dir='ltr'>interiorem</span> <span class='ocrx_word' id='word_1_489' title='bbox 1645 4842 1776 4890; x_wconf 89' lang='lat' dir='ltr'>sensum</span> <span class='ocrx_word' id='word_1_490' title='bbox 1791 4804 1937 4905; x_wconf 57' lang='lat' dir='ltr'>perventu</span> 
     </span>
     <span class='ocr_line' id='line_1_41' title="bbox 402 4920 1935 5022; baseline -0.01 -17"><span class='ocrx_word' id='word_1_491' title='bbox 402 4941 589 5005; x_wconf 67' lang='lat' dir='ltr'>subeuntia.</span> <span class='ocrx_word' id='word_1_492' title='bbox 610 4938 742 5022; x_wconf 85' lang='lat' dir='ltr'>Propter</span> <span class='ocrx_word' id='word_1_493' title='bbox 769 4938 850 5016; x_wconf 91' lang='lat' dir='ltr'>hoc,</span> <span class='ocrx_word' id='word_1_494' title='bbox 878 4937 1058 5002; x_wconf 89' lang='lat' dir='ltr'>notandum</span> <span class='ocrx_word' id='word_1_495' title='bbox 1087 4939 1173 5020; x_wconf 88' lang='lat' dir='ltr'>quod</span> <span class='ocrx_word' id='word_1_496' title='bbox 1228 4933 1434 5013; x_wconf 83' lang='lat' dir='ltr'>intellectum,</span> <span class='ocrx_word' id='word_1_497' title='bbox 1458 4934 1504 4996; x_wconf 87' lang='lat' dir='ltr'>sic</span> <span class='ocrx_word' id='word_1_498' title='bbox 1522 4933 1752 5016; x_wconf 87' lang='lat' dir='ltr'>exprimimus;</span> <span class='ocrx_word' id='word_1_499' title='bbox 1770 4929 1835 5014; x_wconf 79' lang='lat' dir='ltr'>quia</span> <span class='ocrx_word' id='word_1_500' title='bbox 1848 4920 1935 4990; x_wconf 76' lang='lat' dir='ltr'>verim</span> 
     </span>
     <span class='ocr_line' id='line_1_42' title="bbox 402 5021 1934 5124; baseline -0.007 -10"><span class='ocrx_word' id='word_1_501' title='bbox 402 5048 485 5114; x_wconf 87' lang='lat' dir='ltr'>dicta</span> <span class='ocrx_word' id='word_1_502' title='bbox 504 5047 585 5111; x_wconf 87' lang='lat' dir='ltr'>ratio</span> <span class='ocrx_word' id='word_1_503' title='bbox 597 5048 682 5111; x_wconf 89' lang='lat' dir='ltr'>bona</span> <span class='ocrx_word' id='word_1_504' title='bbox 695 5048 864 5111; x_wconf 86' lang='lat' dir='ltr'>estcontra</span> <span class='ocrx_word' id='word_1_505' title='bbox 877 5044 1076 5124; x_wconf 76' lang='lat' dir='ltr'>haereticum,</span> <span class='ocrx_word' id='word_1_506' title='bbox 1091 5045 1174 5110; x_wconf 87' lang='lat' dir='ltr'>facta</span> <span class='ocrx_word' id='word_1_507' title='bbox 1229 5041 1429 5123; x_wconf 86' lang='lat' dir='ltr'>cogitationis</span> <span class='ocrx_word' id='word_1_508' title='bbox 1448 5043 1585 5106; x_wconf 78' lang='lat' dir='ltr'>interuae</span> <span class='ocrx_word' id='word_1_509' title='bbox 1605 5042 1718 5106; x_wconf 88' lang='lat' dir='ltr'>unitur</span> <span class='ocrx_word' id='word_1_510' title='bbox 1734 5039 1798 5105; x_wconf 81' lang='lat' dir='ltr'>voci</span> <span class='ocrx_word' id='word_1_511' title='bbox 1810 5021 1934 5103; x_wconf 64' lang='lat' dir='ltr'>meced-</span> 
     </span>
     <span class='ocr_line' id='line_1_43' title="bbox 402 5145 1933 5238; baseline -0.001 -18"><span class='ocrx_word' id='word_1_512' title='bbox 402 5157 472 5238; x_wconf 79' lang='lat' dir='ltr'>eJ‘us</span> <span class='ocrx_word' id='word_1_513' title='bbox 493 5154 728 5237; x_wconf 89' lang='lat' dir='ltr'>suppositione;</span> <span class='ocrx_word' id='word_1_514' title='bbox 751 5154 828 5236; x_wconf 89' lang='lat' dir='ltr'>quia</span> <span class='ocrx_word' id='word_1_515' title='bbox 851 5152 1020 5216; x_wconf 70' lang='lat' dir='ltr'>haereticus</span> <span class='ocrx_word' id='word_1_516' title='bbox 1050 5153 1173 5217; x_wconf 85' lang='lat' dir='ltr'>dicebat</span> <span class='ocrx_word' id='word_1_517' title='bbox 1227 5153 1358 5230; x_wconf 85' lang='lat' dir='ltr'>tatione,</span> <span class='ocrx_word' id='word_1_518' title='bbox 1370 5156 1402 5215; x_wconf 89' lang='lat' dir='ltr'>et</span> <span class='ocrx_word' id='word_1_519' title='bbox 1415 5152 1617 5234; x_wconf 91' lang='lat' dir='ltr'>postmodum</span> <span class='ocrx_word' id='word_1_520' title='bbox 1631 5152 1705 5217; x_wconf 83' lang='lat' dir='ltr'>voci</span> <span class='ocrx_word' id='word_1_521' title='bbox 1720 5147 1842 5216; x_wconf 86' lang='lat' dir='ltr'>sensibili</span> <span class='ocrx_word' id='word_1_522' title='bbox 1854 5145 1933 5219; x_wconf 63' lang='lat' dir='ltr'>ppo</span> 
     </span>
     <span class='ocr_line' id='line_1_44' title="bbox 402 5247 1931 5343; baseline -0.007 -16"><span class='ocrx_word' id='word_1_523' title='bbox 402 5260 528 5327; x_wconf 87' lang='lat' dir='ltr'>Patrem</span> <span class='ocrx_word' id='word_1_524' title='bbox 540 5265 571 5327; x_wconf 89' lang='lat' dir='ltr'>et</span> <span class='ocrx_word' id='word_1_525' title='bbox 583 5261 701 5326; x_wconf 85' lang='lat' dir='ltr'>Filium</span> <span class='ocrx_word' id='word_1_526' title='bbox 713 5260 895 5326; x_wconf 84' lang='lat' dir='ltr'>differentes</span> <span class='ocrx_word' id='word_1_527' title='bbox 907 5259 943 5323; x_wconf 89' lang='lat' dir='ltr'>in</span> <span class='ocrx_word' id='word_1_528' title='bbox 956 5260 1132 5325; x_wconf 85' lang='lat' dir='ltr'>substantia</span> <span class='ocrx_word' id='word_1_529' title='bbox 1141 5265 1172 5324; x_wconf 91' lang='lat' dir='ltr'>et</span> <span class='ocrx_word' id='word_1_530' title='bbox 1227 5258 1437 5338; x_wconf 86' lang='lat' dir='ltr'>nuntiatione,</span> <span class='ocrx_word' id='word_1_531' title='bbox 1455 5264 1487 5324; x_wconf 89' lang='lat' dir='ltr'>et</span> <span class='ocrx_word' id='word_1_532' title='bbox 1507 5278 1549 5323; x_wconf 83' lang='lat' dir='ltr'>ex</span> <span class='ocrx_word' id='word_1_533' title='bbox 1559 5260 1621 5324; x_wconf 91' lang='lat' dir='ltr'>hoo</span> <span class='ocrx_word' id='word_1_534' title='bbox 1633 5260 1670 5323; x_wconf 84' lang='lat' dir='ltr'>nt</span> <span class='ocrx_word' id='word_1_535' title='bbox 1680 5256 1828 5343; x_wconf 66' lang='lat' dir='ltr'>exposta</span> <span class='ocrx_word' id='word_1_536' title='bbox 1843 5247 1931 5314; x_wconf 66' lang='lat' dir='ltr'>mant</span> 
     </span>
     <span class='ocr_line' id='line_1_45' title="bbox 1227 5352 1931 5447; baseline -0.004 -19"><span class='ocrx_word' id='word_1_537' title='bbox 1227 5366 1362 5447; x_wconf 87' lang='lat' dir='ltr'>augelus</span> <span class='ocrx_word' id='word_1_538' title='bbox 1380 5373 1488 5430; x_wconf 87' lang='lat' dir='ltr'>autem</span> <span class='ocrx_word' id='word_1_539' title='bbox 1509 5367 1605 5430; x_wconf 86' lang='lat' dir='ltr'>unica</span> <span class='ocrx_word' id='word_1_540' title='bbox 1622 5369 1741 5432; x_wconf 70' lang='lat' dir='ltr'>vidnte</span> <span class='ocrx_word' id='word_1_541' title='bbox 1752 5352 1931 5441; x_wconf 64' lang='lat' dir='ltr'>iadtquudfls*</span> 
     </span>
    </p>
   </div>
   <div class='ocr_carea' id='block_1_6' title="bbox 403 5457 1929 5558">
    <p class='ocr_par' dir='ltr' id='par_1_6' title="bbox 403 5457 1929 5558">
     <span class='ocr_line' id='line_1_46' title="bbox 403 5457 1929 5558; baseline 0 -20"><span class='ocrx_word' id='word_1_542' title='bbox 403 5491 640 5558; x_wconf 75' lang='lat' dir='ltr'>uros.,uursupra.</span> <span class='ocrx_word' id='word_1_543' title='bbox 1226 5474 1384 5556; x_wconf 85' lang='lat' dir='ltr'>pluribus.</span> <span class='ocrx_word' id='word_1_544' title='bbox 1407 5471 1497 5538; x_wconf 89' lang='lat' dir='ltr'>Unde</span> <span class='ocrx_word' id='word_1_545' title='bbox 1513 5474 1667 5556; x_wconf 89' lang='lat' dir='ltr'>angelus,</span> <span class='ocrx_word' id='word_1_546' title='bbox 1685 5457 1929 5554; x_wconf 55' lang='lat' dir='ltr'>sintperuulie</span> 
     </span>
    </p>
   </div>
   <div class='ocr_carea' id='block_1_7' title="bbox 437 5421 1171 5485">
    <p class='ocr_par' dir='ltr' id='par_1_7' title="bbox 437 5421 1171 5485">
     <span class='ocr_line' id='line_1_47' title="bbox 437 5421 1171 5485; baseline 0 -14"><span class='ocrx_word' id='word_1_547' title='bbox 437 5423 444 5455; x_wconf 85' lang='lat'><strong>¹</strong></span> <span class='ocrx_word' id='word_1_548' title='bbox 457 5423 585 5485; x_wconf 69' lang='lat' dir='ltr'>umbros,</span> <span class='ocrx_word' id='word_1_549' title='bbox 605 5421 635 5471; x_wconf 84' lang='lat' dir='ltr'>de</span> <span class='ocrx_word' id='word_1_550' title='bbox 657 5421 733 5482; x_wconf 79' lang='lat' dir='ltr'>Fide,</span> <span class='ocrx_word' id='word_1_551' title='bbox 747 5421 792 5472; x_wconf 88' lang='lat' dir='ltr'>lib.</span> <span class='ocrx_word' id='word_1_552' title='bbox 804 5421 813 5470; x_wconf 97' lang='grc' dir='ltr'>Ι</span> <span class='ocrx_word' id='word_1_553' title='bbox 822 5457 831 5485; x_wconf 88' lang='lat'>,</span> <span class='ocrx_word' id='word_1_554' title='bbox 846 5433 869 5469; x_wconf 90' lang='lat' dir='ltr'>c.</span> <span class='ocrx_word' id='word_1_555' title='bbox 888 5431 916 5469; x_wconf 81' lang='lat'>11</span> <span class='ocrx_word' id='word_1_556' title='bbox 923 5456 932 5484; x_wconf 86' lang='lat'>,</span> <span class='ocrx_word' id='word_1_557' title='bbox 947 5433 974 5471; x_wconf 89' lang='lat' dir='ltr'>n.</span> <span class='ocrx_word' id='word_1_558' title='bbox 989 5422 1028 5472; x_wconf 76' lang='lat' dir='ltr'>ta.</span> <span class='ocrx_word' id='word_1_559' title='bbox 1040 5447 1072 5459; x_wconf 92' lang='lat'>-</span> <span class='ocrx_word' id='word_1_560' title='bbox 1087 5422 1099 5456; x_wconf 87' lang='lat'><strong>¹</strong></span> <span class='ocrx_word' id='word_1_561' title='bbox 1112 5422 1171 5471; x_wconf 78' lang='lat' dir='ltr'>dm·</span> 
     </span>
    </p>
   </div>
   <div class='ocr_carea' id='block_1_8' title="bbox 0 0 2054 6297">
    <p class='ocr_par' dir='ltr' id='par_1_8' title="bbox 0 0 2054 6297">
     <span class='ocr_line' id='line_1_48' title="bbox 0 0 2054 6297; baseline 0 0"><span class='ocrx_word' id='word_1_562' title='bbox 0 0 2054 6297; x_wconf 95' lang='lat' dir='ltr'> </span> 
     </span>
    </p>
   </div>
  </div>
 </body>
</html>
