4100 6300
352 420 398 469 xx
969 399 1001 464 S.
1032 397 1337 465 BONAVENTURAE

391 559 406 595 a
425 502 545 601 Eodem
558 554 660 614 enno,
674 542 705 601 et
725 555 850 614 mense,
864 535 915 601 die
928 539 985 616 28,
1002 535 1039 600 in
1060 535 1140 600 festo
1162 534 1378 617 apostolorum
1402 533 1487 601 Petri
1508 538 1540 600 et
1561 536 1669 617 Pauli,
1684 538 1837 605 dominus
1857 538 1930 625 Papa

352 644 522 708 celebravit
534 645 665 708 missam
678 644 711 707 in
723 646 786 726 maj
791 643 839 708 ori
852 643 982 707 ecclesie
996 643 1096 706 sancti
1107 641 1123 707 J
1125 643 1238 707 oannis
1252 642 1495 724 Lugdunensis,
1510 644 1720 718 existentibus
1734 647 1854 712 ibidem
1867 665 1931 712 om-

350 751 447 815 nibus
469 751 701 831 cardinalibus,
719 755 752 815 et
770 750 924 834 prelatis,
940 749 998 833 qui
1023 749 1064 814 ad
1086 749 1257 814 concilium
1279 750 1406 814 fuerant
1427 751 1560 816 evocati.
1574 749 1668 816 Lecta
1689 757 1737 818 est
1757 753 1885 837 epistola
1902 755 1933 819 in

349 858 468 935 latino,
482 862 513 922 et
528 876 652 940 graeco,
665 863 697 922 et
715 860 879 923 cantatum
896 862 944 922 est
963 857 1230 940 Evangelium....
1247 857 1365 942 quibus
1385 857 1492 938 dictis,
1509 859 1604 924 trater
1625 858 1853 926 Beneventum
1872 863 1933 926 lecit

350 983 531 1030 sermonem
544 985 641 1032 snum
651 985 752 1050 usquc
770 966 811 1031 ad
824 967 922 1030 llnem
925 1012 987 1030 .....

395 1096 411 1135 r
425 1073 543 1137 Eodem
553 1092 637 1138 anno
646 1077 677 1139 et
687 1091 797 1138 mense
808 1073 914 1156 liniti),
927 1073 977 1137 die
987 1072 1159 1152 dominice,
1169 1073 1291 1138 decima
1300 1071 1414 1154 quinta
1421 1073 1449 1155 ej
1455 1072 1577 1152 usdem,
1585 1073 1665 1139 hora
1672 1077 1857 1140 matutinali
1865 1078 1934 1142 obiit

350 1181 445 1246 clerae
458 1182 623 1245 memoriae
638 1182 735 1246 trater
746 1180 973 1245 Beneventum
990 1179 1179 1244 dinanensis
1193 1180 1377 1262 episcopus,
1394 1181 1450 1263 qui
1463 1180 1527 1244 tuit
1539 1181 1637 1245 homo
1649 1183 1823 1248 eminentis
1842 1187 1935 1250 scicn-

226 1320 229 1331 ·
350 1288 405 1353 tiae
416 1292 448 1352 et
462 1288 666 1370 eloquentia,
687 1289 738 1353 vir
750 1287 880 1371 quidem
892 1288 1056 1352 sanctitate
1067 1289 1267 1370 praecipuus,
1282 1287 1365 1363 vita,
1381 1286 1655 1353 commiseratione
1672 1308 1709 1353 ec
1728 1292 1874 1357 moribus
1885 1312 1934 1357 ex·

351 1395 579 1460 callentissimis
593 1394 776 1475 decoratus,
791 1395 970 1477 benignus,
985 1394 1138 1474 effabilis,
1153 1395 1225 1478 pius
1239 1398 1271 1458 et
1285 1395 1480 1476 miserimus,
1495 1396 1669 1461 virtutibus
1688 1399 1822 1481 plenus,
1837 1399 1897 1465 lieo
1909 1408 1936 1465 et

351 1503 536 1568 hominibus
548 1501 691 1581 dilectus,
704 1502 761 1585 qui
776 1502 919 1585 sepultus
933 1506 979 1566 est
990 1502 1060 1585 ipso
1073 1501 1126 1566 die
1138 1501 1299 1567 dominico
1312 1503 1347 1566 in
1359 1503 1428 1567 loco
1441 1501 1592 1567 Fratrum
1604 1503 1767 1570 Minorum
1780 1505 1935 1589 Lugduni,

351 1613 445 1693 cujus
466 1610 611 1694 exequiis
624 1609 768 1674 interluit
781 1609 933 1673 dominus
946 1608 1033 1692 Papa
1051 1627 1126 1673 cum
1144 1609 1297 1673 omnibus
1317 1608 1475 1691 Praelatis‚
1497 1612 1555 1695 qui
1578 1616 1670 1676 erant
1692 1613 1726 1677 in
1749 1614 1898 1690 concilio,
1910 1618 1937 1677 et

288 1723 293 1733 ’
349 1720 416 1782 tcta
430 1718 529 1782 curia.
545 1716 585 1781 Et
601 1719 697 1782 freter
711 1715 824 1781 Petrus
838 1716 988 1781 Ostiensis
1001 1716 1168 1799 episcopus
1189 1716 1361 1781 celebravit
1374 1718 1522 1798 missam,
1540 1727 1572 1783 ct
1584 1719 1769 1801 predicavit
1783 1720 1935 1803 proposito

348 1823 504 1903 themate,
519 1825 637 1889 scilicet
652 1848 659 1889 :
674 1825 765 1892 Doleo
778 1840 875 1907 cuper
888 1830 931 1903 te,
944 1827 1060 1891 Frater
1076 1827 1123 1890 rut
1133 1823 1285 1890 ronuta.
1307 1824 1416 1889 llultae
1429 1825 1597 1908 lacrymae,
1613 1831 1645 1891 et
1657 1828 1802 1908 gemitus
1814 1828 1860 1892 ibi
1871 1828 1936 1891 tue-

348 1936 427 1996 runt
442 1954 450 1997 ε
465 1932 590 1996 hancei
604 1932 743 2013 gratiam
756 1936 951 1996 concesserat
964 1931 1133 2011 Dominus,
1147 1931 1234 2012 quod
1244 1931 1442 2016 quicumque
1455 1951 1532 1998 eum
1542 1933 1705 2013 videbant,
1719 1935 1825 2017 ipsius
1837 1953 1935 1999 emere

348 2038 559 2103 incontinenti
573 2039 779 2121 capiebantur
792 2058 833 2103 ex
846 2039 952 2104 corde.

393 2145 542 2211 «Eodem
562 2164 665 2223 anno,
687 2152 719 2210 et
733 2164 857 2227 mense,
873 2147 924 2211 die
938 2151 977 2210 16
997 2146 1158 2228 ejusdem,
1171 2147 1254 2210 facta
1273 2149 1320 2210 est
1339 2146 1453 2229 quinta
1464 2147 1581 2225 sessio,
1601 2147 1638 2212 in
1652 2166 1768 2230 qua...
1792 2148 1935 2213 dominus

348 2252 435 2339 Papa
448 2253 604 2318 allocutus
615 2258 662 2317 cst
675 2253 857 2333 concilium,
871 2254 980 2318 dicens
991 2254 1153 2336 quomodo
1168 2252 1306 2317 Ecclesia
1319 2253 1374 2317 llei
1385 2254 1607 2321 inestimabile
1619 2255 1777 2320 damnum
1795 2273 1935 2339 perpesse

349 2361 454 2425 fueret
473 2378 515 2424 ex
535 2360 625 2425 obitu
648 2361 753 2425 fratris
765 2359 998 2425 Beneventurae
1012 2361 1199 2424 libanensis
1213 2360 1352 2443 episcopi
1367 2383 1375 2424 ε
1391 2365 1423 2425 et
1436 2362 1600 2425 mandavit
1619 2363 1771 2426 omnibus
1785 2362 1933 2445 praelatis,

349 2473 381 2532 et
394 2468 545 2533 omnibus
562 2467 754 2551 presbyteris
765 2486 824 2550 per
834 2472 938 2532 totum
954 2468 1127 2545 mundum,
1144 2471 1181 2531 ut
1194 2468 1326 2550 quilibet
1339 2486 1453 2533 eorum
1465 2487 1567 2533 unam
1580 2470 1711 2533 missam
1724 2470 1857 2534 deberet
1868 2486 1934 2532 cau·

345 2578 414 2639 tare
428 2594 486 2658 pro
498 2575 607 2639 anima
618 2575 759 2657 ipsius.»

385 2682 507 2748 Verum
520 2701 561 2747 ne
575 2682 652 2765 quid
666 2682 808 2746 historia
821 2682 899 2746 huic
912 2682 1003 2762 desit,
1018 2701 1100 2747 neve
1113 2682 1235 2765 aliquid
1250 2684 1445 2763 omittamus,
1457 2684 1543 2765 quod
1557 2683 1640 2747 scitu
1652 2683 1794 2765 dignum
1807 2684 1862 2760 sit,
1877 2699 1933 2745 non

346 2793 378 2854 te
391 2790 501 2872 pigeat
513 2790 645 2864 andire,
661 2807 735 2873 quae
753 2788 890 2854 lacobus
907 2787 1131 2853 volaterranus
1152 2791 1191 2856 de
1213 2791 1451 2856 canonizatione
1465 2790 1505 2873 (u)
1519 2787 1762 2857 ,Beneventurae
1785 2789 1931 2855 narrarit.

346 2895 507 2962 Melumus
520 2896 607 2960 enim
620 2896 662 2977 (ld
676 2915 761 2979 saepe
774 2897 868 2961 boeot
881 2895 978 2961 Nobis
991 2897 1155 2980 replicare)
1167 2900 1315 2981 supparis
1327 2897 1495 2982 Scriptoris
1505 2899 1612 2963 verbis
1627 2898 1685 2978 nti,
1700 2917 1801 2981 quam
1813 2895 1930 2962 nestris.

351 3028 367 3066 r
382 3005 432 3069 ud
444 3005 528 3068 diem
542 3009 561 3069 7
575 3003 695 3087 aprilis,
709 3003 767 3086 qui
777 3003 958 3068 dominicus
971 3004 1043 3082 fuit,
1055 3008 1088 3068 et
1100 3004 1134 3067 in
1146 3022 1211 3087 quo
1225 3004 1337 3069 cecidit
1349 3005 1549 3069 Resurrectio
1561 3005 1734 3070 Salvateris
1745 3024 1835 3070 anno
1848 3005 1930 3079 itti,

343 3116 417 3177 ecta
430 3111 540 3176 divina
555 3130 607 3177 res
620 3111 714 3187 estin
728 3109 761 3176 S.
778 3109 863 3175 Petri
874 3109 1022 3192 Ecclesia,
1038 3112 1074 3176 in
1087 3130 1188 3194 quam
1202 3111 1360 3177 descendit
1372 3112 1513 3196 pontifex
1528 3111 1637 3177 Sixtus
1648 3110 1699 3193 lv,
1714 3117 1746 3178 ct
1756 3112 1931 3197 praeceden-

345 3219 432 3284 tibus
445 3219 481 3283 in
498 3219 760 3302 supplicationem
774 3219 919 3302 patribus
932 3222 963 3283 et
982 3219 1138 3303 episcopis
1152 3220 1187 3284 in
1202 3238 1291 3283 sacra
1305 3224 1392 3285 veste
1405 3221 1595 3297 constitutis,
1618 3221 1730 3285 ceteris
1752 3220 1930 3294 Ordinibus,

345 3331 377 3390 et
391 3326 532 3390 Praelatis
546 3327 704 3391 inhabita
719 3330 924 3391 consueto...
939 3327 991 3391 die
1004 3326 1151 3391 Mercurii
1172 3331 1243 3409 post
1256 3327 1335 3391 leste
1349 3325 1525 3409 paschalia,
1539 3328 1597 3410 qui
1615 3328 1676 3393 tuit
1696 3328 1841 3393 decimus
1853 3329 1929 3408 ejus

345 3433 419 3498 dem
434 3433 563 3510 mensis,
581 3435 686 3498 vocati
699 3438 775 3498 sunt
789 3431 898 3497 Patres
911 3434 946 3497 iu
960 3434 1128 3516 publicum
1138 3438 1298 3513 seumum,
1313 3434 1370 3515 qui
1384 3439 1512 3497 coactus
1526 3435 1587 3497 luit
1601 3435 1637 3498 in
1651 3435 1806 3499 anteriori
1825 3429 1930 3515 majori

342 3541 417 3605 aule
431 3542 604 3624 pontilicis.
620 3539 768 3604 Relatum
782 3546 829 3603 est
843 3540 879 3603 in
893 3559 932 3604 eo
946 3539 985 3604 de
1005 3558 1147 3615 morum,
1166 3546 1197 3603 ct
1208 3541 1284 3604 vitae
1298 3541 1509 3604 sanctimonia
1526 3542 1589 3606 viri
1604 3546 1636 3606 et
1650 3543 1749 3625 patris
1764 3537 1929 3606 beatissimi

326 3645 595 3726 bonaventura,
612 3665 710 3729 quem
726 3647 760 3709 in
774 3645 966 3711 Sanctorum
981 3652 1102 3711 cretum
1121 3645 1228 3729 plures
1247 3665 1356 3729 reges,
1374 3648 1535 3725 nationes,
1553 3652 1585 3712 et
1604 3648 1715 3732 populi
1733 3647 1929 3714 referendum

344 3773 411 3818 esse
434 3754 570 3818 summis
591 3752 738 3835 precibus
760 3771 780 3815 a
801 3753 951 3835 pontifice
970 3758 1002 3818 el
1021 3772 1112 3817 sacro
1136 3753 1267 3818 Petrum
1287 3758 1400 3819 senatu
1414 3754 1642 3837 efflagitabant.
1659 3756 1844 3822 Orationem
1861 3768 1928 3819 vero

343 3860 458 3925 habuit
471 3862 511 3926 de
525 3879 563 3924 ea
578 3877 614 3923 re
629 3859 822 3922 clarissimus
840 3858 1094 3941 jurisconsultus
1114 3865 1145 3923 et
1166 3862 1345 3926 senatorius
1363 3862 1536 3926 advocatus
1552 3861 1763 3941 Octavianus;
1779 3880 1855 3945 quae
1879 3856 1928 3922 etsi

343 3973 472 4051 propter
488 3967 657 4050 strepitum
671 3967 919 4049 frequentissimi
934 3965 1070 4031 Senatus
1085 3967 1191 4031 audiri
1206 3969 1264 4031 vix
1285 3968 1403 4050 potuit,
1424 3968 1560 4032 mirillce
1583 3973 1691 4032 tamen
1717 3966 1929 4033 commendata

342 4077 405 4139 luit
418 4077 459 4139 ab
482 4075 537 4152 iis,
558 4073 614 4156 qui
635 4073 729 4137 illum
752 4073 935 4137 audierunt.
962 4073 1076 4138 Paucis
1097 4092 1173 4139 cum
1199 4074 1411 4156 respondisset
1432 4073 1596 4154 Pontifex,
1612 4075 1773 4141 commisit
1794 4071 1927 4142 Praeletis

344 4184 495 4248 omnibus
508 4183 544 4245 in
559 4179 702 4244 Romana
717 4179 812 4245 Curia
827 4181 1051 4260 existentibus,
1068 4185 1104 4246 ut
1124 4186 1156 4245 et
1170 4182 1232 4264 ipsi
1247 4181 1286 4246 de
1302 4182 1423 4246 meritis
1436 4181 1521 4245 beati
1540 4180 1642 4245 Patris
1662 4183 1763 4248 edocti
1779 4183 1817 4247 in
1834 4182 1927 4266 primo

346 4289 466 4355 Senatu
489 4307 528 4353 ea
543 4293 670 4351 tantum
692 4305 789 4352 causa
810 4289 955 4368 cogendo
971 4289 1163 4352 sententiam
1181 4289 1331 4353 dicerent.
1348 4289 1404 4352 llie
1425 4288 1527 4370 igitur
1543 4288 1686 4370 veneris,
1702 4289 1759 4372 qui
1780 4290 1927 4373 sequutus

344 4403 403 4475 est,
429 4396 492 4460 fuit
514 4398 622 4458 autem
646 4393 854 4457 duodecimus
879 4396 997 4459 mensis
1021 4396 1147 4479 aprilis,
1170 4397 1275 4461 vocati
1300 4397 1336 4461 in
1358 4383 1535 4462 Concilium
1558 4397 1647 4463 luere
1660 4415 1734 4461 *non
1757 4394 1925 4463 cardinales

344 4505 455 4582 modo,
471 4502 526 4566 sed
540 4500 678 4583 episcopi
694 4518 821 4579 omnes,
838 4500 977 4580 abbates,
994 4506 1043 4565 etc
1046 4549 1108 4567 .....
1125 4502 1163 4567 ln
1178 4521 1216 4568 eo
1230 4509 1343 4568 senatu
1359 4505 1477 4568 iterum
1496 4505 1602 4568 oravit
1616 4503 1821 4585 Octavianus,
1840 4517 1926 4588 quem

344 4610 422 4686 dixi,
439 4614 470 4673 et
484 4608 561 4691 quin
575 4607 675 4690 priori
691 4612 804 4670 senatu
819 4626 839 4670 a
853 4610 962 4690 paucis
974 4609 1079 4673 tuerat
1092 4628 1149 4692 per
1166 4612 1334 4693 strepitum
1349 4611 1493 4688 auditus,
1511 4611 1669 4689 eamdem,
1686 4617 1722 4676 ut
1737 4613 1846 4693 audio,
1860 4627 1926 4675 ora-

343 4718 463 4782 tionem
481 4716 625 4779 recitavit
648 4733 723 4779 cum
744 4732 873 4778 summa
894 4716 1069 4781 attentione
1083 4722 1115 4780 et
1131 4719 1415 4783 commendatione.
1441 4718 1555 4800 Rogati
1578 4719 1781 4800 postmodum
1796 4713 1926 4802 episcopi

344 4831 376 4892 ct
389 4823 486 4890 ceteri
500 4823 691 4888 sententiam
708 4822 826 4901 dicere;
844 4824 1058 4888 cardinalibus
1076 4824 1260 4906 silentibus,
1277 4826 1455 4907 praesulum
1472 4825 1626 4909 quisque,
1641 4831 1738 4908 prout
1749 4826 1818 4891 leco
1834 4841 1925 4911 prae·

343 4937 411 5014 rat,
436 4933 481 4996 ita
503 4933 692 4996 sententiam
720 4929 804 4994 dixit
829 4928 981 4995 :Censuit
1005 4949 1081 5007 pars
1107 4936 1229 5014 major,
1255 4932 1513 4999 bonaventuram
1537 4932 1740 4997 referendum
1767 4952 1834 4997 esse
1854 4935 1925 4996 inter

344 5038 492 5117 Sanctos,
511 5057 592 5121 quos
616 5038 690 5102 oolit
712 5035 866 5114 Ecclesia,
890 5039 1150 5122 quandoquidem
1169 5058 1208 5104 ea
1221 5059 1288 5105 non
1310 5045 1414 5123 posset
1437 5058 1543 5105 errare
1564 5062 1572 5103 z
1594 5040 1722 5105 credere
1742 5042 1829 5105 enim
1853 5054 1924 5125 pon·

342 5146 464 5232 tillcem
484 5144 729 5227 diligentissime
752 5143 840 5208 beati
861 5145 925 5212 viri
951 5146 1086 5225 merita,
1117 5153 1149 5211 et
1177 5147 1331 5212 miracula
1355 5151 1599 5246 perscrutatum¹
1617 5165 1703 5228 csse,
1721 5151 1754 5212 et
1772 5166 1831 5231 per
1852 5146 1924 5227 seip-

343 5277 433 5335 sum,
456 5260 488 5322 et
501 5271 558 5339 per
573 5270 628 5317 eos
649 5251 839 5332 cardinales,
865 5271 948 5334 quos
969 5253 1010 5318 ad
1033 5251 1066 5317 id
1088 5253 1190 5318 multo
1207 5259 1282 5320 ente
1303 5258 1447 5341 tempore
1466 5254 1646 5338 delegisset.
1670 5253 1774 5320 Fuere
1788 5273 1831 5320 ex
1848 5255 1923 5320 Prae·

375 5395 410 5462 (el
425 5391 496 5445 Edit.
515 5391 572 5442 Ven.
587 5385 728 5452 apotheosi.
