4100 6300
380 478 446 524 uxu
725 461 776 527 DE
796 461 971 528 scalpris
994 460 1028 526 S.
1050 457 1356 525 BONAVENTURAE
1375 460 1625 526 ATTRIBUTIS.

380 594 421 659 ad
433 593 535 678 ipsius
549 593 766 676 latitudinem,
782 596 1033 679 longitudinem,
1049 594 1151 660 subli·
1203 595 1334 661 ciuem
1353 596 1659 679 imperscrutabilem
1671 620 1684 663 .·
1696 599 1887 679 inseiiibilia
1905 619 1963 667 cer·

380 702 542 781 mitatem,
555 707 587 767 et
597 703 859 785 profunditatem,
873 704 1051 769 secundum
1062 702 1150 766 viam
1203 702 1322 781 titudo,
1349 708 1477 786 propter
1503 722 1687 785 processum
1711 705 1939 787 irreiellibrierr
1956 733 1966 773 :
2028 779 2029 784 ,

381 812 413 872 ct
434 810 580 874 ordinem
603 811 765 892 apostolici
787 811 980 876 documenti.
1003 808 1151 874 Consistit
1205 810 1432 891 impretiabile
1466 811 1638 886 valetudo,
1672 819 1807 896 propter
1841 816 1966 881 fructum

380 918 490 980 autem
501 916 601 998 ipsius
612 917 744 982 latitudo
754 920 789 982 in
800 917 1005 984 multitudine
1016 934 1151 981 suarum
1204 916 1493 983 inestimabilem:
1513 919 1817 988 incontaminabilis
1842 923 1966 1004 pulchri·
2028 991 2029 1008 χ

380 1023 534 1105 partium.
557 1023 740 1107 Longitudo
764 1044 858 1102 vero,
883 1026 918 1089 in
942 1025 1152 1107 descriptione
1205 1021 1297 1102 tudo,
1314 1027 1444 1107 propter
1462 1024 1635 1107 puritatem
1653 1029 1968 1111 impermeutibiicu:
2028 1011 2029 1106 i

378 1134 560 1214 temporum
574 1136 607 1197 et
624 1138 768 1198 aetatum.
783 1133 942 1210 Altitudo,
962 1132 997 1196 in
1011 1131 1148 1214 descrip
1205 1130 1445 1198 iccoarctecilts
1464 1131 1660 1213 amplitudo,
1683 1140 1818 1218 propter
1839 1136 1968 1200 diffusio
2028 1113 2029 1150 ¹

381 1237 468 1303 tione
479 1238 734 1304 hierarchiarum
747 1238 906 1322 gradatim
918 1238 1150 1304 ordinatarum.
1205 1238 1697 1321 semiaeternitatem.»
2028 1215 2029 1278 Ῑ

381 1343 853 1426 Profundiias,inmultitudine
863 1345 1073 1430 mysticorum
1082 1365 1152 1413 sen·

381 1471 493 1531 suum,
508 1458 598 1519 etc.»

422 1668 588 1753 Specimen
601 1670 663 1736 hoc
676 1672 751 1736 satis
764 1676 850 1748 esto,
865 1673 1052 1755 utquisque
1065 1674 1191 1736 rectum
1204 1670 1243 1735 de
1256 1673 1395 1753 utroque
1407 1672 1562 1754 opusculo
1572 1671 1735 1755 judicium
1746 1674 1857 1737 tacere
1871 1673 1966 1756 poerit

419 1777 468 1842 Ad
488 1778 626 1843 frontem
643 1778 875 1861 Opuseulorum
894 1780 1084 1862 adjunctum
1106 1779 1222 1862 prodiit
1241 1779 1277 1843 in
1297 1778 1436 1845 editione
1450 1779 1731 1861 Argentoratensi,
1749 1783 1852 1860 1495,
1872 1778 1968 1846 ecie-

380 1888 712 1966 netarsuetleu.

1078 2008 1280 2052 bisuntinos.

415 2146 567 2221 Pourquoi
581 2162 619 2203 ne
633 2162 688 2220 pas
701 2095 815 2219 ajouter
829 2162 888 2222 que
902 2150 947 2205 oet
958 2162 1089 2220 ouvrage
1102 2151 1145 2204 est
1158 2146 1322 2219 igalement
1333 2147 1419 2220 place
1433 2162 1471 2204 en
1485 2146 1541 2204 itte
1555 2145 1592 2203 de
1606 2145 1739 2204 l'tdition
1748 2148 1911 2222 entreprise
1922 2162 1966 2222 pur

379 2243 690 2304 ruramucsnuvr

422 2672 542 2735 Auctor
555 2670 639 2734 idem
657 2673 719 2749 est,
733 2688 771 2734 ac
785 2670 827 2748 is,
842 2669 899 2752 qui
912 2670 951 2733 ad
965 2667 1099 2735 rrrodum
1113 2669 1241 2753 Prologi
1258 2670 1459 2735 concinnavit
1471 2670 1675 2751 Principium
1690 2669 1722 2734 S.
1736 2670 1924 2751 scripture.
1939 2668 1965 2733 ld
2027 2583 2029 2698 ἱ

382 2777 480 2842 etiam
494 2776 628 2859 aequuds
644 2776 763 2841 locutio
776 2777 890 2841 vitiosa
902 2778 1031 2857 suadet,
1047 2777 1141 2860 idque
1156 2779 1324 2842 confirmat
1338 2777 1418 2842 levis
1430 2796 1541 2842 rerum
1557 2777 1763 2860 comparatio.
1778 2777 1820 2840 ln
1840 2776 1963 2841 secumo

383 2884 533 2966 Opusculi
551 2882 705 2948 Sermone
722 2883 878 2965 leguntur
893 2883 973 2948 ista:
991 2883 1184 2949 «Secundus
1201 2885 1323 2949 fructus
1341 2886 1454 2966 gratia
1471 2889 1519 2949 est
1536 2884 1700 2967 plenitudo
1719 2884 1896 2968 sapientie.
1908 2882 1966 2946 Tri-

380 2991 524 3056 furcatur
536 2994 645 3054 autem
657 2991 795 3073 iustitia,
811 2990 986 3055 secundum
1001 2992 1087 3075 quod
1104 2993 1201 3056 homo
1214 2996 1261 3056 est
1270 2995 1378 3075 justus
1391 2993 1426 3055 in
1440 3010 1489 3068 se,
1501 2995 1609 3075 justus
1621 2992 1727 3075 quoad
1739 2991 1862 3072 Deum,
1874 2994 1965 3074 justus

381 3098 488 3183 quoad
502 3099 697 3183 proximum.
711 3120 727 3158 r
742 3097 862 3163 Indocti
874 3117 999 3178 sumus,
1012 3099 1040 3164 si
1051 3100 1210 3165 arabicam
1222 3117 1334 3165 vocem
1347 3100 1456 3181 istam,
1470 3101 1674 3181 tribtrcciur,
1687 3099 1832 3165 tribuere
1844 3098 1965 3165 velimus
2027 3158 2028 3169 ξ

378 3207 585 3291 scriptoribus
606 3207 704 3272 seculi
722 3205 804 3271 llll.
826 3205 981 3271 Mittimus
1001 3207 1083 3288 alia,
1103 3212 1140 3271 ut
1158 3208 1328 3273 recitemus
1349 3227 1404 3287 ea,
1424 3226 1498 3291 quae
1522 3208 1656 3291 scriptor
1674 3208 1794 3271 harum
1817 3207 1962 3271 visionum

378 3314 418 3378 ud
443 3315 564 3386 calcem.
583 3316 689 3397 operis
708 3315 857 3397 adjunxit
872 3313 1106 3396 relegebatur
1130 3319 1163 3379 ei
1184 3316 1436 3398 componebatur
1456 3316 1518 3379 hoc
1537 3315 1728 3398 opusculum
1753 3314 1900 3389 Parisiis,
1919 3330 1961 3374 an.

536 2480 576 2546 ll.
591 2480 850 2548 meminationes
863 2478 1017 2547 Ecclesia
1031 2481 1068 2548 ie
1080 2481 1301 2548 Heroemerou.
1317 2480 1382 2546 lnc.
1399 2481 1438 2545 le
1452 2479 1818 2561 medietatatem.

377 3419 468 3486 Dom.
484 3427 581 3502 litt,
597 3443 617 3486 a
630 3419 750 3486 Pascha
768 3441 870 3506 usque
884 3422 924 3487 ed
938 3421 1156 3487 Pentecosten.
1172 3444 1189 3482 r
1203 3422 1306 3499 Quam
1319 3422 1450 3504 quidem
1466 3423 1623 3505 epocham
1636 3440 1748 3486 omnes
1760 3419 1813 3484 vel
1836 3421 1960 3502 subque
2026 3380 2028 3457 t

376 3529 529 3596 editiones
546 3530 756 3612 consignant,
771 3536 808 3594 ui
825 3530 936 3594 mirari
954 3531 1086 3607 subeat,
1102 3529 1319 3611 Waddingum
1339 3530 1409 3594 loco
1427 3532 1503 3594 anni
1518 3534 1615 3609 lull,
1631 3550 1685 3594 an.
1702 3533 1780 3593 1273
1795 3530 1933 3610 signasse
1942 3527 1958 3587 ¹.

377 3637 412 3703 ld
426 3638 454 3702 si
471 3639 517 3703 ita
529 3643 592 3719 est,
607 3638 659 3703 vel
676 3637 769 3702 nobis
783 3638 974 3717 tacentibus,
994 3637 1086 3701 laede
1100 3638 1237 3720 quisque
1256 3637 1420 3719 perspicit,
1438 3637 1517 3701 nibil
1535 3638 1596 3702 hac
1609 3637 1729 3721 epocha
1740 3636 1897 3711 validius,
1908 3650 1959 3716 quc

375 3747 578 3828 suppositum
591 3744 826 3811 bonaventurae
837 3763 920 3828 opus
933 3762 1001 3809 esee
1014 3744 1169 3809 dicamus.
1184 3742 1246 3809 Per
1257 3744 1290 3809 id
1302 3744 1390 3808 enim
1403 3749 1530 3827 tempus
1543 3747 1582 3810 ad
1596 3746 1708 3810 altiora
1721 3747 1856 3809 evectum
1869 3743 1958 3805 iuerut

376 3850 665 3928 bonaventurae
678 3853 852 3919 Cardinalis
867 3852 1021 3934 dignitate
1035 3858 1177 3917 ornatus.
1664 3864 1667 3875 ’

416 3959 638 4044 Expositiones
656 3960 728 4039 hae,
749 3978 831 4042 quas
852 3960 1007 4024 hactenus
1025 3960 1245 4039 laudavimus,
1265 3978 1425 4026 unacum
1446 3959 1706 4045 Expositionibus
1726 3960 1761 4024 in
1781 3959 1956 4030 Psalterium

375 4067 562 4152 prodierunt
576 4066 704 4147 Romae,
720 4070 816 4146 1588,
831 4067 918 4132 in·8.

1063 4217 1280 4262 ousnvuvrolts.

409 4357 561 4432 Pourquoi
574 4371 680 4431 nepas
694 4354 757 4412 dire
771 4372 830 4431 que
844 4360 889 4413 oct
899 4372 1030 4429 ouvrage
1043 4357 1092 4414 n’a
1105 4373 1160 4430 pas
1174 4357 1336 4415 seulement
1349 4360 1393 4414 eti
1406 4356 1509 4431 publii
1521 4357 1596 4428 in-8‚
1611 4358 1687 4415 mais
1701 4375 1759 4433 que
1773 4359 1813 4417 de
1825 4359 1890 4435 plus
1901 4357 1919 4415 il
1929 4371 1952 4413 se
2026 4344 2027 4383 ¹

374 4461 478 4515 trouve
493 4472 564 4513 avec
577 4453 741 4529 l'opuscule
754 4454 913 4528 precedent
926 4471 963 4512 en
976 4456 1033 4512 tete
1046 4454 1083 4512 de
1096 4454 1228 4513 l'tdition
1241 4455 1342 4515 in·lol.
1358 4455 1445 4513 sortie
1460 4457 1512 4513 des
1525 4471 1640 4530 presses
1654 4456 1695 4513 du
1709 4457 1831 4515 vatican
1849 4475 1884 4516 en
1896 4458 1953 4513 cette

374 4556 470 4613 meme
479 4556 573 4612 annte
589 4555 668 4624 liti,
684 4567 755 4609 sous
768 4551 811 4609 les
822 4553 955 4628 auspices
967 4553 1008 4610 du
1021 4570 1100 4628 pape
1114 4554 1191 4612 Sixte
1206 4556 1248 4611 Vt
1262 4555 1412 4630 Pourquoi
1427 4559 1540 4612 surtout
1552 4570 1590 4612 ne
1603 4572 1658 4630 pas
1666 4556 1854 4615 mentionner
1866 4554 1951 4624 l'eloge

374 4656 463 4729 qu'en
481 4656 533 4711 ont
551 4651 604 4710 tait
624 4651 667 4708 les
680 4650 808 4708 editeurs
821 4653 975 4727 romeins‘i
993 4655 1036 4711 En
1053 4653 1132 4710 voici
1152 4652 1195 4711 les
1209 4653 1357 4712 dernieres
1374 4654 1515 4729 paroles:
1536 4656 1680 4711 Auctorem
1697 4657 1781 4725 lucie
1796 4666 1952 4727 aerosum

373 4755 541 4827 seraphicum
555 4755 694 4807 ltoctorem
708 4752 924 4808 Beneuenturem
937 4755 1151 4820 sanctissimum,
1172 4756 1221 4826 qui
1237 4755 1353 4811 urendo
1373 4762 1476 4827 mouet,
1499 4757 1579 4826 utque
1596 4756 1747 4824 inflammet
1762 4758 1867 4813 erueres
1879 4756 1951 4823 ium·

374 4858 453 4911 tium.
476 4852 618 4924 tjoutons
637 4848 813 4906 ntanmoins
827 4849 936 4924 qu’une
953 4851 1040 4908 etude
1059 4852 1128 4926 plus
1145 4851 1344 4927 approiondie
1362 4852 1400 4910 de
1419 4856 1465 4909 cet
1479 4866 1609 4924 ouvrage
1630 4855 1672 4908 est
1689 4868 1784 4909 venue
1798 4868 1875 4910 nous
1892 4862 1950 4907 con·

373 4951 492 5009 veincre
511 4965 571 5024 que
589 4963 622 5005 ce
638 4948 710 5004 n’est
723 4946 754 5004 ni
775 4964 815 5004 un
833 4964 963 5023 ouvrage
978 4954 1126 5025 suppose,
1150 4956 1169 5008 b
1188 4956 1378 5027 proprement
1391 4951 1503 5027 parler,
1525 4966 1642 5011 comme
1656 4950 1834 5011 voudraient
1849 4951 1875 5009 le
1891 4947 1948 5006 ture

374 5049 503 5108 accroire
520 5047 564 5104 les
577 5045 704 5104 tditeurs
719 5044 756 5102 de
773 5046 875 5104 Venise
883 5088 893 5118 ,
911 5047 943 5104 ni
963 5053 1103 5122 pourtent
1120 5050 1195 5108 dens
1208 5067 1263 5107 son
1277 5050 1426 5108 ensemble
1443 5066 1484 5106 un
1498 5049 1568 5106 ecrit
1580 5052 1769 5123 proprement
1783 5049 1827 5106 dit
1841 5049 1876 5106 de
1888 5046 1948 5103 sant

374 5150 585 5218 Bomveubrre,
596 5161 713 5203 comme
721 5144 794 5203 l'ont
806 5148 896 5221 pense
910 5146 953 5205 les
966 5147 1095 5206 editeurs
1108 5149 1146 5207 de
1159 5152 1251 5207 Rome
1258 5169 1267 5221 3
1283 5151 1358 5206 mais
1370 5165 1429 5223 que
1440 5149 1508 5206 c'est
1520 5164 1557 5205 en
1571 5146 1684 5220 grande
1696 5148 1790 5223 partie
1802 5147 1832 5205 le
1845 5141 1946 5222 produit

374 5245 427 5307 des
435 5245 564 5309 accede
573 5243 645 5305 trois
658 5242 750 5303 deses
763 5244 1095 5317 auditeurs,reoueillies
1104 5247 1142 5305 de
1151 5247 1349 5305 memoiresur
1357 5264 1403 5305 ses
1413 5247 1525 5319 lecons,
1536 5246 1696 5304 donntese
1708 5247 1787 5305 Paris
1802 5246 1903 5303 devant
1913 5252 1945 5297 uu

374 5344 519 5407 auditoire
527 5343 565 5403 de
578 5345 644 5403 ceni
652 5342 786 5405 soixante
798 5359 971 5418 personnae,
985 5351 1066 5406 entre
1079 5348 1193 5421 tiques
1206 5349 1235 5405 et
1247 5345 1278 5404 la
1290 5347 1442 5406 Pentecbte
1454 5347 1523 5405 127³
1539 5361 1580 5403 ou
1596 5347 1674 5417 till,
1687 5360 1747 5419 peu
1760 5345 1891 5419 imperto.
1903 5342 1945 5397 lar

407 5463 497 5514 ¹‘loun
509 5462 532 5512 ll
546 5460 651 5523 imm,
666 5459 771 5514 menn.
785 5464 855 5527 tuas,
869 5474 962 5527 mxiv,
975 5478 1002 5528 p.
1012 5466 1067 5517 iti,
