4100 6300
344 462 391 509 xx
961 440 994 505 S.
1024 438 1329 505 BONAVENTURAE

383 600 398 637 a
417 577 537 643 Eodem
550 596 652 655 anno,
666 582 697 642 et
717 596 843 654 mense,
857 576 908 641 die
921 579 977 655 28,
995 576 1032 639 in
1053 575 1132 640 festo
1154 574 1371 657 apostulorum
1395 574 1480 641 Petri
1501 579 1533 641 et
1555 575 1663 658 Pauli,
1677 577 1827 645 dominus
1850 579 1932 664 Papa

344 685 515 750 celebravit
527 686 657 748 missam
670 685 705 748 in
716 684 832 768 majori
844 683 975 748 ecclesia
988 683 1089 747 sancti
1100 681 1231 747 loannis
1244 682 1488 763 Lugdunensis,
1503 683 1713 750 existentibus
1726 687 1845 752 ibidem
1861 706 1932 752 om-

343 793 440 857 nibus
461 792 694 871 cardinalibus,
712 796 743 856 et
762 790 916 874 praelatis,
933 790 990 873 qui
1015 789 1057 853 ad
1078 789 1249 854 concilium
1272 790 1398 854 fuerant
1419 790 1553 855 evocati.
1567 789 1661 856 Lecta
1683 798 1731 857 est
1750 794 1880 877 epistola
1901 795 1934 859 in

342 899 460 976 latino,
474 904 506 964 et
520 917 644 981 greco,
658 903 690 964 et
708 902 872 963 cantatum
889 903 937 962 est
956 897 1222 978 ravengarium...
1239 897 1358 980 quibus
1377 897 1485 978 dictis,
1502 899 1598 963 trater
1618 898 1844 967 Bonaventura
1865 902 1934 966 fecit

343 1024 524 1071 sermonem
537 1025 634 1071 suum
644 1026 746 1090 usque
762 1007 803 1070 ad
816 1007 915 1069 tlnem
918 1052 980 1069 .....

388 1138 404 1176 a
417 1114 536 1179 Eodem
546 1133 630 1178 anno
639 1119 670 1178 et
681 1131 789 1178 mense
801 1112 906 1197 (julii),
920 1113 970 1177 die
979 1112 1152 1191 dominico,
1162 1112 1284 1177 decima
1293 1111 1405 1192 quinta
1414 1112 1570 1195 ejusdem,
1578 1112 1658 1177 hora
1666 1115 1849 1180 matutinali
1857 1118 1934 1183 obiit

344 1221 437 1286 clarae
451 1222 615 1285 memoriae
631 1222 727 1285 frater
739 1220 966 1285 Bonaventura
982 1219 1172 1284 albanensis
1186 1219 1370 1301 episcopus,
1387 1220 1442 1301 qui
1457 1220 1520 1284 fuit
1532 1220 1630 1284 homo
1642 1221 1812 1286 eminentis
1832 1225 1935 1290 scien-

220 1362 223 1373 ·
343 1329 398 1393 tia
410 1332 441 1393 et
454 1328 659 1411 eloquentiae,
680 1329 731 1395 vir
743 1328 872 1411 quidem
885 1328 1048 1392 sanctitate
1060 1328 1259 1410 praecipuus,
1275 1326 1358 1403 vita,
1374 1326 1649 1393 commiseratione
1665 1348 1702 1393 ao
1721 1331 1867 1396 moribus
1880 1351 1935 1397 ex·

343 1435 572 1501 callentissimis
586 1435 769 1515 decoratus,
784 1435 962 1517 benignus,
978 1434 1131 1514 affabilis,
1146 1434 1219 1516 pius
1232 1438 1264 1498 et
1278 1434 1473 1516 misericors,
1488 1435 1663 1501 virtutibus
1682 1436 1812 1519 plenus,
1826 1439 1892 1504 Deo
1906 1449 1936 1506 et

343 1543 529 1608 hominibus
541 1542 684 1623 dilectus,
697 1542 755 1625 qui
769 1543 912 1626 sepultus
925 1546 973 1606 est
983 1542 1053 1624 ipso
1066 1541 1118 1605 die
1132 1540 1291 1605 dominico
1305 1542 1340 1605 in
1352 1541 1421 1606 loco
1434 1540 1586 1606 Fratrum
1598 1542 1759 1608 Minorum
1772 1543 1936 1629 Lugduni,

344 1653 438 1734 cujus
459 1651 604 1733 exequiis
617 1650 761 1714 interfuit
774 1650 926 1715 dominus
940 1648 1025 1732 Papa
1044 1667 1119 1712 cum
1136 1648 1290 1713 omnibns
1311 1646 1468 1730 Praelatis,
1490 1650 1548 1733 qui
1572 1656 1663 1715 erant
1685 1652 1720 1715 in
1742 1654 1894 1732 concilio,
1908 1659 1938 1718 et

281 1764 286 1776 '
342 1761 409 1822 tota
423 1758 522 1822 curia.
538 1757 577 1822 Et
594 1758 691 1824 frater
704 1755 817 1821 Petrus
831 1756 981 1821 Ostiensis
994 1756 1161 1839 episcopus
1182 1755 1353 1820 celebravit
1366 1757 1515 1837 missam,
1533 1765 1565 1822 et
1577 1757 1762 1839 predicavit
1775 1761 1937 1843 proposito

341 1865 497 1945 themate,
512 1865 631 1930 scilicet
645 1887 652 1929 :
667 1866 759 1932 Doleo
771 1880 867 1947 super
881 1870 924 1942 te,
937 1867 1053 1931 mater
1068 1865 1116 1929 mt'
1126 1862 1278 1929 tonotbo.
1301 1862 1409 1927 linitae
1422 1864 1591 1946 lacrymae,
1606 1869 1638 1929 et
1650 1866 1793 1946 gemitus
1805 1867 1851 1930 ibi
1865 1868 1936 1932 fue-

341 1976 421 2037 runt
436 1995 443 2037 :
458 1972 585 2037 hancei
597 1973 736 2053 gratiam
749 1977 944 2036 concesserat
956 1971 1126 2051 Dominus,
1140 1970 1227 2053 quod
1237 1970 1436 2054 quicumque
1448 1989 1524 2036 eum
1535 1971 1698 2052 videbant,
1712 1973 1815 2055 ipsius
1828 1992 1936 2039 amore

342 2079 553 2145 incontinenti
566 2080 773 2163 capiebantur
784 2098 827 2144 ex
839 2080 944 2145 corde.

386 2211 401 2248 a
416 2186 535 2252 Eodem
555 2204 658 2263 anno,
681 2192 712 2250 et
726 2205 851 2268 mense,
867 2188 917 2251 die
931 2191 970 2250 l6
990 2186 1151 2269 ejusdem,
1164 2188 1247 2250 facta
1266 2189 1313 2249 est
1333 2186 1445 2268 quinta
1458 2186 1574 2263 sessio,
1595 2186 1631 2249 in
1645 2204 1761 2268 qua...
1784 2187 1936 2252 dominus

341 2293 428 2381 Papa
441 2294 597 2358 allocutus
609 2298 656 2357 est
668 2294 850 2374 concilium,
865 2294 972 2358 dicens
984 2294 1146 2376 quomodo
1161 2292 1299 2357 Ecclesia
1311 2291 1366 2357 Dei
1378 2293 1600 2358 inaestimabilc
1612 2294 1770 2358 damnum
1787 2313 1936 2378 perpessa

342 2401 447 2466 fuerat
467 2419 508 2465 ex
528 2401 619 2465 obitu
641 2400 747 2465 fratris
759 2398 990 2473 Bonaventurae
1004 2400 1191 2464 albanensis
1206 2400 1345 2483 episcopi
1360 2422 1368 2464 :
1384 2404 1416 2464 et
1429 2401 1593 2464 mandavit
1612 2402 1764 2465 omnibus
1778 2402 1934 2485 praelatis,

343 2513 375 2573 et
388 2509 538 2574 omnibus
556 2507 747 2591 presbyteris
760 2511 932 2590 pestutum
947 2508 1120 2584 mundum,
1136 2511 1174 2571 ut
1187 2507 1320 2589 quilibet
1332 2525 1446 2572 eorum
1459 2526 1560 2572 unam
1573 2508 1705 2572 missam
1718 2508 1849 2573 deberet
1862 2528 1935 2573 cau·

339 2618 408 2680 tare
422 2634 480 2699 pro
491 2616 601 2679 anima
612 2615 753 2697 ipsius.»

380 2723 501 2787 Verum
513 2722 646 2805 nequid
660 2720 801 2786 historiae
814 2722 892 2786 huic
905 2721 996 2801 desit,
1010 2739 1094 2786 neve
1107 2722 1229 2805 aliquid
1243 2723 1439 2802 omittamus,
1450 2723 1536 2805 quod
1551 2722 1633 2786 scitu
1645 2721 1786 2804 dignum
1799 2724 1856 2803 sit,
1872 2741 1935 2787 nou

340 2832 371 2894 te
384 2831 494 2913 pigeat
507 2830 639 2904 audire,
655 2847 729 2913 quae
747 2828 883 2894 lacobus
899 2826 1124 2893 Volaterranos
1145 2830 1185 2895 de
1206 2830 1444 2895 canonizatione
1458 2829 1498 2914 (a)
1511 2827 1756 2895 ‚Bonaventurae
1777 2831 1932 2895 narravit.

340 2936 500 3002 Malumus
514 2937 601 3001 enim
614 2936 656 3016 (id
669 2954 754 3019 saepe
767 2936 862 3000 liceat
874 2934 972 3000 Nobis
984 2936 1148 3020 replicare)
1160 2938 1308 3021 supparis
1321 2937 1488 3021 Scriptoris
1499 2938 1606 3002 verbis
1620 2937 1679 3017 uti,
1693 2956 1793 3019 quam
1805 2938 1932 3002 nostris.

345 3068 361 3106 a
376 3045 426 3109 ad
437 3045 522 3108 diem
536 3049 554 3109 '1
569 3044 689 3127 aprilis,
703 3043 761 3125 qui
771 3043 952 3107 dominicus
964 3043 1036 3122 fuit,
1048 3048 1081 3107 et
1093 3044 1128 3106 iu
1139 3062 1204 3126 quo
1218 3044 1330 3108 cecidit
1342 3043 1542 3108 Resurrectio
1554 3043 1727 3109 Salvatoris
1740 3063 1827 3109 anno
1842 3048 1932 3123 1482,

336 3156 410 3217 ‚acta
424 3152 534 3216 divina
549 3171 600 3216 res
613 3157 660 3215 est
673 3151 708 3226 in
722 3148 754 3215 S.
771 3150 857 3215 Petri
868 3150 1015 3231 Ecclesia,
1031 3153 1066 3215 in
1081 3170 1181 3235 quam
1195 3152 1354 3217 descendit
1365 3152 1506 3235 pontifex
1521 3150 1630 3216 Sixtus
1641 3150 1692 3232 lv,
1708 3156 1740 3217 et
1750 3154 1934 3236 praeceden-

338 3259 425 3323 tibus
439 3259 475 3323 in
492 3258 754 3341 supplicationem
768 3258 912 3341 patribus
925 3261 957 3322 et
975 3259 1131 3342 episcopis
1145 3260 1180 3323 in
1195 3277 1284 3323 sacra
1298 3265 1385 3325 veste
1398 3259 1589 3336 constitutis,
1612 3261 1723 3324 ceteris
1746 3259 1932 3338 Ordinibus,

338 3369 371 3430 et
385 3364 526 3430 Praelatis
539 3366 575 3429 in
587 3366 699 3430 habitu
714 3371 917 3431 consueto...
932 3366 984 3430 die
997 3365 1145 3430 Mercurii
1165 3371 1237 3449 post
1248 3367 1328 3430 festa
1342 3364 1518 3449 paschalia,
1533 3368 1591 3449 qui
1608 3366 1669 3431 fuit
1689 3368 1835 3432 decimus
1848 3370 1932 3451 ejus·

339 3473 412 3537 dem
428 3474 556 3549 mensis,
573 3473 678 3538 vocati
692 3476 769 3536 sunt
783 3471 891 3537 Patres
904 3473 940 3536 in
954 3473 1120 3555 publicum
1131 3477 1292 3552 senatum,
1306 3474 1363 3555 qui
1378 3478 1505 3538 coactus
1519 3474 1580 3536 fuit
1594 3474 1631 3537 in
1645 3475 1797 3538 anteriori
1816 3474 1933 3558 majori

335 3581 410 3645 aula
424 3581 597 3662 pontiflcia.
614 3579 762 3644 Relatum
775 3580 873 3643 estin
887 3598 925 3642 eo
940 3580 979 3643 dc
999 3598 1140 3658 morum,
1159 3585 1191 3643 et
1202 3580 1277 3644 vitae
1291 3581 1503 3644 sanctimonia
1519 3581 1581 3645 viri
1598 3585 1630 3645 et
1644 3582 1742 3665 patris
1757 3581 1932 3646 beatissimi

320 3685 588 3765 bonaventura,
606 3704 705 3768 quem
721 3686 754 3748 in
768 3685 960 3749 Sanctorum
974 3692 1095 3750 coetum
1114 3686 1222 3768 plures
1241 3705 1350 3769 reges,
1367 3688 1528 3764 nationes,
1546 3692 1578 3751 et
1598 3687 1708 3771 pupuli
1728 3689 1932 3754 referendum

338 3812 405 3858 esse
428 3794 563 3858 summis
585 3793 732 3875 precibus
754 3811 774 3855 a
795 3792 945 3875 pontifice
964 3797 996 3857 et
1015 3811 1105 3858 sacro
1129 3793 1262 3858 Patrum
1280 3798 1393 3858 senatu
1407 3794 1636 3875 efflagitabant.
1653 3795 1837 3859 Orationem
1856 3813 1931 3860 vero

337 3900 452 3965 habuit
465 3901 505 3965 de
518 3919 557 3964 ea
571 3917 607 3964 re
623 3898 816 3964 clarissimus
834 3898 1087 3980 jurisconsultus
1107 3905 1139 3963 et
1159 3901 1338 3964 senatorius
1357 3901 1530 3965 advocatus
1546 3901 1757 3980 Octavianus;
1773 3919 1851 3984 quae
1877 3900 1932 3966 etsi

337 4013 467 4092 propter
481 4008 651 4091 strepitum
665 4006 913 4088 frequentissimi
928 4005 1064 4071 Senatus
1079 4007 1184 4071 audiri
1200 4009 1258 4072 vix
1279 4008 1396 4090 potuit,
1417 4008 1554 4071 mirifice
1576 4011 1686 4072 umen
1711 4009 1932 4073 commendata

337 4116 399 4179 luit
413 4117 453 4179 ab
477 4115 531 4190 iis,
552 4114 608 4196 qui
629 4114 721 4177 illum
746 4112 929 4177 audierunt.
957 4113 1070 4178 Paucis
1090 4132 1166 4179 cum
1192 4114 1404 4197 respondisset
1425 4113 1590 4194 Pontifex,
1606 4115 1766 4179 commisit
1789 4114 1931 4181 Praelatis

338 4224 489 4287 omnibus
503 4222 538 4285 in
553 4219 696 4284 Romana
711 4220 806 4285 Curia
820 4221 1045 4299 existentibus,
1061 4225 1098 4285 ut
1117 4227 1150 4285 et
1164 4222 1225 4304 ipsi
1241 4222 1417 4286 demeritis
1430 4221 1515 4285 beati
1535 4219 1636 4284 Patris
1656 4222 1757 4286 edocti
1773 4222 1810 4286 in
1826 4224 1931 4305 primo

340 4329 460 4395 Senatu
483 4347 522 4393 ea
536 4332 664 4392 tantum
686 4346 783 4392 eausa
804 4329 948 4408 cogendo
965 4329 1157 4392 sententiam
1174 4329 1324 4393 dicerent.
1342 4329 1398 4392 Oie
1418 4328 1521 4410 igitur
1536 4329 1679 4408 veneris,
1696 4328 1753 4412 qui
1774 4334 1931 4412 sequmtu

338 4442 397 4514 est,
424 4436 485 4501 fuit
508 4439 616 4499 autem
640 4434 847 4499 duodecimus
873 4436 991 4499 mensis
1014 4436 1140 4519 aprilis,
1164 4438 1269 4501 vocati
1293 4437 1329 4500 in
1351 4423 1529 4502 Concilium
1552 4436 1640 4503 fuere
1653 4455 1728 4502 -ncu
1751 4438 1929 4502 cardinales

338 4545 449 4623 modo,
465 4543 520 4607 sed
534 4542 672 4625 episcopi
688 4559 814 4621 ornnes,
832 4542 971 4622 abbates,
988 4546 1037 4606 etc
1040 4589 1101 4607 .....
1118 4543 1156 4607 ln
1172 4562 1210 4607 eo
1224 4549 1336 4608 senatu
1352 4545 1471 4608 iterum
1490 4545 1596 4608 oravit
1609 4541 1814 4624 Octavianus,
1832 4563 1929 4627 quem

338 4652 416 4728 dixi,
433 4633 554 4733 etquis
570 4649 669 4732 priori
685 4652 798 4712 senatu
813 4667 833 4711 a
846 4650 955 4731 paucis
968 4649 1073 4713 fuerat
1085 4669 1143 4732 per
1159 4651 1328 4734 strepitum
1343 4651 1487 4728 auditus,
1505 4649 1662 4728 eamdem,
1681 4657 1717 4715 ut
1732 4652 1839 4731 audio,
1856 4671 1929 4716 ora-

338 4760 457 4822 tionem
475 4757 619 4822 recitavit
642 4773 718 4819 cum
738 4773 867 4818 summa
887 4756 1063 4820 attentione
1077 4762 1109 4821 et
1124 4758 1409 4824 commendatione.
1434 4756 1550 4838 Rogati
1572 4758 1775 4839 postmodum
1789 4759 1929 4842 episcopi

338 4872 370 4932 et
384 4865 480 4931 ceteri
494 4865 685 4930 sententiam
702 4863 820 4942 dicere3
838 4863 1052 4928 cardinalibus
1069 4865 1253 4946 silentibus,
1271 4867 1448 4948 praesulum
1465 4865 1620 4947 quisque,
1636 4871 1732 4947 prout
1744 4866 1812 4930 loco
1828 4884 1929 4949 praee·

337 4977 406 5054 rat,
431 4974 475 5037 ita
497 4974 686 5037 sententiam
713 4970 797 5034 dixit
822 4967 975 5035 :Censuit
998 4990 1074 5047 pars
1101 4974 1223 5054 major,
1249 4971 1507 5038 bonaventuram
1531 4971 1736 5037 referendum
1761 4992 1828 5037 esse
1849 4974 1929 5038 inter

339 5078 486 5157 Sanctus,
505 5097 586 5162 quos
610 5078 684 5142 colit
704 5075 860 5155 Ecclesia,
883 5077 1144 5161 quandoquidem
1163 5099 1202 5144 ea
1214 5099 1282 5144 non
1303 5084 1408 5164 posset
1431 5097 1537 5144 errare
1558 5101 1565 5142 :
1589 5079 1717 5145 credere
1737 5082 1823 5144 enim
1847 5099 1928 5164 pon-

336 5188 457 5272 tificem
478 5185 723 5268 diligentissime
746 5184 833 5249 beati
855 5184 918 5252 viri
945 5185 1079 5265 merita,
1111 5191 1143 5251 et
1170 5187 1325 5253 miracula
1348 5190 1593 5276 perscrutatum⁴
1611 5204 1698 5268 esse,
1716 5191 1748 5253 et
1767 5205 1826 5271 per
1846 5188 1928 5271 seip-
2030 5215 2031 5226 ¹

338 5317 428 5376 sum,
450 5300 482 5362 et
495 5312 553 5379 per
567 5310 622 5357 eos
642 5292 833 5373 cardinales,
858 5310 941 5375 quos
962 5292 1003 5357 ad
1027 5292 1060 5357 id
1081 5294 1184 5358 multo
1202 5299 1276 5360 ante
1296 5298 1441 5380 tempore
1460 5294 1640 5377 delegisset.
1665 5292 1769 5360 Fuere
1782 5313 1825 5360 ex
1842 5294 1928 5360 Prae-
2030 5283 2031 5300 ¹

369 5434 404 5502 (a)
419 5432 490 5485 Edit.
508 5430 567 5482 Ver.
581 5426 721 5493 apotheosi.
