4100 6300
24 391 49 465 l:

34 540 40 551 '
554 568 651 636 orsr.
673 566 807 635 maru.
828 565 921 632 aar.
943 569 969 634 1.
989 568 1138 649 oonsr.
1161 571 1201 636 11.
1232 518 1235 524 ¹
1610 577 1669 639 ssa
1729 533 1734 545 ’

35 688 70 729 ³
90 705 266 781 Pietavensi,
281 705 367 788 quod
380 704 555 788 proprietas
564 722 623 769 neo
637 705 678 768 sit
689 703 844 779 essentia,
901 705 1006 770 solum
1019 706 1226 790 intellectum,
1241 706 1320 788 quia
1332 721 1384 770 res
1394 710 1441 770 est
1449 712 1481 771 et
1491 710 1598 771 manet
1607 724 1670 772 res-

24 803 39 827 ’“
49 802 72 851 ³*
89 834 142 880 nee
154 814 187 876 in
197 811 342 890 essentia,
356 812 409 875 sed
423 811 527 875 solum
539 811 698 876 assistens.
713 810 773 875 Sed
787 811 847 874 ista
901 817 997 893 peetu
1009 811 1139 895 objecti.

24 994 36 1010 .
89 921 193 1006 positio
201 920 366 984 manifeste
374 919 552 1003 improbata
566 924 624 996 est,
637 920 714 1002 quia
722 937 847 984 neeesse
941 929 971 987 3.
983 924 1033 989 Ad
1048 925 1128 990 illud
1142 925 1228 1007 quod
1241 925 1388 1008 obiicitur
1400 925 1485 1008 quod
1500 944 1566 991 non
1582 944 1669 1009 prae-

24 1019 66 1053 '³'
87 1034 131 1095 est
149 1028 233 1111 quod
250 1028 292 1091 sit
308 1027 417 1091 divina
434 1028 584 1107 essentia,
599 1028 626 1091 si
641 1030 694 1114 ,est
714 1027 845 1109 aliquid.
900 1032 1023 1096 dieaurr
1035 1032 1073 1096 de
1084 1033 1262 1096 substantia
1275 1031 1361 1114 quod
1373 1035 1421 1096 est
1433 1031 1468 1095 in
1480 1034 1667 1115 substantia,

88 1137 210 1218 Propter
222 1134 301 1212 hoe,
317 1134 357 1198 ad
370 1134 612 1217 intelligentiam
633 1135 846 1217 objectorum,
901 1137 1073 1202 dicendum
1088 1139 1174 1220 quod
1187 1157 1254 1202 non
1266 1138 1457 1221 praedicatur
1471 1139 1509 1204 de
1522 1140 1669 1205 substan·
1687 1172 1690 1180 =

24 1231 64 1287 ³³³·
86 1241 338 1323 intelligendum,
351 1241 433 1306 siout
453 1246 664 1325 praenotstum
684 1245 747 1321 est,
762 1242 848 1324 quod
899 1244 945 1308 tia
958 1248 996 1308 ut
1007 1244 1047 1309 de
1058 1245 1211 1327 subp‘eeto,
1224 1263 1284 1309 noe
1295 1263 1352 1328 per
1365 1245 1602 1327 inlraerentiam,
1616 1250 1670 1314 sed

24 1346 67 1389 'ff
86 1352 190 1417 relatio
207 1349 330 1414 ratione
346 1349 591 1431 comparationis
610 1349 650 1413 ad
669 1351 847 1432 subjeetum
901 1350 1006 1414 solum
1027 1351 1066 1415 de
1086 1368 1222 1433 persona
1236 1351 1281 1415 sio
1299 1351 1501 1435 praedicatur.
1525 1351 1614 1419 Unde
1632 1354 1671 1418 de

29 1460 52 1505 ³·
85 1462 191 1527 transit
204 1461 240 1525 in
254 1461 473 1540 substantiam,
487 1465 518 1523 et
531 1460 602 1524 ideo
616 1461 792 1542 proprietas
801 1465 849 1524 est
901 1457 1038 1522 essentia
1059 1458 1267 1540 praedicatur,
1291 1458 1368 1540 quia
1389 1457 1524 1522 essentia
1546 1463 1577 1522 et
1596 1478 1670 1542 pro-

84 1567 188 1631 divina
198 1564 393 1643 substantia3
407 1564 531 1629 ratione
542 1581 620 1628 vero
633 1562 847 1646 eomparatio-
901 1566 1017 1648 prietas
1040 1570 1116 1629 sunt
1139 1584 1246 1630 unum
1267 1565 1303 1628 in
1326 1582 1477 1648 persona,
1505 1582 1572 1629 non
1594 1566 1672 1649 quia

24 1683 42 1726 ῖ-
83 1674 132 1738 nis
143 1673 183 1738 ad
194 1673 370 1737 terminum
383 1672 451 1737 sive
463 1671 636 1752 obiectum,
647 1675 802 1749 remanet,
817 1673 849 1734 et
901 1689 1007 1734 unum
1022 1672 1064 1735 sit
1076 1672 1110 1736 iu
1124 1671 1198 1737 alio.

24 1795 51 1835 2·
82 1784 237 1865 quantum
250 1780 291 1844 ad
306 1780 368 1843 hoe
383 1783 430 1843 est
447 1779 610 1857 disfinem,
633 1782 664 1842 et
684 1777 789 1841 differt
807 1777 848 1840 ab
941 1787 972 1847 l.
986 1784 1036 1847 Ad
1048 1782 1125 1848 illud
1147 1784 1233 1866 quod
1247 1781 1407 1864 objicitur,
1428 1787 1540 1849 utrum
1554 1784 1671 1867 pradi-
1703 1772 1706 1777 ’

24 1908 46 1948 τ
81 1888 228 1964 essentia,
249 1905 316 1950 non
336 1885 517 1968 quisdicat
540 1885 636 1949 aliam
660 1884 846 1959 essentiam,
902 1894 991 1953 eatur
1015 1908 1072 1971 ρετ
1094 1908 1148 1969 se,
1169 1893 1226 1953 aut
1245 1907 1302 1971 per
1322 1890 1477 1968 acridane,
1500 1891 1670 1956 dicendum

24 2020 49 2061 2:
79 1996 132 2061 sed
144 1995 245 2059 alium
259 1994 390 2058 modum
404 2012 438 2058 sa
453 1992 607 2069 habendi,
621 1992 678 2074 qui
691 2010 747 2073 per
760 2009 849 2055 eom-
902 1995 987 2078 quod
1006 2013 1073 2059 non
1092 2014 1150 2079 per
1167 2014 1219 2075 se,
1237 1994 1314 2078 quia
1327 2014 1385 2078 per
1406 2014 1590 2079 personam;
1606 2015 1672 2061 non

28 2135 55 2177 ··;;
79 2103 278 2187 parationem
293 2101 332 2165 ad
344 2100 523 2179 essentiam,
539 2099 592 2163 vel
604 2116 784 2181 personam,
797 2115 847 2161 so-
868 2146 872 2155 .
903 2120 960 2184 per
973 2101 1135 2179 aooidens,
1147 2102 1224 2184 quia
1236 2120 1372 2185 persona
1385 2120 1451 2167 non
1467 2108 1514 2168 est
1531 2104 1617 2169 aliud
1631 2106 1671 2168 ab

33 2248 42 2289 2
78 2212 148 2275 lum
162 2210 240 2275 dicit
255 2208 387 2273 modum
400 2207 482 2271 nihil
496 2206 647 2271 addens¹.
668 2205 705 2268 ln
718 2224 849 2288 eompa-
903 2212 1049 2274 essentia.
1072 2209 1230 2287 Quoniam
1251 2209 1354 2291 igitur
1374 2210 1458 2274 sieut
1480 2230 1532 2275 res
1553 2211 1672 2276 divinae

25 2360 44 2402 ··.
79 2318 203 2382 ratione
217 2334 295 2382 vero
308 2315 347 2380 ad
361 2312 850 2390 correlativum,veredieitrem
903 2319 1157 2403 superexcedunt
1178 2336 1229 2383 ras
1243 2317 1422 2395 interiores,
1439 2319 1484 2383 sie
1502 2322 1535 2384 et
1555 2319 1672 2402 praedi·
1734 2326 1737 2331 ’

28 2471 37 2479 «
79 2429 111 2490 et
130 2424 388 2490 distinctionem:
406 2427 438 2488 et
459 2423 530 2487 ideo
547 2442 613 2487 non
633 2427 680 2487 est
694 2423 800 2486 unitas
816 2422 851 2485 in
904 2427 985 2491 catio
999 2425 1273 2509 praedicationem.

80 2533 205 2597 ratione
230 2530 444 2614 intelligendi,
462 2549 522 2595 nee
544 2529 783 2612 compositioin
796 2548 849 2605 re,
945 2540 975 2601 5.
989 2537 1040 2602 Ad
1052 2536 1131 2601 illud
1151 2536 1237 2618 quod
1252 2533 1368 2598 ultimo
1386 2535 1534 2618 objicitur
1545 2536 1632 2619 quod
1646 2537 1673 2600 si

24 2695 45 2735 3,
78 2641 134 2707 sed
147 2659 230 2707 vera
241 2639 411 2705 distinctio.
427 2639 465 2704 lit
477 2638 630 2720 quoniam
648 2638 705 2702 iste
724 2655 851 2719 respeo-
905 2645 1040 2710 essentia
1058 2645 1160 2723 creat,
1182 2646 1214 2707 et
1234 2642 1428 2726 proprietas3
1443 2642 1613 2709 dicendum
1627 2648 1675 2709 est

77 2753 131 2814 tus
155 2766 225 2812 non
244 2748 320 2812 dicit
346 2747 433 2811 aliud
454 2764 553 2828 quam
574 2746 760 2824 essentiam,
790 2743 851 2827 ipsi
906 2753 1024 2830 adhoc,
1035 2751 1121 2833 quod
1131 2750 1280 2833 quamvis
1290 2749 1465 2832 proprietas
1474 2751 1516 2815 sit
1525 2753 1672 2830 essentia,

27 2840 38 2939 ⁵,
76 2859 295 2940 compertius,
308 2853 453 2917 Similiter
464 2871 524 2917 110⁰
536 2854 623 2918 aliud
637 2871 735 2935 quam
747 2870 852 2935 perso
905 2865 1014 2925 tamen
1030 2859 1165 2925 essentia
1178 2877 1244 2923 non
1258 2859 1410 2941 supponit
1432 2861 1672 2944 proprietatem,

24 2950 40 3055 f
74 2983 173 3043 nam,
188 2962 261 3027 ideo
276 2980 351 3027 vere
367 2964 415 3025 est
428 2960 565 3025 amentia
580 2964 612 3024 et
631 2978 776 3042 persona.
792 2957 852 3024 Sed
906 2987 966 3032 nee
986 2986 1005 3032 e
1026 2984 1190 3032 converso.
1218 2965 1306 3030 Unde
1330 2983 1398 3029 non
1423 2967 1566 3049 sequitur
1588 2968 1676 3050 quod

24 3062 36 3147 ζ
75 3072 156 3155 quia
168 3070 307 3136 ulterius
324 3073 486 3152 respectus
498 3068 551 3133 ille
566 3086 631 3131 non
645 3070 692 3131 est
708 3067 853 3131 essentie
906 3074 987 3140 ilud
997 3075 1083 3158 quod
1097 3074 1246 3139 convenit
1254 3074 1410 3144 sunta.
1425 3074 1594 3139 conveniat
1605 3093 1675 3158 per-

24 3171 28 3261 J
73 3180 116 3244 ad
140 3179 250 3258 atiud,
274 3177 327 3241 sed
348 3194 492 3260 perSOUae
512 3175 552 3239 ad
572 3191 758 3257 lemnam,
782 3174 852 3238 id0⁰
907 3201 1012 3262 sonae,
1027 3182 1274 3247 veleeonverso
1292 3204 1299 3246 :
1317 3181 1424 3264 aliqua
1436 3186 1545 3246 tamen
1558 3201 1676 3248 couve-

24 3286 26 3289 ’
73 3290 245 3369 respectus
268 3289 299 3350 et
318 3284 503 3361 relationes,
526 3282 652 3365 proprie
675 3281 851 3364 loquendo,
906 3291 1001 3355 niunt
1024 3289 1169 3354 essentia
1192 3293 1224 3353 et
1244 3289 1445 3372 proprietati,
1470 3290 1577 3372 aliqua
1595 3309 1673 3357 non.

71 3395 203 3459 suntin
216 3393 374 3477 personis,
394 3392 506 3455 nonin
520 3390 672 3468 essenii83
691 3391 767 3471 quia
780 3407 853 3472 per·
907 3397 997 3463 Unde
1009 3396 1187 3461 notandum
1208 3396 1296 3479 quod
1308 3397 1459 3480 quaedam
1473 3398 1624 3463 dieuntur
1637 3399 1676 3464 de

24 3580 26 3585 Ι
72 3520 168 3566 sonae
196 3499 373 3565 seeundum
399 3515 453 3562 eos
479 3498 661 3561 reseruntur
688 3502 719 3560 et
741 3497 853 3560 distin·
908 3505 1016 3569 divina
1025 3504 1163 3568 essentia
1175 3504 1210 3566 in
1220 3522 1265 3583 se,
1278 3509 1314 3569 ut
1323 3510 1401 3587 puta
1412 3505 1467 3569 illa
1478 3524 1553 3589 quaa
1566 3506 1677 3571 dieun-

25 3687 31 3693 .,
70 3612 246 3689 guuntur,
266 3604 401 3669 essentia
418 3608 526 3669 autem
547 3622 606 3667 nee
627 3595 785 3682 retertur,
796 3622 854 3668 nee
907 3617 961 3677 tur
974 3612 1009 3675 in
1021 3610 1220 3693 oppositione
1234 3610 1274 3673 ad
1286 3615 1476 3688 ereaturam,
1491 3616 1528 3676 ut
1541 3615 1675 3678 immen-

70 3714 304 3796 distinguitur.
339 3711 421 3776 Sunt
449 3715 556 3774 temen
585 3712 619 3774 in
645 3711 781 3774 essentia
806 3712 855 3775 di·
908 3735 955 3796 so,
971 3720 1129 3795 increato,
1142 3720 1174 3780 et
1186 3716 1383 3799 hujusmodi,
1399 3721 1430 3782 et
1442 3719 1513 3782 haee
1526 3719 1678 3783 dicuntur

68 3823 172 3902 vina,
195 3820 355 3903 loquendo
374 3818 587 3882 communiter
607 3819 639 3880 et
661 3818 852 3900 improprie,
909 3824 1213 3908 deproprietatibus.
1231 3825 1347 3907 Aliqua
1359 3824 1558 3889 dicunturde
1570 3825 1678 3890 divina

68 3934 110 3995 nt
124 3930 257 3995 diostur
267 3929 302 3991 in
315 3927 425 3991 divina
436 3925 571 3989 essentia
583 3943 651 3988 esse
664 3943 759 3989 omne
768 3926 855 4007 quod
908 3932 1054 4009 essentia,
1069 3932 1152 3995 utin
1166 3932 1320 4014 personia,
1338 3936 1374 3996 ut
1388 3948 1453 3998 eoae
1465 3933 1678 3998 eommunice-

67 4042 122 4102 est
139 4037 259 4103 divina
280 4034 431 4113 essentia,
456 4033 509 4096 vel
530 4051 626 4096 omne
645 4033 732 4114 quod
754 4038 801 4097 est
820 4033 854 4096 in
910 4040 1016 4117 trem,
1033 4040 1065 4101 et
1079 4053 1144 4103 ease
1158 4038 1198 4102 en
1212 4038 1315 4104 tridua
1329 4039 1439 4105 eodm.
1460 4036 1548 4103 Talia
1560 4057 1678 4104 eonve-

66 4146 221 4211 essentia
232 4144 285 4210 vel
295 4159 441 4225 persona.
909 4149 1004 4211 niunt
1016 4146 1180 4224 essentiae,
1195 4151 1233 4210 ut
1245 4146 1364 4210 hahent
1376 4146 1532 4210 rationem
1544 4146 1676 4223 iormae3

114 4257 151 4315 l.
169 4251 223 4316 Ad
237 4249 316 4313 illud
327 4266 406 4329 ergo
419 4247 504 4330 quod
517 4246 679 4329 objicitur,
695 4246 781 4329 quod
792 4246 854 4310 elio
900 4251 941 4318 'et
953 4254 986 4316 in
1001 4252 1064 4316 hoe
1076 4251 1180 4316 differt
1191 4252 1272 4316 ratio
1286 4252 1439 4329 essentiae,
1454 4256 1485 4315 et
1503 4251 1680 4334 proprieta-

65 4364 122 4424 est
131 4358 237 4436 Deus,
247 4357 308 4421 alio
317 4359 364 4419 est
373 4354 479 4434 Pater3
492 4354 664 4419 dicendum
675 4354 760 4436 quod
772 4354 855 4417 abla-
910 4356 968 4431 tis,
981 4353 1099 4419 attalia
1111 4373 1177 4419 non
1193 4355 1345 4420 dicuntur
1367 4354 1405 4418 de
1424 4354 1677 4437 proprietatibus.

66 4466 171 4531 tivus
199 4464 273 4528 dieit
297 4463 453 4526 rationem
472 4461 612 4539 dicendi,
639 4460 690 4525 vel
712 4461 856 4524 denomi·
910 4463 1032 4528 Rursus
1054 4462 1161 4545 aliqua
1182 4462 1333 4527 dicuntur
1349 4462 1388 4526 de
1405 4461 1540 4526 essentia
1558 4464 1596 4524 nt
1616 4476 1681 4527 ease

65 4572 202 4649 nandi,
215 4570 344 4635 undeet
357 4569 477 4649 alietas,
491 4586 547 4651 per
560 4568 737 4635 ablativum
753 4570 856 4651 signi·
908 4571 1109 4656 percipiam
1123 4571 1359 4652 operationum,
1374 4574 1411 4632 ut
1429 4584 1494 4634 esse
1508 4571 1680 4651 potentatu,

65 4684 192 4757 ficata,
203 4678 376 4743 attenditur
383 4677 488 4741 solum
497 4679 653 4757 quantum
660 4677 700 4741 ad
710 4676 854 4756 modum,
909 4680 1104 4759 replantetis,
1119 4676 1290 4756 polemone,
1305 4681 1336 4741 et
1351 4690 1469 4755 meare,
1486 4675 1606 4740 attalia
1617 4693 1683 4739 non

63 4808 145 4854 non
160 4791 326 4871 quantum
339 4785 379 4849 ad
394 4786 575 4861 essentiam,
589 4789 625 4849 ut
638 4789 736 4868 patet.
799 4775 802 4782 ’
911 4785 1060 4849 dicuntur
1075 4784 1114 4848 de
1129 4784 1384 4867 proprietatibus.
1400 4782 1488 4847 Unde
1502 4782 1682 4848 notandum

113 4901 152 4960 2.
174 4894 229 4959 Ad
241 4893 321 4957 illud
340 4892 485 4956 similiter
502 4892 588 4974 quod
604 4892 753 4975 objicitur
769 4891 857 4974 quod
912 4892 997 4975 quod
1010 4891 1166 4974 adjectiva
1177 4891 1367 4968 essentialia,
1380 4908 1453 4972 quae
1466 4891 1634 4954 essentiam
1647 4887 1681 4951 in

62 5022 149 5070 non
173 5001 262 5065 idem
284 5002 333 5064 est
352 4998 546 5081 principium
565 4997 802 5078 distinguendi,
827 5003 858 5063 et
913 5018 947 5063 se
969 4998 1163 5081 respiciunt,
1185 5002 1221 5062 ut
1239 4998 1397 5063 diversam
1418 5000 1615 5075 aereatura,
1631 4995 1683 5059 di-

64 5108 234 5188 uniendi,
245 5111 330 5191 patet
341 5106 514 5188 responsio,
528 5104 604 5186 quia
613 5104 788 5186 proprietas
801 5105 858 5169 dis·
914 5109 1031 5170 cuntur
1040 5105 1079 5169 de
1090 5105 1349 5187 proprietatibus:
1361 5122 1433 5185 quae
1445 5107 1553 5167 autem
1563 5102 1602 5166 de
1614 5103 1683 5183 ipsa

63 5216 213 5298 tinguit
227 5215 263 5278 in
282 5232 321 5278 eo
339 5213 426 5295 quod
440 5211 605 5288 differens,
624 5230 690 5275 nou
704 5213 857 5292 mentia,
913 5213 1099 5288 formaliter,
1112 5212 1180 5275 sive
1193 5214 1231 5276 ut
1243 5214 1290 5275 est
1301 5212 1415 5288 forma,
1427 5210 1526 5274 velut
1538 5211 1585 5273 est
1599 5207 1686 5290 priu-

61 5325 134 5390 sed
152 5322 277 5386 modo:
292 5321 349 5404 qui
362 5320 477 5385 modus
489 5337 554 5382 non
568 5318 644 5382 dicit
658 5320 858 5401 oompositio-
913 5321 1048 5404 oipium,
1065 5339 1129 5384 non
1147 5321 1296 5384 dicuntur
1317 5340 1325 5383 ε
1346 5322 1378 5382 et
1391 5318 1436 5381 sie
1454 5322 1562 5400 patent
1577 5316 1686 5380 omnia

62 5449 188 5506 nem,
203 5429 280 5510 quia
292 5428 406 5491 transit
423 5428 459 5490 in
472 5426 697 5504 substantiam
715 5444 773 5489 nee
786 5426 861 5491 dicit
914 5428 1061 5511 quaesita.

108 5556 121 5592 ¹
134 5553 273 5607 Dissentit
287 5555 357 5606 scot.
370 5552 429 5604 dist.
441 5564 472 5616 11,
485 5565 512 5616 p.
526 5552 559 5615 li,
575 5564 601 5614 q.
613 5562 622 5601 1
637 5554 663 5602 et
673 5562 714 5616 ιν,
728 5550 788 5603 dist.
800 5563 857 5618 vm,
914 5551 945 5603 de
958 5551 1089 5616 attribui,
1102 5556 1129 5605 et
1139 5553 1198 5604 dist.
1211 5562 1286 5615 surii,
1299 5562 1318 5615 1,
1332 5551 1362 5602 de
1371 5550 1483 5603 distinct.
1492 5551 1686 5602 emanationem.
