4100 6300
308 1722 405 1769 eremu-

330 1792 338 1828 t
346 1791 354 1829 ι

305 1850 407 1905 quiddam

310 1913 338 1957 ad
352 1915 407 1956 hanc

301 1974 406 2018 ostensio-

300 2049 350 2080 nem
367 2049 406 2080 ne·

317 2112 389 2143 cessa·

320 2163 390 2215 mum,

314 2225 398 2268 seilicet

328 2288 386 2342 quod

311 2349 402 2405 Spiritus

312 2416 398 2454 unctus

302 2474 410 2517 estchari·

301 2541 347 2589 tas,
367 2548 408 2590 qua

316 2598 393 2654 diligi-

356 2674 381 2704 uo

303 2724 379 2797 neum,
387 2729 409 2767 et

319 2799 393 2842 prou·

320 2863 387 2894 mom.

303 2926 403 2970 Probatio

316 2989 400 3031 conclu·

322 3065 388 3095 rioms

312 3128 351 3172 per
361 3128 409 3160 nuc·

302 3183 406 3226 mutatos.

992 437 1304 506 susurrantem
1325 438 1400 504 Llll.
1422 438 1446 502 l.

937 701 1302 799 DlSTlNCTIO
1334 704 1469 800 XVll

876 943 915 989 on
938 939 1095 990 mutamur
1118 939 1258 989 mserum
1280 918 1421 989 Semirus
1443 941 1563 989 smorr.

464 1117 538 1186 Jam
549 1140 639 1186 nunc
648 1117 840 1187 accedamus
852 1117 892 1186 ad
907 1116 1137 1206 assignandam
1152 1116 1340 1187 missionem
1349 1118 1495 1211 Spiritus
1506 1119 1625 1207 sancti,
1640 1141 1705 1210 qua
1717 1117 1883 1186 invisibiliter
1891 1119 1932 1185 uit

420 1232 502 1302 titur
519 1233 554 1301 in
576 1232 674 1302 corda
693 1233 858 1303 fidelium.
883 1232 967 1302 Nam
982 1234 1051 1325 ipse
1071 1233 1216 1325 Spiritus
1228 1242 1376 1321 sanetus,
1392 1235 1450 1327 qui
1464 1234 1553 1304 Deus
1567 1241 1629 1322 est,
1645 1256 1682 1303 ac
1696 1232 1824 1302 tertiain
1839 1232 1934 1302 Tn‘nitt
1985 1289 1986 1328 ,

420 1372 571 1441 persona,
587 1357 738 1443 utsupra
751 1358 918 1420 ostensum
932 1358 992 1437 est,
1008 1349 1150 1437 aPatre,
1166 1359 1199 1419 et
1211 1349 1310 1439 Filio,
1326 1368 1363 1417 ac
1381 1347 1552 1439 semetipso
1575 1344 1791 1438 temporaliter
1801 1344 1934 1436 procedit'd
1985 1341 1986 1348 '

420 1474 479 1552 est,
501 1466 645 1535 mittitur
667 1490 704 1535 ac
729 1466 869 1536 donatur
891 1466 1056 1546 fidelibus.
1079 1466 1143 1535 Sed
1163 1489 1239 1559 quae
1260 1465 1384 1536 sitista
1407 1462 1517 1531 missio
1531 1462 1602 1532 sive
1616 1461 1758 1548 donatio,
1771 1460 1936 1550 rclquouodc
1985 1541 1986 1574 r

421 1581 491 1666 fiat,
508 1581 781 1651 considerandum
799 1591 858 1651 est.

464 1698 534 1766 Hoc
544 1707 654 1767 autem
664 1708 703 1767 ut
712 1699 956 1789 intelligibilius
970 1699 1091 1784 doceri,
1107 1723 1145 1768 ac
1158 1699 1289 1792 plenius
1299 1697 1439 1790 perspici
1451 1696 1570 1781 valeat,
1583 1691 1937 1786 praemittendumastquil

338 1800 381 1829 ‘¹¹'
420 1813 496 1882 dam
512 1814 552 1882 ad
566 1814 628 1883 hoc
641 1816 737 1884 valde
750 1817 982 1907 necessarium.
1007 1817 1140 1885 Dictum
1160 1815 1295 1907 quidem
1310 1825 1359 1881 est
1371 1835 1482 1905 supra,
1498 1824 1530 1881 et
1542 1811 1644 1880 sacris
1656 1807 1870 1879 auetoritatibus
1877 1817 1938 1874 otor

421 1953 508 2016 sum,
531 1931 621 2023 quod
641 1931 786 2024 Spiritus
804 1939 935 2002 sauctus
948 1955 1042 2001 amor
1053 1941 1101 2001 εει
1118 1932 1226 2001 Patris
1245 1939 1278 2000 ει
1297 1929 1387 2015 Filii,
1407 1952 1473 2021 quo
1486 1927 1676 1997 seinvicem
1692 1933 1803 2008 amant,
1816 1921 1938 1992 etucallu

421 2054 531 2115 autem
551 2047 740 2117 addendum
755 2056 802 2117 est
820 2059 845 2135 ¹,
864 2048 953 2140 quod
977 2048 1046 2139 ipse
1063 2047 1151 2117 idem
1174 2047 1318 2139 Spiritus
1339 2053 1471 2115 sanctus
1492 2054 1539 2113 est
1558 2066 1675 2130 amor,
1693 2041 1939 2128 simulantesque

422 2186 482 2231 nos
494 2162 663 2252 diligimus
675 2164 782 2232 Deum
795 2217 804 2250 ,
816 2172 850 2232 ει
864 2164 1052 2256 proximum
1079 2189 1087 2232 :
1106 2186 1182 2257 quae
1207 2162 1349 2231 charitas
1369 2185 1446 2231 cum
1467 2162 1513 2229 ita
1532 2167 1581 2230 εει
1595 2161 1632 2228 in
1650 2158 1754 2242 nobis,
1776 2165 1808 2225 ut
1828 2178 1872 2223 uos
1885 2155 1939 2221 lao'u‘

423 2278 560 2367 diligere
580 2280 686 2349 Deum
711 2288 745 2348 et
765 2281 972 2372 proximum,
999 2289 1078 2349 tunc
1100 2280 1244 2372 Spiritus
1257 2285 1389 2347 sanctus
1401 2277 1521 2346 dicitur
1532 2275 1623 2344 mitti
1637 2275 1690 2344 vel
1703 2273 1770 2343 dari
1780 2269 1938 2358 nobis:etqa

422 2393 531 2483 diligit
544 2396 648 2485 ipsam
663 2396 870 2466 dilectionem
885 2420 952 2488 qua
971 2396 1081 2486 diligit
1104 2397 1308 2489 proximum,
1334 2395 1371 2464 in
1391 2418 1430 2464 eo
1442 2394 1512 2485 ipso
1525 2394 1636 2462 Deum
1651 2391 1775 2483 diligit:
1788 2389 1905 2482 qrrinipa
1913 2383 1938 2451 d·

422 2509 516 2578 lectio
529 2510 618 2579 Deus
630 2521 677 2580 est
691 2519 715 2597 '‚
731 2512 764 2580 id
779 2520 839 2599 est,
855 2511 999 2604 Spiritus
1012 2522 1154 2582 sanctus.

333 2674 354 2703 m
466 2626 515 2695 Ne
537 2637 648 2696 autem
666 2628 702 2696 iu
715 2651 751 2696 re
765 2635 855 2697 tanta
869 2628 996 2721 aliquid
1011 2629 1052 2699 de
1067 2636 1178 2698 nostro
1191 2636 1338 2698 astruere
1352 2627 1536 2714 videamur,
1553 2628 1657 2696 sacris
1670 2620 1878 2693 auctoritatibus
1889 2613 1938 2707 qud

420 2742 545 2811 dietum
559 2752 607 2812 est
620 2744 879 2814 corroboremus.
896 2745 943 2813 De
957 2745 1018 2814 hoc
1032 2747 1242 2836 Augustinus
1260 2745 1297 2814 in
1310 2753 1425 2814 octavo
1445 2745 1530 2812 libro
1553 2741 1596 2812 de
1625 2741 1782 2811 Trinitctc
1801 2729 1938 2810 aiuntu

422 2860 739 2951 proximumdiligit,
755 2883 957 2954 consequens
974 2868 1023 2931 est
1035 2871 1073 2931 ut
1081 2862 1184 2953 ipsam
1195 2861 1358 2955 praecipue
1371 2860 1579 2930 dilectionem
1594 2859 1725 2948 diligat.
1748 2857 1822 2924 Deus
1832 2845 1939 2920 anund

422 2975 518 3044 lectio
538 2984 586 3045 εει
602 3001 610 3044 :
626 2998 826 3070 consequens
841 3000 919 3068 ergo
932 2986 996 3065 est,
1018 2986 1057 3046 ut
1078 2979 1242 3071 praecipue
1261 2978 1368 3046 Deum
1388 2976 1514 3067 diligat.
1533 3003 1551 3043 a
1569 2976 1657 3044 Item
1671 2975 1706 3043 in
1720 2972 1819 3044 ecdem
1830 2971 1838 3006 ¹
1851 2994 1857 3035 :
1871 2968 1938 3033 «lat

422 3089 554 3161 dilectio
577 3105 636 3177 est,
656 3101 693 3163 ut
706 3094 752 3162 ait
768 3092 911 3163 loannes
931 3094 1122 3187 apostolus:
1143 3103 1181 3165 ut
1194 3094 1276 3189 quid
1290 3117 1370 3184 ergo
1383 3093 1471 3163 imus
1483 3100 1515 3163 et
1528 3092 1699 3163 currimus
1712 3080 1939 3161 iusubliniaoalr

422 3231 510 3296 rum,
526 3218 558 3278 et
571 3211 638 3279 ima
649 3217 826 3297 terrarum,
843 3219 1029 3304 quaerentes
1040 3234 1117 3280 eum
1132 3212 1191 3305 qui
1204 3220 1252 3281 est
1265 3211 1355 3305 apud
1369 3233 1442 3297 nos,
1457 3211 1485 3278 si
1497 3233 1558 3279 nos
1571 3211 1665 3303 apud
1679 3233 1753 3279 eum
1764 3230 1822 3277 εεεε
1836 3200 1937 3273 solinu?

420 3324 525 3394 Nemo
539 3325 626 3395 dicat
639 3326 730 3395 :Non
745 3326 824 3396 novi
837 3327 919 3419 quid
932 3327 1070 3418 diligam
1086 3353 1095 3396 ε
1111 3328 1227 3418 diligat
1240 3328 1390 3415 fratrem,
1401 3335 1434 3396 et
1446 3326 1561 3417 diliget
1578 3329 1624 3419 (a)
1644 3325 1784 3396 eamdem
1794 3318 1936 3392 dlutiutu

420 3441 526 3532 Magis
547 3442 636 3511 cuim
660 3443 754 3511 novit
775 3443 983 3513 dilectionem
1005 3440 1074 3536 qua
1095 3445 1222 3533 diligit,
1238 3468 1342 3536 quam
1355 3445 1490 3514 fratrem
1506 3466 1611 3536 quem
1625 3443 1744 3534 diligit.
1759 3438 1937 3529 najarae

421 3560 583 3628 notiorem
596 3559 702 3627 Deum
717 3558 849 3646 hahere,
863 3583 966 3651 quam
979 3561 1115 3630 fratrem
1133 3586 1141 3629 z
1158 3561 1255 3653 plane
1269 3562 1447 3648 notiorem,
1462 3562 1541 3654 quia
1561 3560 1820 3652 praesentiorem,
1832 3549 1937 3646 quire

422 3675 563 3761 riorem,
586 3675 666 3767 quia
684 3676 867 3744 certiorem.
882 3677 1088 3768 Amplecterc
1099 3677 1308 3747 dilectionem
1322 3678 1444 3760 Deum,
1460 3685 1493 3746 et
1504 3677 1682 3746 dilectione
1694 3675 1860 3768 amplectere
1869 3667 1935 3734 ltu·
1983 3674 1984 3699 ¹

422 3791 496 3882 lpsa
509 3800 556 3859 est
569 3790 712 3877 dilectio,
728 3814 804 3882 quae
818 3814 931 3860 omncs
943 3793 1048 3862 bonos
1061 3794 1208 3884 angelos,
1227 3801 1259 3862 et
1277 3816 1392 3863 omnes
1407 3793 1464 3861 Dei
1478 3815 1591 3861 servos
1609 3794 1765 3862 consociat
1777 3786 1935 3858 unedone

423 3907 535 3975 litatis.
552 3906 684 3988 Quanto
697 3930 776 3996 ergo
789 3908 934 3977 saniores
956 3933 1072 3979 sumus
1085 3932 1105 3978 a
1119 3918 1247 3979 tumore
1267 3910 1450 4003 superbiae,
1466 3918 1558 3979 tauto
1575 3933 1695 3978 sumus
1710 3898 1888 3991 dilectioncpl
1912 3894 1916 3903 ’

423 4045 475 4091 res
492 4047 499 4089 :
512 4031 543 4091 et
557 4045 624 4115 quo
638 4022 703 4091 nisi
714 4023 781 4092 Deo
795 4024 914 4116 plenus
927 4034 988 4112 est,
1002 4025 1062 4118 qui
1076 4025 1195 4118 plenus
1208 4034 1255 4097 εει
1268 4027 1466 4095 dilectione?
1483 4051 1501 4091 a
1515 4026 1576 4093 His
1589 4025 1700 4094 verbis
1712 4024 1782 4092 satis
1794 4014 1936 4089 ostanditlr

423 4140 576 4230 guatinus
590 4139 679 4231 quod
692 4139 824 4208 dilectio
838 4140 920 4233 ipsa,
936 4165 1003 4234 qua
1017 4142 1188 4232 diligimus
1206 4144 1313 4212 Deum
1336 4143 1389 4213 vel
1408 4142 1617 4234 proximum,
1640 4140 1726 4210 Deus
1747 4147 1797 4207 est.
1817 4131 1864 4203 Sed
1876 4125 1935 4197 dtu

424 4256 569 4349 apertius
581 4256 617 4323 iu
628 4254 741 4325 eodem
756 4256 842 4326 libro
855 4257 993 4326 subdit⁸
1012 4283 1020 4327 ε
1040 4285 1057 4324 a
1069 4258 1284 4329 Dilectionem
1305 4260 1483 4327 fraternam
1506 4267 1674 4350 quantum
1694 4251 1866 4326 commendet
1881 4242 1936 4311 lut

424 4396 482 4441 nes
503 4372 681 4465 apostolus,
697 4373 927 4442 attendamus⁸
943 4398 952 4442 ε
970 4375 1037 4460 Qui
1049 4373 1172 4468 diligit,
1188 4376 1309 4469 iuquit,
1321 4377 1478 4467 fratrum,
1496 4375 1533 4442 in
1547 4375 1676 4444 lumine
1688 4384 1805 4453 maaet,
1818 4380 1842 4436 et
1852 4354 1936 4433 anda·

423 4489 492 4558 lum
508 4490 545 4558 in
558 4513 595 4559 eo
608 4513 676 4559 non
690 4503 750 4560 eat.
767 4490 977 4561 Manifestum
992 4500 1041 4560 est
1054 4492 1144 4585 quod
1154 4484 1291 4585 justitia
1305 4492 1535 4584 perlectionem
1549 4490 1586 4559 in
1601 4490 1711 4560 fratris
1723 4485 1936 4572 ddecuoupmr

425 4605 468 4674 rit
484 4631 492 4673 :
509 4629 586 4675 nam
602 4607 717 4699 inquo
730 4607 921 4677 scandalum
936 4617 1078 4697 nonest,
1095 4610 1211 4702 utique
1224 4609 1385 4702 perfectus
1401 4615 1459 4676 est.
1476 4611 1515 4677 Et
1531 4615 1644 4676 tamen
1664 4606 1787 4676 videtur
1805 4597 1934 4669 aratos

423 4721 483 4791 Dei
503 4724 642 4793 tacuisse
660 4750 668 4792 ι
684 4724 775 4816 quod
790 4747 963 4815 nunquam
982 4725 1123 4812 faceret,
1141 4725 1205 4793 nisi
1217 4726 1297 4817 quia
1310 4725 1345 4793 in
1361 4724 1433 4817 ipsa
1446 4725 1591 4794 fraterna
1610 4725 1775 4793 dilectione
1789 4700 1934 4789 paruuli

422 4839 542 4909 Deum.
552 4839 862 4932 Apertissimeeuim
877 4839 914 4907 in
927 4841 1040 4909 eadem
1055 4841 1192 4932 epistola
1200 4841 1299 4934 paulo
1311 4850 1382 4934 post
1392 4842 1437 4909 ait
1447 4841 1528 4909 ital:
1542 4839 1764 4921 Dilectissimi,
1775 4820 1933 4925 diluamur

421 4958 537 5044 vicem,
549 4957 628 5049 quio
641 4955 773 5026 dilectio
787 4959 904 5025 eaDeo
914 4970 982 5025 est:
997 4970 1031 5026 ct
1043 4958 1151 5026 omnis
1166 4958 1222 5049 qui
1235 4954 1358 5049 diliqia
1371 4981 1412 5026 ec
1424 4960 1492 5025 Deo
1505 4970 1609 5026 notus
1624 4970 1683 5040 est,
1699 4969 1730 5025 et
1739 4949 1857 5047 cogitarit
1863 4948 1929 5010 W·

425 5075 489 5159 Qui
502 5097 570 5144 nou
585 5073 718 5166 diliqit,
733 5096 801 5142 non
816 5074 969 5165 cognovit
980 5076 1100 5157 Deum,
1118 5075 1196 5166 quia
1214 5076 1301 5143 Deus
1322 5074 1455 5144 dilectio
1475 5087 1535 5143 est.
1555 5074 1623 5144 Ista
1644 5072 1793 5145 wntertio
1807 5060 1931 5149 aurat

455 5226 624 5290 1ΕειεεΙιιεὶο,
641 5227 669 5277 iu
677 5240 728 5291 qna
741 5224 863 5290 Magister
875 5224 1049 5277 communiter
1060 5237 1116 5275 non
1126 5227 1235 5290 tenetur,
1248 5227 1277 5274 ut
1288 5224 1376 5276 ridere
1386 5229 1426 5277 cat
1438 5225 1465 5276 in
1474 5225 1608 5278 erroribus
1617 5226 1726 5278 selectis.
1739 5223 1784 5262 -ι
1795 5221 1804 5270 1
1814 5218 1872 5272 aa,
1880 5217 1901 5266 rr,
1908 5202 1928 5253 tt

424 5297 776 5421 uldu-gl'r‘llrdri'lil’dll‘
792 5298 860 5360 Μ’
873 5311 896 5350 θ’
911 5309 958 5362 ω’
972 5311 1000 5346 ¹¹·
1016 5299 1055 5347 ¹⁰·
1070 5322 1102 5335 ··
1113 5294 1180 5358 ‘Ma
1196 5310 1220 5348 c.
1236 5307 1273 5347 tu
1287 5299 1313 5347 ct
1326 5308 1384 5362 auu,
1398 5300 1477 5348 n.12.
1492 5298 1543 5335 -⁸
1558 5298 1609 5364 ld,
1621 5314 1644 5351 c.
1660 5310 1719 5362 uu,
1732 5311 1757 5347 n.
1779 5296 1810 5344 u.
1826 5285 1876 5332 -ἰ
1886 5279 1930 5327 ¹*

446 5406 456 5433 a
502 5406 508 5420 ·
642 5408 659 5434 ·‚
700 5406 709 5433 ,
767 5409 773 5419 .

457 5460 489 5522 (a)
504 5460 565 5512 cat.
580 5459 639 5512 «lit.
654 5459 754 5524 diligat.
