4100 6300
548 513 646 582 bist.
667 513 775 580 xxiii.
797 514 888 581 Atti.
911 515 936 580 l.
959 514 1108 593 QUAEST.
1131 516 1156 581 l.
1576 519 1634 579 3¹17

284 693 525 770 ARTIGULUS
548 700 575 768 Ι.
871 651 1257 735 Μον,ἰηᾱίνίηἱε,ᾳυοᾱ
1278 653 1325 717 eet
1341 650 1548 733 idem,qu0d
1562 668 1637 734 par.

869 777 948 824 sona
964 782 971 824 :
994 778 1074 842 ergo
1096 778 1171 824 cum
1184 759 1246 842 ipsi
1260 758 1409 842 proprius
1422 758 1561 824 habeant
1574 777 1635 823 vo.

103 861 145 927 ld
155 862 390 945 intelligentiam
403 882 515 931 eorum
527 883 603 949 quae
616 866 767 931 dicuntur
779 866 814 932 in
853 866 982 945 ,abula
1001 885 1100 950 quam
1110 884 1184 942 nos,
1204 870 1235 931 et
1247 884 1313 931 non
1332 870 1480 946 utuntur,
1495 884 1556 931 uec
1577 883 1637 930 nos

65 971 197 1054 praesenti
222 972 424 1039 distinctione
456 976 496 1039 da
525 976 576 1040 his
606 976 811 1053 nominibus,
868 973 1096 1039 debemusuti.

61 1093 198 1160 pesona,
216 1079 412 1159 substantio,
426 1089 457 1150 ct
470 1085 629 1164 essentia,
642 1083 707 1147 duo
724 1083 812 1166 prin·
909 1080 1024 1145 Contra
1041 1080 1204 1146 :Persona
1224 1080 1340 1146 dicitur
1358 1081 1450 1163 quasi
1465 1097 1522 1163 per
1537 1097 1572 1144 sa
1584 1098 1634 1144 so·
1649 1077 1754 1185 ffi-

64 1181 193 1264 cipaliter
221 1187 421 1265 quaeruntur.
455 1184 562 1249 Primo
589 1186 746 1269 quaeritur
775 1185 814 1250 de
868 1206 968 1265 nans,
990 1188 1058 1254 sive
1078 1207 1136 1271 per
1153 1207 1187 1253 ee
1205 1206 1298 1253 una:
1321 1187 1376 1252 sed
1398 1206 1455 1271 per
1475 1206 1510 1253 se
1530 1207 1635 1254 unum

62 1292 252 1358 unuslatione
274 1294 409 1359 istorum
428 1297 598 1362 nominum
620 1296 661 1362 ad
683 1296 812 1376 divinam
869 1295 1085 1379 propriissime
1096 1296 1250 1379 recipitur
1266 1296 1301 1358 in
1313 1293 1377 1359 lieo
1390 1313 1399 1359 τ
1414 1312 1494 1377 ergo
1515 1299 1547 1360 et
1559 1313 1636 1379 per·
1683 1313 1688 1320 ·

60 1400 207 1488 secundo,
221 1401 260 1465 de
277 1403 499 1467 numeratione
516 1404 703 1469 eorumdem
720 1404 755 1467 in
767 1402 813 1467 di·
868 1403 1134 1468 eonasecundum
1147 1421 1245 1468 suum
1258 1420 1389 1468 nomen.
1585 1464 1589 1472 .

59 1503 147 1571 vinis.
160 1506 243 1573 Circa
253 1509 396 1591 primum
407 1515 599 1592 quaeruntur
607 1512 811 1594 triazprimo,
909 1510 1001 1587 ltem,
1015 1528 1152 1593 persona
1165 1510 1284 1575 dicitur
1294 1510 1416 1574 habens
1433 1527 1526 1574 suam
1539 1513 1633 1576 natu·

56 1618 159 1679 utrum
180 1614 218 1680 ad
235 1616 346 1681 divina
372 1616 485 1682 debeat
509 1617 674 1682 transferri
694 1635 812 1683 nomen
867 1635 938 1682 ram
955 1618 1202 1683 intellectualem
1219 1617 1260 1682 ab
1280 1616 1543 1681 aliisdistinctam
1559 1618 1635 1682 :sed

56 1738 219 1802 personae3
253 1723 392 1787 meando
405 1742 510 1803 vero,
545 1728 657 1789 utrum
694 1742 812 1789 nomen
867 1726 903 1788 in
916 1723 979 1790 lieo
992 1727 1172 1808 estponere
1184 1723 1355 1788 habentem
1372 1728 1523 1787 naturam
1542 1724 1635 1789 intel·

56 1826 246 1909 substautiae3
268 1829 380 1908 tertio,
394 1835 506 1897 utrum
523 1849 642 1898 nomen
655 1831 810 1896 essentiae.
865 1831 1036 1896 lectualem
1057 1831 1098 1896 ab
1120 1831 1190 1895 aliis
1214 1830 1410 1910 unrocum,
1433 1831 1516 1895 sicut
1537 1850 1636 1915 supra

867 1944 1031 2005 ostensum
1054 1943 1101 2004 est
1125 1939 1164 2003 de
1187 1937 1366 2022 pluralitate
1392 1956 1602 2021 personarum
1626 1960 1633 2003 :

312 2061 492 2141 QUAESTIO
514 2065 540 2129 1.
866 2064 957 2129 0180,
970 2051 1030 2112 θῑθ·

907 2153 1000 2232 lum,
1022 2171 1159 2237 persona
1173 2152 1318 2218 nominat
1331 2152 1411 2217 mibi
1424 2151 1578 2217 ultimum
1599 2154 1635 2218 in

867 2280 985 2345 genere
1006 2260 1169 2325 rationalis
1190 2265 1343 2325 naturae:
1368 2261 1424 2325 sed
1447 2260 1634 2339 rationalis,

87 2365 199 2431 Utrum
212 2367 358 2433 debuerit
365 2369 531 2433 transferri
540 2388 656 2435 nomen
668 2388 812 2453 personae
866 2370 935 2435 sive
953 2368 1174 2433 intellectualis
1194 2371 1329 2447 natura,
1344 2372 1391 2431 est
1404 2367 1540 2432 nobilior
1552 2367 1636 2432 inter

56 2472 86 2536 td
101 2472 226 2553 divina;
243 2477 275 2539 et
287 2476 373 2558 quod
386 2495 506 2540 nomen
518 2495 662 2560 personae
675 2497 740 2543 non
754 2479 812 2543 de·
865 2481 981 2542 creata.
1002 2475 1042 2540 Et
1060 2493 1184 2555 rursus,
1198 2474 1352 2539 ultimum
1364 2474 1400 2538 iu
1420 2474 1474 2538 illa
1484 2478 1531 2539 est
1544 2492 1636 2539 com·

56 2584 121 2644 ›eat
140 2580 200 2645 dici
215 2581 251 2646 in
263 2582 391 2663 dionis,
406 2585 582 2649 ostenditur
596 2585 641 2648 sic
656 2607 665 2648 τ
679 2585 812 2667 Angus-
865 2584 1098 2669 pletissimum‚
1113 2583 1191 2667 quia
1204 2582 1234 2647 ei
1247 2582 1338 2647 nulla
1349 2587 1450 2666 potest
1462 2583 1532 2647 lieri
1545 2583 1636 2649 addi-

58 2697 134 2759 inus
145 2696 179 2760 in
191 2696 274 2762 libro
285 2697 325 2765 de
341 2701 511 2778 Trinitate,
522 2704 554 2763 et
564 2679 700 2762 habetur
710 2697 744 2761 in
758 2698 813 2762 lit-
865 2694 910 2757 tio
930 2710 1034 2774 :ergo
1052 2691 1248 2775 siquidquid
1262 2689 1481 2773 completionis
1498 2693 1561 2769 est,
1576 2709 1637 2773 po-

56 2820 133 2866 era:
160 2803 324 2870 «Dictum
346 2809 753 2888 armamentaria
776 2811 813 2870 ut
866 2801 1010 2866 nendum
1038 2803 1085 2864 est
1115 2799 1151 2863 in
1180 2798 1243 2864 lieo
1275 2797 1517 2881 propriissime,
1557 2815 1636 2880 ergo

56 2908 123 2973 llud
134 2909 302 2990 diceretur,
318 2913 373 2977 sed
385 2932 428 2977 ne
443 2917 611 2978 taceretur.
630 2935 646 2973 a
662 2912 750 2995 Ergo
761 2912 812 2979 vi·
865 2910 962 2991 patet,
976 2911 1037 2971 eit·

56 3021 137 3080 'etur
145 3018 231 3099 quod
242 3018 346 3084 solum
355 3019 395 3084 ad
406 3020 520 3102 fugam
531 3019 768 3096 haeteticom,
781 3023 814 3084 et
907 3014 1001 3091 Item,
1017 3031 1153 3096 persona
1169 3012 1246 3078 dicit
1262 3012 1472 3094 dignitatem
1493 3012 1579 3078 unde
1601 3013 1636 3077 in

56 3142 108 3189 ton
130 3126 308 3191 meandum
328 3125 496 3194 vanuum
514 3130 546 3191 et
567 3127 810 3212 proprietatem,
865 3121 1154 3204 eeclesiispersonae
1167 3120 1320 3186 dicuntur
1333 3119 1486 3211 babentes
1499 3119 1637 3202 dignita·

57 3232 166 3297 icatur
177 3250 314 3317 persona
327 3235 363 3298 in
377 3234 508 3299 divinis.
865 3234 930 3295 um
951 3230 1092 3312 aliquam
1107 3228 1301 3293 notabilem:
1315 3245 1394 3309 ergo
1408 3245 1484 3292 cum
1497 3227 1636 3309 dignitas

77 3344 110 3401 2.
134 3337 215 3403 Item
232 3340 293 3405 hoc
312 3341 418 3424 ipsum
440 3342 569 3406 videtur
585 3342 719 3419 mione,
736 3342 811 3426 quia
864 3336 1083 3420 propriissime
1091 3334 1259 3410 sitinlleo‚
1273 3351 1393 3398 nomen
1404 3352 1549 3416 personae
1563 3353 1636 3416 pro

57 3464 179 3511 ersona
198 3448 343 3513 nominat
358 3449 563 3532 particulare,
583 3454 614 3514 et
627 3450 811 3532 nonquod-
864 3445 1068 3528 priissimein
1082 3442 1145 3507 lieo
1159 3440 1343 3524 ponendum
1357 3446 1414 3505 ost.
1468 3510 1470 3513 ,
1543 3498 1551 3511 ,

57 3573 182 3638 umque
195 3602 203 3632 ‚
223 3557 279 3621 sed
291 3557 454 3621 rationalis
466 3561 592 3622 naturae
605 3575 614 3619 τ
628 3557 682 3621 sed
695 3576 715 3621 a
726 3576 812 3640 quo-

57 3681 182 3746 rmque
202 3668 387 3729 removetur
406 3665 575 3747 superius,
594 3669 626 3728 et
642 3664 775 3730 interius
799 3688 807 3732 ι
1120 3679 1374 3749 copciusli),

57 3789 133 3852 rgo,
151 3788 226 3835 cum
241 3770 276 3833 iu
289 3770 406 3835 divinis
418 3790 484 3835 non
501 3771 542 3835 sit
555 3772 658 3837 dicere
670 3773 807 3855 particu-

57 3896 111 3957 re,
127 3876 277 3942 similiter
291 3896 349 3942 nec
363 3879 424 3942 erit
437 3880 540 3944 dicere
549 3897 728 3961 personam.

68 3986 104 4047 3.
128 3983 234 4064 ltem,
258 3984 449 4068 particulare
469 3986 634 4050 rationalis
656 3991 810 4053 creaturae

57 4097 75 4156 t
101 4094 414 4176 compositissimum
442 4094 524 4157 inter
545 4095 651 4158 omnia
676 4099 807 4160 aream:

57 4228 108 4274 tm
127 4210 343 4292 compositum
357 4213 405 4274 est
417 4228 458 4274 cx
470 4209 644 4275 substantia
653 4210 810 4293 corporali
903 4196 996 4281 Resp.
1025 4198 1066 4262 fid
1091 4197 1228 4279 Argum·
1251 4193 1425 4259 ffifflssdssffl
1449 4191 1535 4274 (Ιῦθᾶ
1557 4209 1633 4274 per-

86 4317 258 4401 spirituali
287 4338 294 4382 2
322 4322 355 4383 et
379 4336 512 4395 rursus,
535 4316 707 4400 corporalis
726 4317 811 4381 inter
864 4325 943 4372 eona
955 4307 994 4372 de
1008 4307 1058 4371 sui
1067 4306 1190 4371 ratione
1203 4301 1490 4387 dicitsuppositum
1501 4300 1631 4364 distinc-

58 4442 148 4487 unes
161 4424 293 4489 videtur
302 4422 423 4488 habere
438 4427 592 4506 majorem
606 4425 811 4508 compositio-
862 4417 934 4479 tum
946 4414 1138 4497 proprietate
1150 4411 1190 4476 id
1201 4410 1391 4492 dignifaoeffl
1405 4407 1576 4491 Peffifleffl·
1594 4405 1634 4471 Et
1660 4431 1754 4503 remla

58 4550 101 4594 m
119 4553 128 4595 :
147 4548 231 4612 ergo
244 4549 318 4596 cum
336 4549 472 4613 persona
485 4531 525 4595 sit
539 4549 657 4596 nomen
669 4531 809 4614 particu—
863 4518 923 4582 l1⁰0
936 4521 1021 4601 Ρθῑθῐ
1037 4516 1073 4580 in
1085 4534 1144 4580 ⁹¹1⁸
1160 4512 1365 4597 etymologia,
1380 4516 1413 4575 θῑ
1425 4510 1460 4573 ῙΠ
1477 4509 1633 4592 aelimiti·
1647 4505 1754 4608 qm„

67 2213 112 2270 An
124 2230 215 2273 menen
227 2215 347 2274 Persona
357 2218 395 2275 ati
408 2217 503 2275 divina
516 2221 661 2289 transient
671 2219 764 2278 dotem
772 2220 792 2276 ¹.

864 3850 983 3906 Petne
1000 3863 1094 3904 maten
1107 3861 1161 3902 non
1174 3849 1332 3915 inocente,
1349 3843 1457 3917 Spiritu
1469 3848 1561 3901 sancto
1575 3844 1633 3900 dic-

901 3941 993 4008 tante,
1008 3937 1046 3994 od
1062 3938 1202 4009 supposito
1216 3934 1313 3990 moino
1326 3937 1365 3990 est
1380 3934 1560 3999 translatum,
1576 3949 1635 3989 cnm

900 4030 931 4084 in
944 4027 1137 4098 attentantes
1151 4030 1177 4082 et
1190 4022 1330 4082 distinctio
1343 4038 1405 4079 nere
1415 4026 1598 4096 reperiantur.

58 4751 66 4809 t
81 4762 229 4809 summa
238 4744 433 4827 simplicitas,
448 4749 533 4828 patet
546 4745 631 4826 quod
643 4744 679 4808 in
694 4745 810 4811 divinis
862 4740 917 4799 tur
935 4735 1029 4818 quasi
1042 4751 1099 4816 por
1113 4751 1147 4797 se
1161 4750 1228 4795 una
1245 4753 1252 4795 :
1269 4748 1326 4814 per
1342 4748 1376 4794 ee
1392 4733 1501 4793 autem
1515 4747 1631 4809 unum,

58 4872 86 4916 n
102 4856 242 4933 oportet
254 4851 316 4915 dici
329 4868 449 4915 nomen
460 4868 617 4933 personae.
863 4845 991 4932 proprie
1001 4846 1118 4910 dicitur
1130 4859 1246 4919 unum,
1262 4840 1348 4924 quod
1359 4844 1407 4905 est
1424 4840 1556 4904 omnino
1569 4840 1635 4904 dis-

58 4965 93 5023 i.
114 4957 225 5034 Item,
242 4957 398 5022 vocabula
414 4962 523 5023 nostra
539 4959 656 5023 debent
673 4977 809 5042 respon-
863 4955 1015 5019 sunctum
1038 4952 1078 5016 ab
1097 4950 1194 5024 aliis,
1220 4953 1253 5012 et
1279 4947 1315 5010 in
1341 4965 1375 5011 se
1401 4946 1631 5013 indistinctum.

58 5085 96 5131 re
113 5066 258 5146 graecb,
271 5069 309 5130 ut
320 5065 428 5129 unius
441 5065 513 5130 lidei
527 5067 712 5132 ostendatur
730 5091 737 5133 :
753 5069 809 5133 aad
863 5064 1016 5142 Rursum,
1025 5079 1161 5146 persona
1169 5055 1529 5139 muuuapersouamlo
1540 5057 1633 5139 quan

58 5174 131 5239 reci
152 5192 224 5238 non
235 5177 374 5237 utuntur
387 5173 556 5251 vocabulo,
569 5190 738 5258 prosapta,
752 5188 808 5260 ope
863 5191 921 5255 per
940 5190 973 5235 ee
991 5167 1169 5234 resonando
1189 5187 1196 5229 z
1221 5180 1370 5228 resomre
1388 5166 1496 5226 autam
1517 5162 1632 5226 dicitur

68 5302 122 5363 Cf.
135 5299 219 5350 Alex.
230 5299 325 5362 ilaus,
339 5311 365 5362 p.
385 5298 408 5361 1,
421 5312 446 5362 q.
465 5310 528 5362 uvir,
542 5299 638 5349 memb.
655 5305 663 5350 t
676 5315 684 5363 3
699 5302 809 5353 sst’ho-

59 5389 82 5436 a,
102 5387 134 5434 ρ.
152 5372 182 5434 ι,
200 5384 226 5434 q.
241 5381 314 5432 xxix,
327 5373 375 5420 art.
385 5372 413 5433 ³3
429 5373 455 5420 et
468 5372 477 5420 t
492 5371 572 5431 senc,
585 5370 644 5421 dut.
654 5383 731 5435 xxrn,
745 5385 771 5437 q.
782 5385 807 5439 1,
862 5375 892 5433 n;
906 5366 1035 5427 Richards
1051 5364 1060 5414 Ι
1075 5327 1227 5419 eatstan
1240 5369 1317 5417 xxm,
1331 5372 1358 5422 u·
1365 5369 1394 5439 μ
1410 5357 1502 5408 ruam.
1515 5359 1632 5423 argent,

72 5448 112 5506 23
134 5448 165 5493 et
173 5441 207 5491 de
218 5443 324 5503 Potest,
335 5454 360 5505 q.
370 5452 406 5505 tx,
416 5447 463 5492 art.
474 5445 488 5492 3
492 5456 502 5506 3
513 5442 599 5507 AEgid.
611 5444 714 5507 Rom.‚l
727 5444 806 5506 Sent,
863 5444 872 5492 1
883 5439 1032 5503 Sent.,diet.
1042 5443 1182 5497 11111,q.t‚
1194 5433 1264 5481 arti
1271 5445 1280 5493 3
1295 5429 1393 5511 Mareu.
1402 5429 1519 5492 inguen,
1531 5430 1539 5478 l
1553 5430 1632 5492 stat,

62 5556 71 5570 .
86 5525 184 5579 xxm,
201 5528 227 5581 q.
238 5525 258 5565 11
266 5528 275 5578 3
290 5512 403 5577 nanno,
416 5512 444 5564 in
456 5514 568 5578 &mmo
583 5517 632 5567 art.
642 5526 700 5580 uu,
713 5529 739 5581 q.
753 5519 765 5567 l
781 5519 808 5567 ot
863 5528 889 5582 q.
899 5523 974 5576 xxvi,
987 5512 1037 5563 art.
1047 5510 1071 5561 2.
1082 5532 1109 5544 -
1121 5505 1217 5569 'Auia
1230 5501 1261 5554 dt
1274 5501 1353 5566 Trito
1367 5499 1412 5551 Ιώ·
1426 5500 1471 5563 Ν,
1484 5513 1512 5552 ¹1·
1522 5503 1547 5551 Ἰ·
