4100 6300
819 493 954 563 SEGTIO
976 496 1015 562 ll.

865 712 964 803 gru.
1010 664 1013 669 ⁴

499 930 502 935 ·
580 892 620 960 In
633 914 758 961 sacram
776 891 980 984 Scripturam
997 891 1250 961 commentaria.

131 1046 133 1050 ’
163 1090 188 1153 1.
207 1091 379 1172 emortuo
393 1092 430 1155 n
443 1106 512 1172 cap.
532 1090 587 1155 rr.
604 1090 774 1172 uvaupeor
788 1091 824 1155 e.
840 1091 996 1156 uanum.
1012 1052 1078 1154 Ine.
1099 1091 1210 1158 marro
1224 1091 1301 1169 orec,
1314 1094 1373 1155 etc.

165 1196 206 1262 ll.
223 1198 263 1262 Iu
277 1198 486 1280 Euoupoliuuu
500 1199 603 1264 Luem.
617 1197 682 1262 lnc.
700 1199 842 1280 Spiritus
857 1200 999 1278 Domini,
1014 1203 1074 1262 etc.

161 1361 244 1428 Sunt
257 1363 361 1445 plura,
374 1381 449 1446 qum
463 1363 603 1427 maxime
616 1361 642 1426 N
644 1380 679 1427 os
688 1367 830 1441 movent,
844 1367 880 1426 ut
893 1367 1070 1443 utrumque
1079 1360 1140 1425 hoc
1150 1361 1173 1425 0
1176 1361 1348 1442 puseolum
1358 1361 1398 1424 ad
1412 1362 1614 1445 supposititia
1627 1364 1714 1428 able·

119 1488 256 1551 gemam
272 1475 373 1535 sante
386 1471 521 1550 diverso,
534 1489 607 1552 quae
618 1488 812 1552 magnopere
824 1469 962 1533 alliciant
976 1468 1051 1544 Nos,
1064 1472 1101 1532 ut
1111 1469 1194 1531 inter
1206 1468 1354 1549 legitima
1366 1466 1600 1535 Beneventurae
1613 1471 1716 1553 Opera

119 1595 354 1643 recenseamus.
370 1580 416 1642 Ac
429 1597 488 1641 nos
500 1578 688 1659 cumprimis
697 1596 797 1658 gravo
810 1576 925 1658 premit
937 1576 1158 1640 testimonium
1176 1575 1339 1639 Ptolomaei
1352 1574 1517 1657 Lucensis,
1532 1580 1583 1659 cuj
1588 1580 1714 1644 asmodi

119 1685 221 1749 verba
238 1688 335 1749 sunt¹
352 1702 361 1746 t
379 1684 492 1749 «Huic
512 1684 778 1772 (Bonaveuturae)
798 1683 945 1747 Urbanus
968 1682 1008 1747 Ill
1033 1683 1097 1747 duo
1111 1682 1286 1763 Evangelia
1302 1683 1472 1762 glossando
1490 1686 1713 1766 commiserat,

118 1792 172 1857 sed
185 1810 344 1856 excusans
357 1810 391 1857 se
404 1795 532 1875 propter
545 1792 698 1870 ottlcium,
715 1791 802 1873 quod
814 1790 962 1869 habebat,
976 1791 1054 1873 quia
1068 1788 1219 1871 Magister
1233 1790 1393 1855 Generalis
1409 1796 1487 1870 erat,
1503 1792 1588 1856 idem
1602 1792 1716 1857 Ductor

118 1899 266 1982 Aquinas
279 1899 449 1982 supplevit.
466 1920 481 1957 a

165 2006 229 2071 Sed
247 2010 284 2071 ut
301 2006 388 2090 Opus
404 2007 457 2070 vel
471 2007 577 2089 ipsum
591 2005 867 2089 introspiciamus,
888 2005 1087 2087 incomptum
1101 2009 1133 2068 et
1144 2006 1329 2072 inornatum
1342 2007 1468 2072 dicendi
1485 2025 1607 2090 genus,
1629 2010 1716 2090 quod

117 2114 180 2178 hoc
195 2115 234 2177 in
247 2114 406 2196 Opusculo
420 2113 677 2196 deprehenditur,
695 2114 771 2177 satis
783 2113 974 2195 suspicionis
987 2112 1086 2178 Nobis
1098 2113 1171 2192 dat,
1187 2118 1225 2177 ut
1239 2115 1387 2196 spurium
1400 2114 1636 2179 Beneventurae
1654 2117 1715 2180 ice-

117 2226 189 2285 tum
199 2222 397 2303 judicemus.
416 2220 579 2304 Frequens
592 2221 704 2285 deinde
719 2220 888 2303 Expositos
904 2222 967 2285 luit
980 2221 1014 2283 in
1028 2221 1161 2284 citandis
1174 2220 1333 2297 Sallustii,
1354 2220 1501 2300 Senecae,
1519 2221 1595 2286 tulii
1609 2222 1715 2287 Ceasa-

118 2330 179 2408 ris‚
202 2328 455 2407 Catonislibris,
475 2330 649 2412 aquibus,
669 2333 706 2392 ut
725 2331 908 2411 conjectura
924 2328 1162 2411 consequimur,
1186 2347 1219 2392 se
1239 2329 1369 2410 quidem
1391 2327 1617 2394 Bonaventura
1638 2348 1716 2395 con-

118 2436 229 2500 tinuit.

157 2543 329 2624 Ceterum,
349 2548 386 2609 ut
404 2544 549 2609 dicamus
567 2546 653 2627 quod
670 2562 722 2608 res
741 2547 805 2622 est,
827 2543 984 2607 habemus
1001 2543 1088 2623 alia„
1100 2561 1174 2627 quae
1192 2541 1256 2608 Nos
1273 2545 1308 2608 in
1326 2545 1504 2627 oppositam
1526 2546 1715 2609 sententiam

117 2651 319 2734 pertrahant.
342 2652 551 2732 deprimam
574 2651 711 2715 occurrit
730 2649 867 2714 loannes
886 2650 1083 2715 Trithemius
1104 2652 1140 2715 in
1163 2650 1305 2716 Indieulo
1328 2650 1587 2717 Bouaventurae:
1615 2654 1716 2735 Super

120 2760 276 2827 Oratimte
289 2759 469 2837 Dominioo,
482 2758 539 2833 tib.
553 2763 582 2822 1.
594 2759 634 2823 ln
645 2760 857 2841 Euuupclo‘um
868 2761 979 2836 Lucre,
997 2759 1053 2823 lto.
1067 2760 1096 2822 1.
1113 2760 1291 2822 Occurrunt
1303 2764 1456 2841 praeterea
1470 2808 1478 2835 ,
1492 2778 1567 2842 quae
1578 2744 1715 2824 Romani

118 2866 263 2932 Editores
277 2866 312 2929 in
325 2866 528 2946 Argumenta
542 2865 755 2947 Expositionis
771 2866 933 2947 ejusdem,
951 2871 1030 2929 tom.
1043 2870 1082 2941 i,
1100 2866 1316 2947 seripserunt:
1337 2891 1352 2926 u
1367 2866 1516 2931 Dicemus
1531 2868 1633 2949 igitur
1646 2871 1659 2949 j

119 2975 158 3038 de
170 2964 371 3056 expositione
383 2972 464 3038 inS.
480 2972 619 3049 Lucam,
635 2992 734 3055 quam
746 2975 817 3054 ejus
830 2991 974 3037 essenon
988 2974 1094 3038 solum
1107 2972 1304 3037 Trithemins
1315 2974 1472 3053 ostendit,
1489 2975 1543 3039 sed
1555 2976 1649 3057 plane
1660 2976 1716 3040 de-

118 3085 277 3146 monstrat
295 3081 459 3164 exemplar
476 3086 571 3144 vetus
582 3079 793 3162 Vaticanum,
813 3081 955 3164 itemque
973 3081 1168 3164 exemplaria
1185 3085 1335 3164 quatuor,
1355 3081 1390 3143 in
1412 3080 1524 3163 Belgio
1546 3082 1716 3165 diligenter

117 3195 304 3254 asservata:
327 3208 468 3272 quorum
481 3207 586 3254 unum
602 3194 649 3253 est
669 3190 894 3266 Gandavense‚
917 3190 1055 3253 alterum
1078 3187 1304 3268 Bruxellense,
1327 3189 1457 3253 tertium
1477 3189 1714 3271 Trajectinum,

117 3302 273 3380 quartum
291 3297 508 3362 lovaniense:
529 3315 604 3360 cum
618 3297 735 3378 quihus
749 3298 898 3361 omnibus
912 3297 990 3360 olim
1004 3317 1023 3359 a
1036 3295 1073 3360 E.
1089 3296 1221 3360 Matthia
1238 3295 1464 3375 Dordracensi,
1485 3295 1635 3361 Fratrum
1654 3297 1717 3361 Mi·

117 3423 237 3468 norum
255 3403 439 3468 Germaniae
456 3404 616 3478 interioris
632 3404 775 3469 Ministro
793 3403 1003 3483 Prouinciali,
1026 3404 1103 3467 olim
1127 3404 1240 3466 collata
1262 3421 1361 3485 quam
1383 3403 1624 3484 diligentissime
1644 3406 1716 3469 haec

117 3513 301 3594 expositio,
317 3530 402 3575 anno
416 3515 510 3591 1539,
525 3511 610 3594 typis
623 3512 908 3595 Antuerpiensibus
921 3512 1075 3576 concinne
1086 3513 1254 3604 impressa,
1271 3510 1369 3575 Paulo
1383 3511 1424 3575 Ill
1438 3511 1529 3577 Pont.
1544 3512 1628 3577 Max.
1644 3531 1716 3595 pro-

118 3619 178 3682 diit
192 3620 229 3683 in
246 3621 365 3684 lucem.
383 3619 433 3683 Ex
451 3621 692 3702 antuerpiensis
707 3620 869 3699 editionis,
887 3625 959 3702 apte
976 3626 1124 3702 recteque
1138 3618 1313 3683 'emendatae
1330 3620 1503 3702 exemplari
1517 3620 1715 3703 sumpsimus

116 3727 306 3810 exemplum
320 3728 360 3792 ad
376 3728 549 3792 editionem
568 3727 753 3793 Vaticanum
772 3728 874 3797 hanc,
895 3746 969 3811 quae
986 3728 1100 3792 melior
1112 3728 1223 3791 multis
1240 3728 1383 3809 partibus
1399 3727 1521 3792 reddita
1536 3733 1583 3791 est
1602 3747 1715 3793 exem-

117 3836 262 3917 plaribus
276 3854 405 3918 quoque
418 3821 498 3899 aliis.
513 3858 528 3896 a
547 3823 624 3900 Haee
636 3834 716 3915 Nos,
730 3841 841 3918 utpote
852 3837 909 3918 qui
924 3836 1005 3899 nihil
1019 3836 1224 3899 contemnere
1237 3835 1394 3914 solemus,
1415 3836 1508 3900 valde
1522 3836 1713 3918 prohibent,

116 3962 156 4007 ne
169 3947 228 4006 aut
241 3944 465 4024 dextrorsum,
485 3948 542 4008 aut
554 3943 772 4008 sinistrorsum
784 3945 995 4022 inclinemus;
1011 3944 1067 4008 sed
1080 3962 1235 4026 suspenso
1255 3962 1444 4007 maneamus
1454 3943 1598 4025 judicio,
1615 3944 1715 4009 donec

117 4051 236 4115 ueritas
252 4051 348 4115 nobis
363 4051 527 4132 affulgeat.

155 4157 282 4223 Prodiit
293 4157 530 4242 Venetiisapud
544 4157 751 4230 Franciscum
764 4157 951 4223 Saluianum
964 4164 1063 4237 liii,
1078 4163 1155 4223 teste
1168 4158 1282 4224 Johan.
1298 4178 1318 4222 a
1332 4158 1365 4223 S.
1380 4159 1519 4223 Antonio
1530 4161 1553 4222 ³.

155 4265 241 4332 Tum
262 4267 466 4349 antuerpia,
487 4286 565 4330 cura
584 4273 615 4330 et
633 4268 736 4331 studio
753 4266 805 4330 Fr.
825 4265 938 4330 lohan.
957 4266 1098 4331 Mahusii
1116 4266 1189 4331 Ord.
1212 4266 1288 4329 Min.
1311 4266 1397 4348 apud
1415 4265 1606 4347 Gregorium
1627 4264 1715 4329 Bon-

116 4375 219 4454 tium,
236 4378 319 4438 1539
329 4424 338 4453 ,
350 4374 438 4453 iri-8,
453 4378 490 4438 ut
502 4392 544 4438 ex
557 4374 653 4438 Catal.
670 4374 749 4438 Bibl.
764 4374 873 4455 Reglae
888 4373 985 4437 Paris
1001 4375 1132 4456 liquet⁸.
1154 4374 1235 4437 Hinc
1248 4373 1408 4437 Romanos
1427 4373 1563 4437 editores
1577 4373 1713 4453 corrigi-

117 4502 211 4558 mus,
228 4483 308 4565 qui,
324 4485 361 4545 ut
377 4487 450 4544 ante
467 4482 627 4558 diximus,
647 4481 818 4545 editionem
835 4482 918 4544 hanc
933 4481 1200 4563 Autuerpiensem
1217 4481 1388 4544 tribuerint
1403 4479 1456 4543 Er.
1477 4480 1618 4543 llatthiae
1636 4481 1713 4543 llor-

118 4589 275 4653 dracensi.
293 4587 364 4652 Non
378 4594 424 4658 est
436 4589 499 4666 ite;
515 4607 609 4667 nam,
622 4593 659 4652 ut
671 4607 712 4652 ex
725 4587 863 4670 Epistola
876 4591 1111 4669 nuncupatoria
1125 4589 1258 4670 praellxa
1271 4587 1513 4653 Commentariis
1526 4587 1562 4649 in
1575 4586 1713 4665 Lucam,

118 4697 157 4760 ed
174 4696 229 4760 Fr.
248 4694 400 4760 eumdem
419 4695 690 4775 Matthiamdata,
708 4695 857 4776 colligere
875 4696 1011 4777 quisque
1030 4698 1148 4777 potest,
1168 4713 1255 4782 unus
1274 4695 1335 4759 fuit
1353 4693 1538 4774 Mahusius,
1557 4696 1614 4777 qui
1629 4695 1715 4760 hano

119 4807 261 4886 spartam
276 4802 451 4867 adornauit.
1010 4860 1012 4864 ,

158 4909 359 4993 Impressum
372 4928 503 4993 quoque
514 4908 724 4975 imtVenetiis
742 4910 827 4993 apud
839 4907 973 4973 Petrum
987 4911 1026 4975 de
1039 4908 1231 4989 Franciscis,
1247 4912 1343 4988 1571,
1360 4908 1445 4974 in·8.
1465 4909 1575 4974 Exstat
1585 4909 1621 4973 in
1638 4927 1716 4974 nos-

118 5014 325 5083 molineaus
337 5016 418 5083 Bibl.

810 5159 1026 5204 effluentum.

155 5300 227 5356 Sans
238 5297 327 5372 avoir
339 5297 368 5355 le
380 5297 464 5355 loisir
475 5296 512 5354 de
524 5301 703 5355 commentar
716 5314 752 5355 en
764 5298 854 5356 entier
868 5298 947 5356 deux
962 5298 999 5356 de
1012 5314 1070 5357 nos
1085 5303 1187 5374 quatre
1205 5299 1359 5372 Evangiles
1366 5340 1376 5370 ,
1391 5299 1468 5357 saint
1480 5302 1683 5357 Bonarenture
1697 5315 1715 5357 a

120 5412 161 5471 pu
173 5401 295 5454 nourer
308 5395 336 5453 le
349 5399 444 5471 temps
458 5394 524 5453 d’en
538 5395 692 5470 expliquer
706 5397 849 5472 quelques
863 5398 1008 5473 chapitres
1022 5398 1214 5473 particuliers.
1237 5402 1274 5458 Le
1288 5403 1355 5457 tour
1374 5415 1433 5473 que
1447 5398 1544 5473 prend
1558 5403 1641 5457 notre
1656 5397 1713 5455 cri·

155 5514 237 5566 tutet.
248 5511 348 5575 erclen,
362 5527 384 5563 c.
395 5523 473 5563 xxlll.
483 5538 514 5550 -·
526 5512 534 5542 ²
545 5510 612 5564 utut.
625 5512 728 5567 Erunt..
741 5516 806 5564 tom.
824 5515 833 5563 l
840 5550 850 5578 ,
862 5528 891 5579 p.
904 5517 958 5568 156.
973 5516 1027 5552 -⁸
1041 5516 1110 5566 Part.
1122 5516 1143 5565 l.
1159 5514 1285 5580 Tteolop,
1298 5529 1324 5580 p.
1339 5518 1394 5579 131,
1409 5515 1460 5566 ool.
1472 5519 1496 5568 1.
