4100 6300
891 502 1001 579 VITA,
1692 525 1737 576 xv

141 640 291 707 omnium
313 642 479 725 suffragiis
497 642 617 725 dignus
639 641 825 717 haberetur,
845 639 903 723 qui
921 637 1038 703 ioanni
1059 636 1224 709 Parmensi
1246 638 1406 709 Minorum
1425 638 1570 711 Generati
1593 641 1737 713 Ministro

139 748 335 813 succederet.
351 749 450 829 Rem,
466 750 738 832 quemadmodum
751 751 890 831 oportet,
907 749 1054 811 accurate
1068 747 1215 828 exposuit
1227 744 1428 828 Waddingus
1440 755 1462 812 ¹.
1478 748 1559 812 Cum
1573 749 1738 830 dignitatis

138 860 316 936 pertaesus,
333 861 364 927 ct
378 858 498 923 mirum
511 858 545 920 in
558 857 692 921 modum
707 857 876 922 divexatns
887 857 968 917 esset
980 851 1180 932 Parmensis,
1196 852 1370 919 Alexandri
1381 854 1422 919 lt
1436 857 1565 923 monitis
1577 860 1608 920 et
1618 857 1737 923 suasio·

138 963 238 1026 nibus
250 1012 258 1039 ,
275 964 438 1045 generalia
457 964 585 1029 comitia
598 964 792 1031 coadunavit
806 961 916 1027 Romae
929 982 1014 1028 anno
1028 966 1125 1042 1156,
1141 967 1181 1027 tt
1193 981 1294 1033 nonas
1306 962 1469 1033 februarii.
1485 961 1609 1039 Quibus
1621 962 1736 1031 111111-

138 1070 262 1149 ductis,
287 1076 435 1137 causatus
448 1072 510 1136 luit
524 1072 667 1153 primurn
681 1091 714 1135 se
732 1071 806 1153 plus
819 1070 918 1139 nimio
937 1069 1037 1134 Oltlcii
1051 1088 1147 1135 onere
1166 1070 1289 1152 premi,
1309 1069 1432 1151 sibique
1445 1069 1546 1134 videri
1559 1070 1736 1141 substinere

137 1193 222 1241 onus
235 1176 330 1241 AEtna
342 1178 484 1260 gravius.
510 1178 654 1261 itemque
669 1177 791 1260 ingenii
803 1176 1071 1255 imbecillitatem,
1096 1182 1192 1259 atque
1204 1181 1331 1240 centem
1340 1179 1409 1259 jam
1424 1194 1523 1259 prope
1536 1181 1640 1241 actam
1659 1196 1736 1242 can-

137 1283 292 1365 sabatur3
308 1285 360 1349 cui
371 1285 521 1368 quamvis
533 1289 754 1368 repugnarent
768 1282 875 1347 Patres
883 1331 893 1363 ,
911 1282 1092 1347 Parmensis
1104 1288 1211 1347 tamen
1226 1287 1301 1347 vota
1313 1284 1460 1361 audiere,
1475 1288 1505 1353 et
1520 1284 1679 1349 Generalis
1690 1285 1736 1350 di·

136 1391 316 1471 gnitatem,
332 1393 385 1457 cui
399 1392 451 1456 ille
464 1392 555 1461 nulla
568 1393 719 1458 inductus
730 1393 765 1454 vi
778 1391 931 1461 nuntium
949 1390 1099 1467 miserat,
1114 1389 1347 1459 Bonaventurae
1356 1393 1425 1473 jam
1439 1394 1508 1461 tum
1523 1393 1645 1462 absenti
1656 1411 1735 1459 oon·

135 1498 293 1564 tulerunt.
316 1497 377 1562 Ubi
390 1517 424 1562 se
438 1498 478 1567 ad
492 1498 618 1564 Ordinis
630 1498 850 1580 gubernacula
864 1498 1070 1578 designatum
1085 1498 1240 1567 intellexit
1251 1496 1495 1577 Bonaventura,
1511 1499 1624 1573 restitit
1637 1517 1735 1587 quam

135 1605 281 1671 maxime
291 1606 413 1693 potnit,
428 1609 461 1669 at
472 1623 538 1670 non
550 1606 685 1688 pervicit
697 1610 816 1671 tamen.
833 1603 997 1688 Siquidem
1012 1603 1046 1667 S.
1062 1604 1096 1669 P.
1113 1611 1236 1683 coactu,
1256 1604 1450 1687 Patremque
1461 1605 1650 1687 efflagitatu,
1663 1625 1736 1687 gra-

134 1730 213 1775 vem
227 1712 287 1775 sibi
299 1711 499 1795 provinciam
518 1711 731 1785 concreditam
750 1712 801 1775 vel
820 1712 942 1783 invitus
962 1712 1110 1797 suscepit.
1134 1711 1185 1775 Sic
1202 1711 1255 1777 ille
1273 1712 1425 1777 universo
1446 1711 1557 1783 Ordini
1573 1714 1735 1792 scribens,

135 1818 205 1883 ait:
226 1817 339 1883 «Licet
357 1818 617 1885 insufficientiam
637 1818 795 1884 maamad
816 1819 983 1887 serendum
1001 1836 1085 1883 onus
1098 1819 1286 1905 impositum
1306 1837 1532 1900 cognoscerem
1551 1821 1734 1903 manifeste,

134 1944 195 2008 per
208 1926 403 1991 debilitatem
418 1927 578 2008 corporis,
593 1925 866 2009 imperfectionem
880 1927 1017 2005 mentis,
1038 1926 1305 2009 inexperientiam
1322 1927 1473 2005 actionis,
1496 1932 1528 1991 et
1545 1946 1735 2010 repugnan-

133 2032 216 2096 tiam
231 2032 426 2097 voluntatis:
447 2034 524 2115 quia
537 2038 646 2096 tamen
659 2033 778 2096 durum
791 2038 837 2096 est
852 2039 963 2097 contra
979 2034 1149 2097 stimulum
1164 2033 1328 2098 calcitrare
1341 2038 1438 2098 tantae
1454 2036 1733 2116 congregationis,

134 2144 168 2203 ct
186 2138 316 2204 Summi
335 2139 516 2217 PontitlciS,
539 2159 576 2203 ac
592 2158 648 2222 per
662 2139 740 2219 hoc,
760 2145 792 2203 et
811 2140 966 2203 Altissimi
983 2140 1038 2205 Dei
1060 2140 1219 2205 voluntati
1236 2141 1439 2223 pertinaciter
1455 2141 1650 2218 resistendo,
1666 2161 1734 2206 sar-

134 2246 217 2310 cinae
232 2247 327 2329 gravi
341 2251 373 2312 et
384 2246 477 2330 quasi
489 2246 686 2329 importabili
699 2245 853 2310 humeros
864 2248 1020 2329 supposui
1034 2247 1226 2326 imbecilles,
1241 2266 1371 2330 sperans
1382 2247 1420 2311 de
1434 2248 1594 2330 adjutorio
1606 2249 1735 2314 virtutis

136 2353 392 2438 Omnipotentis,
408 2359 440 2418 et
453 2353 615 2418 conlidens
629 2353 668 2417 de
682 2352 876 2419 adminiculo
890 2358 1005 2418 vcstrae
1017 2354 1236 2418 sollicitudinis
1249 2354 1283 2417 in
1298 2354 1437 2437 idipsum
1446 2363 1469 2429 ²,
1483 2377 1499 2414 1

177 2459 292 2526 Statim
311 2468 349 2526 ut
366 2460 625 2552 onerihumeros
641 2461 811 2543 supposuit
832 2459 1093 2544 taPatrihusne,
1113 2481 1155 2526 an
1173 2461 1214 2525 ab
1237 2460 1419 2526 Alexandro
1440 2460 1472 2527 S.
1489 2462 1524 2527 P.
1540 2464 1730 2542 accersitus,

134 2568 310 2651 ignoratur
323 2568 479 2651 omnino),
495 2566 666 2649 Parisiensi
679 2568 788 2631 relicta
799 2566 1023 2649 Universitate,
1040 2569 1074 2632 in
1088 2568 1211 2633 ltaliam
1224 2569 1431 2650 demigravit.
1448 2569 1507 2634 Ubi
1521 2569 1654 2635 Romam
1668 2589 1732 2635 aes-

135 2680 202 2741 tate
222 2677 386 2759 pervenit,
408 2676 577 2757 diligenter
598 2674 766 2756 inquisivit
781 2675 816 2739 in
833 2694 890 2755 ea,
913 2693 987 2758 quae
1007 2680 1077 2739 tum
1097 2675 1268 2740 adversum
1289 2674 1512 2758 Parmensem‚
1532 2683 1603 2742 tum
1623 2683 1733 2743 oontm

135 2784 284 2866 ejusdem
297 2783 400 2848 socios
410 2782 549 2849 inaniter
563 2782 790 2849 tundebantur.
804 2781 864 2858 Qui
879 2781 1095 2862 Parmensem‚
1108 2781 1224 2848 Virum
1236 2785 1420 2867 ceteroquin
1433 2785 1472 2849 de
1483 2790 1568 2849 recta
1579 2786 1641 2849 tlde
1652 2786 1733 2850 bene

136 2891 328 2955 sentientem
343 2891 455 2973 iniquo
468 2889 611 2954 terebant
626 2889 755 2966 animo,
773 2907 840 2952 non
860 2889 1053 2954 mediocrem
1066 2890 1112 2954 illi
1126 2890 1279 2955 invidiam
1296 2892 1533 2968 conflaverant,
1550 2893 1734 2975 oincientes

136 3017 215 3063 eum
226 2999 299 3081 plns
311 3016 418 3082 aequo,
431 2998 466 3061 in
477 2997 640 3061 Trinitatis
652 2996 793 3077 negotio,
806 2995 972 3062 toachimo
983 2997 1101 3061 Abbati
1115 2997 1275 3062 addictum
1287 2999 1395 3063 luisse.
1405 2997 1526 3073 Verum
1537 2998 1617 3082 quid
1628 2998 1661 3062 in
1674 2999 1733 3063 hac

133 3124 172 3170 re
185 3104 366 3174 Parmensis
381 3104 523 3186 senserit,
539 3102 657 3188 quidve
670 3101 896 3170 bonaventura
907 3106 1020 3187 egerit,
1036 3122 1103 3170 non
1114 3109 1171 3185 est,
1186 3123 1244 3170 cur
1256 3105 1309 3170 hic
1320 3106 1520 3190 potissimum
1533 3107 1734 3176 Annalistam

133 3219 287 3278 nostrum
302 3214 532 3278 exscribamus.

176 3320 246 3385 Sub
260 3321 345 3384 idem
357 3339 486 3404 quoqne
499 3320 671 3402 temporis,
688 3319 864 3384 Alexandri
876 3318 1041 3402 111111,
1057 3319 1284 3385 Parisiensium
1296 3325 1329 3386 et
1340 3320 1587 3386 Mendicantium
1601 3340 1732 3387 concer-

130 3429 251 3494 tationi
262 3430 423 3512 Anagniae
443 3446 552 3493 mense
569 3427 742 3510 septembri
755 3427 875 3492 habitae
888 3428 1045 3492 interluit.
1061 3428 1106 3493 Eo
1118 3429 1251 3511 quidem
1264 3430 1403 3494 vesaniae
1414 3434 1608 3513 processerat
1617 3449 1681 3509 res,
1694 3435 1730 3496 ut

130 3535 318 3600 Academici
335 3554 401 3600 non
419 3536 514 3600 modo
532 3535 700 3600 virulentae
718 3534 843 3616 lingum
863 3534 935 3599 telis
953 3539 1097 3617 peterent
1114 3535 1348 3610 Mendicantes,
1368 3537 1424 3601 sed
1441 3536 1512 3602 illos
1525 3538 1621 3601 eliam
1636 3538 1733 3621 pesti-

129 3643 319 3709 lentissimis
336 3644 460 3728 scriptis
475 3644 716 3734 insectarentur.
736 3641 934 3726 Quapropter
951 3661 1004 3707 res
1017 3644 1059 3708 ab
1077 3644 1260 3709 Alexandro
1278 3645 1312 3708 in
1328 3644 1488 3729 judicium
1502 3646 1638 3711 adducta
1650 3647 1731 3726 luit,

130 3770 171 3815 ac
192 3751 362 3835 utriusque
391 3750 535 3816 factionis
563 3748 724 3831 Magistris
746 3750 947 3830 convocatis,
970 3750 1057 3816 diem
1080 3769 1186 3816 causae
1206 3752 1399 3834 peragendae
1423 3752 1516 3817 dixit.
1547 3752 1733 3819 dationibus

129 3860 289 3942 utrinque
302 3858 488 3944 propositis,
503 3857 619 3940 hisque
633 3876 653 3921 a
669 3855 821 3922 Pontitlce
834 3876 928 3940 aeqno
942 3863 1107 3925 momento
1120 3860 1265 3938 libratis,
1284 3861 1346 3925 hoc
1361 3861 1414 3924 ille
1432 3860 1565 3926 demum
1573 3861 1733 3944 judicium

131 3965 376 4049 pronuntiavit,
400 3969 438 4029 nt
459 3964 620 4043 libellum,
647 3981 744 4046 quem
768 3968 877 4029 contra
906 3965 1119 4032 Mendicantcs
1139 3967 1234 4033 stulte
1256 3968 1509 4051 conscripserant
1529 3968 1731 4047 Academici,

129 4073 276 4138 flammis
290 4072 528 4155 cimmeriisque
540 4070 680 4136 tenebris
692 4071 863 4136 traderent.
882 4070 987 4139 Placet
1000 4075 1114 4141 audire
1125 4075 1283 4159 aqualem
1294 4076 1333 4140 dc
1343 4075 1403 4139 hac
1413 4093 1449 4139 re
1457 4075 1663 4142 disserentem
1673 4081 1734 4142 tes-

128 4185 200 4244 tem
215 4181 305 4244 omni
322 4180 385 4244 ilde
398 4179 536 4261 dignum
549 4177 706 4243 Thomam
724 4179 1020 4263 Cantimpratanum
1035 4202 1044 4245 ε
1065 4182 1222 4248 «Litteras
1234 4182 1463 4263 infamatorias,
1477 4182 1588 4265 plenas
1600 4184 1733 4250 menda·

128 4288 190 4352 ciis
202 4292 315 4352 canna
329 4286 427 4352 dictos
443 4285 568 4351 Fratres
582 4305 639 4369 per
650 4286 778 4350 diversa
789 4287 859 4351 loca
872 4291 905 4352 et
917 4307 1019 4369 regna
1034 4289 1190 4358 miserunt
1202 4289 1395 4354 Academici.
1410 4288 1484 4355 Post
1497 4290 1555 4354 has
1568 4294 1601 4354 et
1612 4291 1732 4356 librum

127 4394 399 4459 nefandissimum
412 4394 635 4476 compilarunt,
643 4394 699 4477 qni
709 4393 753 4457 sic
765 4394 874 4476 incipit
888 4417 895 4459 :
913 4419 928 4454 a
937 4396 1017 4460 Ecce
1031 4397 1176 4462 videntes
1189 4397 1373 4460 clamabunt
1383 4396 1476 4475 loris;
1492 4418 1508 4456 1
1527 4397 1656 4470 titulum
1670 4399 1730 4464 ha-

127 4502 234 4566 bens:
251 4502 297 4567 De
310 4501 463 4585 periculis
477 4502 726 4567 coemeteriorum
744 4502 968 4587 comparanto)
987 4523 995 4568 :
1015 4505 1133 4588 inquo
1151 4503 1252 4582 libro,
1267 4504 1382 4585 spiritu
1400 4503 1552 4586 nequitiae
1568 4509 1599 4569 et
1612 4524 1731 4571 vesano

128 4610 284 4692 praelatos
298 4608 430 4673 Ordines
443 4609 580 4688 elidere,
598 4612 629 4672 et
642 4609 804 4673 destruere
823 4609 1018 4673 nitebantur.
1039 4605 1102 4684 Oui
1122 4606 1213 4686 liber,
1229 4605 1365 4689 qualiter
1378 4606 1497 4686 cltatis,
1513 4611 1545 4673 et
1557 4608 1677 4672 vocatis
1691 4609 1731 4678 ad

129 4716 266 4781 Curiam
279 4720 313 4780 et
327 4717 530 4799 presentiam
544 4716 576 4780 S.
593 4715 628 4781 P.
644 4715 736 4779 dictis
753 4716 934 4797 magistris,
953 4715 1123 4781 damnatus
1141 4714 1199 4793 sit,
1220 4718 1253 4778 et
1269 4713 1472 4791 combustus,
1488 4730 1555 4779 non
1572 4714 1679 4781 solum
1697 4717 1731 4781 in

128 4823 203 4903 ipsa
216 4822 332 4900 Curia,
353 4823 407 4887 sed
421 4826 453 4887 et
466 4822 593 4887 Parisiis
606 4841 714 4887 coram
728 4821 949 4887 Universitatis
960 4820 1168 4887 multitudine
1181 4821 1327 4904 copiosa,
1347 4818 1426 4884 scire
1438 4821 1573 4903 poterit,
1591 4823 1647 4904 qui
1662 4824 1730 4888 col·

130 4929 286 5008 ledones,
305 4934 337 4993 et
352 4930 581 5018 disputationes
595 4930 730 5012 legerit,
749 4931 909 5018 praecipne
929 4936 1040 4998 contra
1055 4930 1232 5011 magistros
1252 4932 1391 5014 quatuor
1408 4930 1561 5012 incapite
1577 4931 1730 5000 adversa-

130 5038 215 5114 rios;
230 5037 461 5120 disputationes
474 5055 604 5120 qnoque
616 5037 652 5101 D.
666 5036 815 5118 Hugonis
828 5037 935 5103 Presb.
950 5037 1041 5103 Gard.
1053 5037 1107 5103 Fr.
1122 5038 1196 5104 Ord.
1211 5036 1474 5114 Praedicatorum3
1490 5037 1526 5102 n.
1542 5036 1729 5104 Richardi...

131 5142 197 5209 Sed
210 5149 242 5214 et
255 5143 310 5209 Fr.
324 5143 557 5211 bonaventurae
577 5144 738 5220 Generalis
756 5144 891 5210 Ministri
910 5145 1037 5213 Ordinis
1049 5144 1200 5216 Fratrum
1217 5143 1397 5226 Minorum,
1415 5150 1446 5211 et
1461 5145 1731 5216 maximarum-

162 5309 262 5359 ¹Tom.
275 5308 295 5358 ΙΙ
310 5306 417 5372 dunat,
430 5308 463 5358 ad
473 5321 534 5357 ann.
548 5309 618 5373 1116,
631 5321 659 5358 1.
669 5320 691 5359 11
705 5310 731 5358 et
744 5321 817 5373 seqq.

161 5398 175 5433 ¹
185 5397 215 5447 ln
229 5398 314 5462 Epist.
325 5396 450 5463 encyclico
462 5397 496 5448 ad
505 5396 620 5449 univers.
631 5398 687 5449 ord.
703 5397 770 5449 1111.

165 5505 199 5569 (a)
215 5504 335 5556 L'auteur
343 5505 376 5556 de
386 5519 416 5556 ce
425 5504 542 5557 mauvais
551 5519 666 5572 ouvrage
682 5505 744 5564 etait
757 5502 898 5566 Guillaume
909 5505 942 5566 de
955 5505 1149 5562 saint-Amom.
