4100 6300
782 517 919 586 SHCTIO
939 517 993 584 111.
1631 539 1684 586 nx

84 656 242 740 inquiunt
253 664 277 735 ¹,
292 655 347 721 sed
359 656 430 720 eliis
451 655 563 719 multis
584 655 777 719 Auctoribus
790 673 883 737 esque
898 655 976 720 falso
994 657 1155 721 tributum
1174 658 1251 737 luit,
1267 657 1434 721 Ambrosio
1453 655 1685 736 1101111110-

85 782 199 848 nyma,
216 764 409 847 Augustino,
424 763 669 828 Beneventurae.
685 764 887 845 Quamquam
901 763 986 845 apud
1001 763 1234 846 Hieronymum
1244 783 1310 829 non
1322 769 1406 828 tobis
1415 767 1528 843 exstat,
1543 763 1597 828 sed
1610 767 1685 828 tan-

83 878 156 936 tum
171 891 276 954 usque
288 872 329 936 ad
342 872 441 936 verba
452 889 527 954 pag.
545 875 596 935 71.
612 871 687 936 Hac
704 872 903 952 omniaque
913 869 1073 952 predicta
1090 877 1177 950 cunt,
1191 879 1260 948 eta,
1280 872 1428 956 apudque
1445 872 1550 955 ipsum
1571 871 1683 935 inscri-

82 978 184 1059 bitur,
206 979 245 1045 da
261 979 314 1045 iris
329 996 401 1062 qua
417 980 478 1044 lieo
496 981 534 1044 in
545 979 724 1061 sumptum
747 978 988 1056 adtribuuntur,
1004 982 1063 1042 etc.
1079 979 1172 1061 Apud
1193 980 1383 1043 Ansclmum
1404 1002 1411 1042 :
1430 978 1470 1044 rte
1485 981 1684 1046 uestimentis

83 1093 113 1153 et
134 1087 333 1153 11101111τί101
353 1084 479 1152 actibm
501 1086 564 1151 1100
586 1085 729 1153 tributis.
752 1086 846 1167 Apud
870 1084 1148 1165 Beneventanum
1173 1087 1211 1152 da
1234 1089 1373 1154 essentia
1393 1093 1424 1154 et
1437 1087 1634 1153 invisibilum
1654 1093 1685 1153 at

83 1195 304 1261 immanitate
320 1193 390 1259 bei.
410 1193 446 1256 11
467 1192 542 1256 Mss.
556 1190 709 1256 Vaticano
731 1198 763 1256 et
775 1192 940 1257 Victorino
953 1193 1013 1256 sub
1026 1194 1201 1274 Augustini
1223 1194 1355 1258 nomine
1373 1193 1504 1258 titulum
1524 1194 1630 1273 habet,
1645 1193 1685 1260 da

82 1303 228 1368 essentia
251 1300 483 1368 divinitatiset
505 1298 544 1364 cte
560 1300 788 1365 invisibilitate
807 1305 904 1382 atquc
927 1301 1247 1370 incommutabilitate
1271 1303 1339 1368 liei.
1363 1301 1471 1366 Prima
1490 1305 1522 1365 et
1540 1302 1684 1366 maxima

81 1425 158 1491 pars
171 1408 249 1472 libri
262 1427 303 1472 ex
317 1407 465 1471 Eucherii
476 1406 701 1489 Lugdunensis
714 1424 809 1490 opere
818 1407 858 1470 de
869 1407 1016 1470 formulis
1026 1409 1176 1490 spiritalis
1188 1409 1407 1490 inteligentiae
1423 1412 1529 1472 sumta
1542 1409 1684 1474 continet

80 1519 188 1579 totum
205 1518 302 1598 caput
315 1516 458 1599 ejusdem
476 1513 586 1597 Operis
599 1514 759 1596 primum,
775 1515 860 1598 quod
873 1520 921 1579 est
934 1515 972 1579 de
990 1515 1107 1579 divinis
1120 1516 1316 1580 nominibus.
1335 1537 1351 1575 r
1367 1515 1526 1579 Hactenus
1541 1514 1683 1581 Editores

81 1621 225 1704 Operum
239 1621 273 1688 S.
288 1622 479 1704 Augustini3
493 1620 613 1704 quibus
632 1620 754 1686 addunt
769 1621 911 1687 Editores
930 1621 1071 1705 Operum
1094 1622 1126 1687 S.
1143 1622 1351 1706 Hieronymi:
1373 1646 1388 1684 1
1402 1622 1466 1687 Nos
1483 1622 1646 1704 (inquiunt
1659 1625 1680 1702 ¹)

80 1730 116 1793 in
128 1730 353 1794 Ambrosianae
367 1727 571 1793 Bibliotheca
586 1729 685 1792 veteri
698 1727 755 1792 Hs.
775 1729 804 1792 A
817 1728 865 1793 lit.
881 1734 912 1793 et
922 1748 1015 1793 num.
1035 1728 1171 1794 XLVlll.
1186 1733 1364 1812 prenotato
1383 1729 1572 1811 inscriptum
1585 1729 1681 1793 inve-

83 1837 204 1917 nimus,
221 1835 386 1901 Sententia
398 1835 432 1901 S.
447 1834 640 1917 Hieronymi
653 1834 691 1899 de
708 1837 845 1901 essentia
855 1837 1031 1903 divinitatis
1050 1836 1117 1917 Dei,
1132 1842 1165 1902 et
1183 1837 1415 1918 invisibilitate,
1429 1842 1526 1918 atque
1539 1837 1679 1902 immen-

83 1943 175 2008 sitate
188 1945 306 2025 eius.»
1326 2000 1331 2016 .

122 2052 164 2115 At
177 2052 236 2134 qui
249 2052 398 2116 omnium
420 2052 545 2135 primus
565 2051 762 2135 opusculum
784 2052 884 2115 hoca
906 2050 1056 2132 tlatalogo
1078 2049 1218 2134 Operum
1239 2049 1272 2116 S.
1297 2051 1484 2135 Hieronymi
1508 2052 1681 2135 expunxit,

85 2156 266 2222 Desiderius
279 2160 340 2223 fuit
353 2158 504 2223 Erasmus
517 2158 758 2235 Roterodamus‚
773 2158 831 2240 qui
845 2176 919 2222 cum
932 2157 1121 2242 Hieronymi
1134 2159 1306 2241 ingenium
1324 2160 1359 2222 in
1371 2160 1427 2223 illo
1445 2178 1513 2225 non
1525 2165 1679 2239 cerneret,

86 2265 125 2328 ad
138 2266 343 2347 supposititia
354 2267 514 2348 ablegavit
527 2271 550 2328 ⁸.

127 2371 288 2437 Eucherio
301 2373 408 2455 itaque
428 2373 649 2456 archipraesuli
662 2372 874 2455 lugdunensi
893 2373 1094 2452 adscribitur,
1109 2373 1186 2456 qui,
1201 2379 1238 2438 ut
1248 2375 1311 2439 late
1320 2378 1416 2457 juxta
1429 2423 1438 2450 ,
1458 2393 1496 2439 ao
1512 2373 1601 2441 docte
1618 2376 1685 2440 dis-

87 2480 185 2544 seruit
198 2479 396 2563 ‘lhcophilus
413 2479 631 2563 Raynaudust
646 2480 758 2545 floruit
777 2480 891 2563 quinto
912 2481 1058 2545 Hcclesiae
1076 2482 1195 2547 seculo.
1217 2481 1249 2547 Si
1272 2483 1363 2564 cupis
1389 2499 1518 2546 noscere
1539 2483 1685 2548 libellum

87 2586 255 2662 Eucherii,
271 2587 357 2651 unde
372 2588 572 2671 suppositum
584 2589 645 2652 hoc
657 2588 849 2670 opusculum
862 2589 1069 2671 desumptum
1087 2589 1165 2668 luit,
1186 2589 1262 2653 audi
1275 2586 1462 2671 Philippum
1477 2589 1620 2654 Labeum
1639 2590 1684 2655 ita

86 2695 275 2759 scribentem
287 2701 297 2735 ³
311 2714 319 2757 :
337 2694 430 2761 liber
442 2696 666 2761 Fornularum
680 2696 865 2776 spiritualis
882 2696 1121 2780 intettiqmtim,
1140 2713 1212 2761 cum
1227 2696 1422 2775 Proefatione
1440 2696 1485 2762 att
1507 2696 1685 2764 Veranium

86 2802 207 2881 filiurn,
220 2807 337 2885 postea
352 2805 553 2885 epitomum:
571 2803 627 2886 qui
643 2803 679 2867 in
697 2802 769 2866 Mss.
790 2803 885 2869 Godd.
902 2808 933 2868 et
951 2804 987 2867 in
1000 2804 1236 2886 antiquioribus
1252 2803 1445 2868 editionibus
1462 2804 1596 2887 incipit:
1614 2806 1685 2871 Hu-

87 2909 208 2976 clrcriua
224 2912 347 2977 Vesano
361 2911 463 2986 Filio,
478 2914 537 2975 etc.
550 2910 641 2975 toan.
657 2909 837 2975 Alexander
852 2909 1056 2976 brassicanus
1067 2911 1198 2977 nanee
1213 2911 1328 2976 excudi
1343 2911 1472 2976 curavit
1485 2930 1570 2976 anno
1586 2915 1683 2992 1530,

87 3016 200 3097 11101,
217 3018 307 3100 apud
320 3018 528 3083 Frobenium.

125 3123 198 3190 Huit
219 3125 299 3190 hinc
321 3124 491 3209 Waddingi
509 3124 692 3210 judicium,
716 3124 803 3209 quod
824 3129 935 3191 contra
956 3125 1029 3191 lecit
1049 3125 1085 3190 in
1109 3124 1235 3209 sudata
1258 3126 1423 3194 Mincium
1450 3125 1682 3210 stupuerunt

89 3231 287 3316 Quamquam
306 3233 502 3316 Hieronymo
522 3234 694 3315 indignum
708 3250 790 3316 opus
803 3236 928 3297 censeat
942 3250 1029 3314 esse,
1049 3233 1187 3315 dignum
1205 3237 1313 3297 tamen
1328 3233 1555 3299 Honaventura
1568 3236 1683 3300 fretum

94 3340 263 3405 0111111101.
279 3340 316 3405 ln
329 3359 428 3423 quam
440 3340 630 3406 sententiam
641 3340 758 3405 idcirco
767 3340 945 3420 descendit,
960 3341 1048 3423 quod
1061 3359 1081 3405 a
1094 3340 1237 3406 Mariano
1250 3340 1434 3407 Florentino
1444 3342 1621 3408 indicatum
1629 3343 1680 3408 sit.
1713 3416 1718 3426 .

90 3444 147 3511 Sed
166 3467 267 3531 quam
285 3449 491 3514 vehementer
504 3466 579 3514 cum
592 3466 653 3513 suo
666 3447 810 3513 Mariano
825 3448 1020 3513 aberraverit
1031 3447 1251 3530 Waddingus,
1266 3467 1333 3513 nou
1347 3453 1394 3513 est
1406 3453 1508 3529 certe,
1524 3450 1612 3531 quod
1626 3450 1681 3514 hic

89 3555 180 3619 etiam
194 3556 351 3621 dicamus.

782 3679 984 3723 camimum.
1111 3704 1115 3711 ·

123 3815 263 3875 b’tditeur
276 3816 315 3875 de
333 3820 416 3892 Lyon
432 3817 585 3875 reconnait
601 3815 788 3891 simplement
805 3833 864 3892 que
883 3816 1091 3876 l'authentiaite
1105 3818 1147 3877 du
1159 3817 1234 3876 livre
1255 3819 1289 3876 de
1311 3821 1437 3877 1110011110
1456 3822 1482 3875 et
1500 3818 1680 3876 immauitcta

90 3915 138 3972 liei
152 3920 194 3974 est
206 3917 422 3975 conhoversee.

390 4149 428 4216 V.
450 4149 617 4217 Ptaretra.
633 4149 698 4215 lnc.
714 4149 754 4215 ln
767 4152 985 4217 maeinanis
1001 4168 1079 4217 maa
1090 4150 1291 4233 enutrito,
1307 4155 1366 4215 etc.

128 4337 276 4422 Opuscnli
294 4340 395 4423 hujus
412 4339 580 4404 falsitatem
596 4357 664 4403 non
682 4338 811 4405 aliunde
826 4339 941 4405 melius
958 4340 1143 4422 dignoscere
1157 4356 1346 4422 possumus,
1366 4355 1464 4421 quam
1477 4357 1518 4402 ex
1531 4338 1589 4418 iis,
1604 4356 1678 4420 quae

93 4444 124 4509 in
142 4445 335 4511 Praelationis
351 4447 508 4511 vestibulo
526 4446 629 4530 posita
646 4445 805 4528 legimus;
826 4446 1007 4530 cujusmodi
1025 4453 1101 4511 sunt
1120 4466 1128 4510 :
1146 4447 1208 4510 rln
1220 4446 1436 4510 conversionis
1448 4463 1530 4511 meae
1542 4447 1679 4528 primor-

78 4536 80 4545 '
93 4551 142 4616 dio
153 4570 225 4617 cnm
238 4553 280 4618 ob
296 4553 412 4616 mentis
425 4553 654 4617 recreationem
668 4554 869 4617 auctoritates
882 4554 1072 4618 Sanctorum
1085 4553 1249 4634 legerem,
1263 4558 1295 4617 et
1307 4554 1418 4634 legens
1431 4553 1536 4617 varias
1548 4570 1679 4633 corrup·

94 4658 188 4723 donas
198 4661 415 4743 perciperem:
433 4660 553 4743 placuit
565 4660 667 4736 mihi,
685 4664 722 4724 ut
736 4661 776 4724 ad
790 4661 898 4743 ipsum
912 4662 1033 4725 iontem
1051 4661 1259 4741 originalium
1271 4677 1488 4737 recurrerem,
1503 4664 1536 4723 et
1550 4659 1591 4722 ob
1607 4676 1679 4723 ma-

91 4764 188 4844 jorem
198 4767 439 4842 certitudinem,
458 4768 592 4849 ipsemet
606 4767 713 4849 eliqua
730 4767 947 4849 perciperem,
966 4784 1041 4849 quae
1055 4768 1258 4850 postmodum
1270 4815 1277 4845 ,
1291 4772 1329 4831 ut
1341 4767 1440 4844 scivi,
1455 4766 1601 4829 ordinavi
1617 4784 1626 4828 2
1642 4768 1680 4829 ut

96 4888 161 4953 qua
173 4875 211 4938 ad
225 4875 483 4953 meditationem,
500 4874 759 4958 praedicationem
771 4923 780 4953 ,
794 4874 1040 4956 disputationem
1057 4873 1174 4938 ibidem
1187 4878 1293 4938 essent
1305 4873 1416 4951 utilia,
1436 4872 1541 4937 levius
1558 4872 1680 4954 reperi·

95 4984 209 5045 rentur.
230 4981 296 5046 Hoc
317 4988 423 5047 autem
441 4983 520 5046 sciat
537 4983 645 5060 lector,
670 4981 757 5063 quod
775 4981 879 5064 reperi
898 4981 1069 5063 Hiquando
1086 4979 1228 5045 diversos
1246 4980 1394 5045 Doctores
1414 4997 1518 5044 unum
1540 4979 1677 5057 dixisse,

97 5084 255 5167 aliquando
274 5089 424 5153 eumdem
443 5089 605 5154 doctorem
623 5088 709 5152 idern
729 5089 766 5153 in
790 5087 923 5153 diversis
941 5087 1071 5151 libris.»
1099 5085 1159 5151 Ubi
1177 5105 1253 5152 cum
1269 5086 1360 5151 audis
1376 5109 1384 5150 ι
1401 5087 1442 5151 ln
1461 5087 1677 5153 annuntiante

97 5206 165 5258 mea
175 5195 369 5276 panormo,
382 5195 505 5260 nuham
515 5196 612 5260 aliam
623 5195 723 5260 velim
735 5186 897 5277 intelliges
910 5195 1172 5272 conversionem,
1185 5213 1284 5277 quam
1299 5213 1390 5274 eam,
1408 5211 1550 5277 quacum
1570 5192 1679 5258 relicto

129 5382 214 5433 ¹loni.
224 5384 298 5448 Vlll,
311 5384 401 5435 venet.
417 5386 488 5448 1133,
501 5383 529 5433 in
541 5383 664 5449 appara,
677 5398 703 5449 p.
714 5387 753 5436 16.
763 5409 794 5421 -
803 5383 813 5414 ²
823 5385 896 5435 rom.
909 5384 942 5434 111
946 5420 956 5447 ,
972 5385 1070 5434 Veron.
1089 5385 1164 5447 1112,
1181 5397 1207 5448 p.
1221 5385 1274 5434 138.

128 5450 234 5505 Ι’10111
250 5455 322 5520 Oper.
337 5454 363 5505 S.
376 5455 537 5519 Hieronymi,
551 5456 671 5518 Basileus,
685 5455 753 5520 apud
765 5456 935 5521 Frobenium,
955 5458 1026 5519 1516,
1039 5454 1156 5506 1011111.

127 5520 212 5577 ι1011.
224 5527 280 5578 11111
294 5526 366 5593 Opem
380 5525 505 5592 ejusdem,
518 5539 545 5590 p.
554 5528 593 5579 18.
603 5553 635 5567 -
645 5526 799 5578 1111011101.
809 5526 910 5592 buton,
923 5527 991 5592 apud
1005 5526 1135 5592 bellarm,
1147 5525 1178 5577 de
1191 5526 1285 5592 Script.
1295 5524 1390 5592 socka,
1402 5542 1430 5593 p.
1440 5531 1495 5581 161.
1504 5553 1537 5567 ·-
1546 5530 1558 5561 ⁸
1567 5530 1630 5593 Peg.
1638 5527 1679 5582 71.
