4100 6300
452 473 550 540 nrsr.
570 472 664 541 nni.
684 471 775 537 aar.
799 472 824 537 1.
846 421 972 537 naar(
985 473 1009 538 1.
1036 471 1186 552 oumsr.
1209 471 1259 539 rr.
1599 476 1659 537 eso

74 609 204 674 charitas
219 630 227 672 ε
242 608 370 690 ergo,si
383 614 469 674 caret
481 609 553 692 quis
564 609 737 685 charitate,
753 611 837 672 caret
889 627 968 691 ergo
990 609 1096 675 adhuc
1117 608 1279 691 cognoscit
1299 624 1370 671 eam
1394 623 1501 689 :ergo
1522 606 1659 670 charitas

72 720 101 780 et
117 714 319 780 similitudine
331 719 412 800 ejus,
426 719 458 781 et
469 717 689 801 itununquam
701 731 837 796 cognos-
889 724 992 805 potest
1003 721 1152 804 cognosci
1165 738 1185 784 a
1198 737 1264 784 non
1275 718 1421 785 habente.

73 824 112 888 cit
125 823 319 889 charitatem.
930 828 1020 909 Imm,
1036 825 1657 909 sicharitaseognosciturahhahente,

111 929 197 1010 ium,
212 931 240 993 si
253 949 318 995 uon
331 931 452 997 habens
470 933 657 997 charitatem
674 930 838 1014 cognoscit
890 941 948 1002 aut
960 937 1022 1001 hoc
1035 942 1082 1001 est
1099 954 1156 1019 per
1170 934 1350 1014 essentiam,
1367 937 1424 998 aut
1439 951 1496 1016 ρετ
1509 934 1660 1000 similitu-

77 1054 154 1111 eem,
170 1041 227 1100 aut
239 1055 318 1119 ergo
330 1056 389 1121 per
401 1040 540 1123 speciem
552 1039 696 1104 innamm
708 1058 767 1103 seu
781 1038 835 1103 lu·
890 1045 997 1110 dinem
1011 1066 1019 1108 ς
1031 1061 1088 1126 ρετ
1101 1041 1270 1107 essentiam
1283 1058 1360 1120 non,
1374 1044 1511 1120 consue
1523 1042 1576 1106 sed
1584 1060 1660 1124 pro-

75 1163 140 1210 cem
152 1146 325 1228 propriam,
339 1154 395 1213 aut
410 1167 467 1232 ρετ
481 1148 683 1232 acquisitam,
701 1153 759 1213 aut
776 1166 834 1231 per
889 1152 984 1217 hatur
1003 1150 1091 1235 quod
1117 1168 1175 1233 per
1195 1146 1458 1228 similitudinem,
1480 1148 1557 1230 quia
1580 1148 1661 1213 nihil

74 1253 219 1318 effectum
233 1277 241 1320 ε
256 1273 322 1320 non
345 1275 404 1340 per
424 1258 587 1334 innatam,
611 1257 688 1340 quia
701 1257 710 1293 ¹
728 1256 837 1322 anima
890 1259 1053 1342 cognoscit
1065 1256 1243 1322 intellectus
1258 1255 1368 1319 nisiah
1378 1254 1433 1319 illo
1447 1254 1658 1321 informetur:

72 1369 172 1427 creata
182 1365 534 1449 estsicuttabularasa;
548 1386 615 1432 non
628 1385 686 1450 per
699 1365 837 1450 speciem
889 1367 945 1433 sed
962 1366 1101 1431 charitas
1119 1363 1249 1429 habitus
1271 1366 1319 1428 est
1339 1361 1470 1427 att‘ectus
1485 1367 1526 1442 (o)
1547 1386 1555 1428 ε
1576 1382 1657 1445 ergo

73 1471 269 1554 acquisitam,
292 1475 367 1557 qnia
391 1476 524 1540 omnis¹
543 1476 661 1559 species
682 1474 836 1557 acquisita
889 1475 1066 1541 secundum
1086 1473 1256 1538 asentam
1278 1471 1366 1535 illam
1385 1490 1452 1536 non
1474 1472 1655 1554 egreditur;

70 1579 244 1661 acquiritur
250 1582 409 1648 mediante
416 1602 522 1663 sensu,
539 1589 571 1648 ct
582 1583 834 1666 imaginatione:
890 1601 969 1665 ergo
982 1584 1010 1647 si
1024 1582 1138 1647 unitur
1155 1579 1330 1645 intellectui
1343 1582 1375 1643 et
1387 1579 1480 1643 illum
1496 1579 1659 1662 informat,

70 1687 121 1750 sed
133 1689 254 1769 species
263 1689 426 1755 charitatis
437 1710 505 1756 non
517 1692 601 1757 cadit
613 1693 648 1755 in
660 1710 768 1773 sensu,
778 1709 837 1756 nec
889 1691 951 1756 hoc
963 1695 1012 1756 est
1024 1687 1390 1774 persimilitudinem3et
1402 1687 1473 1752 haec
1487 1687 1662 1754 similitudo

70 1794 101 1856 in
114 1793 357 1876 imaginatione.
890 1801 993 1880 potest
1016 1796 1129 1862 haheri
1156 1816 1176 1861 a
1201 1814 1268 1861 non
1284 1795 1422 1861 habente
1446 1795 1660 1860 charitatem:

107 1901 186 1966 Item
202 1922 268 1969 non
277 1924 335 1988 per
346 1906 508 1987 effectum,
520 1907 596 1990 quia
608 1924 704 1971 nemo
716 1924 837 1988 cogno·
890 1919 980 1983 ergo,
1001 1905 1060 1966 etc.

70 2008 125 2072 scit
147 2027 207 2092 per
227 2012 377 2079 effectum
399 2014 539 2098 aliquid,
561 2014 623 2078 nisi
648 2014 727 2078 sciat
750 2013 838 2097 qnod
931 2009 1022 2088 item
1037 2009 1241 2092 Augustinus
1255 2007 1342 2088 dicit,
1359 2007 1399 2073 XI
1412 2007 1452 2074 de
1469 2008 1627 2075 menites
1638 2013 1661 2087 t,

70 2134 161 2180 causa
173 2117 309 2184 sitillins
321 2120 469 2200 effectus3
484 2121 571 2186 uude
580 2121 691 2186 nullus
699 2139 836 2204 cognos-
891 2119 976 2203 quod
990 2118 1104 2184 adhoc
1117 2118 1202 2201 quod
1215 2116 1395 2182 intellectus
1409 2116 1567 2198 intelligat
1577 2117 1664 2200 quod

70 2225 112 2287 cit
131 2244 189 2309 ρετ
206 2228 337 2312 eclipsin
353 2230 627 2313 interpositionem
643 2233 755 2310 terrae,
775 2230 838 2294 nisi
891 2228 987 2292 estin
998 2227 1166 2304 memoria,
1177 2243 1304 2290 necesse
1315 2226 1472 2289 astaciem
1486 2224 1665 2289 intellectus

70 2333 145 2396 sciat
168 2336 256 2416 quod
277 2336 475 2419 interpositio
494 2343 541 2401 est
561 2337 650 2401 illius
670 2355 777 2403 causa.
805 2337 838 2401 Si
890 2334 1077 2400 intermori:
1092 2352 1171 2416 ergo
1194 2332 1296 2397 multo
1313 2333 1430 2397 fortius
1450 2331 1566 2396 adhoc
1578 2330 1665 2415 quod

70 2457 146 2521 ergo
162 2460 221 2523 per
241 2443 390 2509 effectum
411 2444 591 2526 cognoscit,
607 2450 732 2528 oportet
752 2444 838 2528 qnod
890 2441 1047 2524 intelligat
1059 2440 1147 2524 quod
1159 2440 1255 2504 estin
1267 2439 1432 2505 voluntate
1445 2460 1454 2503 ι
1467 2457 1559 2521 ergo,
1574 2440 1600 2502 si
1614 2439 1665 2504 in-

70 2550 513 2637 sciatprius,quoniamillius
524 2554 836 2634 estcausacharitas;
892 2549 1007 2631 telligit
1030 2548 1235 2629 charitatem,
1266 2548 1460 2613 informatur
1487 2546 1666 2611 intellectus

70 2662 100 2720 et
123 2658 167 2723 ita
193 2663 425 2743 praecognoscit
449 2662 658 2727 charitatem:
676 2680 742 2727 non
759 2680 838 2744 ergo
891 2656 1019 2739 aliquo:
1044 2661 1077 2720 et
1096 2675 1161 2721 non
1185 2656 1362 2721 substantia
1383 2653 1565 2719 charitatis:
1587 2671 1665 2734 ergo

69 2783 124 2847 per
139 2767 302 2833 effectum.
318 2769 403 2834 Situ
418 2770 504 2835 dicas
521 2770 607 2853 qnod
621 2769 784 2852 cognoscit
804 2771 837 2833 in
891 2763 1099 2830 similitudine
1115 2785 1124 2829 τ
1139 2782 1219 2845 ergo
1234 2763 1321 2828 idem
1333 2762 1419 2847 quod
1433 2761 1534 2846 prius.
1697 2751 1699 2754 ’

69 2872 120 2936 illa
134 2875 269 2940 verimte
288 2881 425 2958 aeterna3
450 2880 506 2942 aut
520 2878 582 2942 hoo
600 2877 661 2942 erit
681 2876 837 2957 effective,
1329 2883 1332 2890 ⁴

70 2985 123 3044 aut
135 2982 313 3048 formaliter
333 3007 341 3049 :
362 2985 389 3049 si
403 2984 556 3064 effective,
571 2986 616 3049 sic
633 2986 742 3050 omnia
756 3001 839 3065 eog—
1165 3021 1393 3090 GONCLUSIO·

68 3095 244 3156 noscuntur
276 3092 311 3156 in
333 3110 385 3174 ea,
417 3110 490 3176 quae
519 3092 629 3158 omnia
654 3093 728 3158 tecit
759 3091 840 3157 scire

69 3212 281 3281 quaecumque
302 3200 463 3280 sciuntur3
481 3201 507 3264 si
523 3205 631 3266 autem
647 3201 836 3281 formaliter,
894 3182 1020 3239 cittii&
1033 3184 1207 3255 memmae
1216 3184 1368 3254 manticis
1381 3185 1533 3284 ’1011111111
1546 3185 1668 3283 maesti

786 3309 838 3375 vel
925 3272 1570 3346 preterquomabtobent05apcc1ctottoacsocro‚
1583 3273 1667 3327 amm

68 3302 133 3367 sive
156 3305 392 3389 exemplariter,
420 3325 498 3390 ergo
524 3308 651 3373 videtur
676 3309 762 3391 quod
930 3379 1013 3420 amm
1028 3362 1150 3420 tabmtc.

69 3403 224 3489 imprimit
250 3409 392 3492 aliquam
425 3410 563 3493 speciem
596 3410 631 3474 in
657 3410 837 3490 intellectu,

69 3513 119 3577 vel
145 3532 275 3580 necesse
307 3522 355 3582 est
390 3518 477 3601 quod
510 3518 579 3601 ipsa
620 3519 758 3598 veritas,
787 3516 840 3585 vel
934 3519 1028 3604 itesp.
1043 3521 1083 3585 ad
1094 3524 1171 3602 Arg.
1186 3519 1373 3597 Dicendum,
1384 3517 1472 3601 quod
1482 3514 1667 3597 cognitione
1698 3532 1789 3605 mucia.

69 3621 232 3704 exemplar
266 3622 495 3706 conspiciatur,
525 3642 664 3708 quorum
700 3625 839 3690 alterum
894 3627 1099 3710 experientia
1121 3646 1188 3692 non
1209 3626 1414 3709 cognoscitur
1431 3624 1584 3702 charitas,
1603 3621 1666 3685 nisi
1687 3607 1787 3714 ’ζξρῆζῗ

69 3731 115 3790 est
131 3747 231 3812 supra
245 3729 473 3812 improbatum,
489 3730 627 3796 alterum
640 3735 749 3796 autem
765 3750 840 3796 ma·
893 3735 934 3799 ah
953 3734 1108 3815 hahente3
1129 3735 1312 3817 cognitione
1332 3752 1409 3800 vero
1428 3729 1664 3815 speculationis,
1680 3720 1737 3763 “⁰¹¹⁰
1747 3733 1787 3822 ⁹³3

1687 3791 1746 3835 resp.
1759 3791 1773 3822 a

69 3834 313 3901 nitestetalsum
324 3842 384 3903 est.
894 3846 1018 3907 certum
1032 3846 1080 3907 est
1091 3842 1240 3924 cognosci
1254 3841 1440 3906 charitatem
1458 3839 1667 3905 etiamanon
1689 3841 1781 3960 33⁸&

37 3960 57 3989 e
108 3942 169 4007 Sed
183 3945 508 4012 contrazPeocatores
517 3946 696 4011 desiderant
706 3946 840 4011 charita-
893 3949 1042 4016 habente.
1074 3949 1187 4014 Modus
1213 3954 1322 4014 auum
1349 3948 1450 4031 huJ’us
1476 3945 1668 4028 cognitionis

70 4053 133 4113 tem
149 4073 157 4115 ι
171 4052 230 4116 sed
241 4052 350 4118 nullus
362 4055 517 4120 desiderat
526 4055 611 4137 quod
626 4072 692 4118 non
706 4072 839 4137 cognos·
894 4077 960 4123 uon
974 4063 1157 4142 potestesse
1170 4077 1229 4142 per
1241 4058 1404 4123 eharitatis
1414 4057 1594 4132 essentiam,
1608 4071 1668 4117 nec

70 4158 121 4238 cit,
135 4159 214 4242 quia
235 4160 399 4243 incognita
411 4180 477 4226 non
494 4166 626 4246 possunt
634 4162 741 4244 diligi,
758 4163 841 4227 sicut
895 4184 952 4248 per
971 4165 1215 4231 similitudinem
1238 4184 1258 4229 a
1282 4164 1431 4229 sensibus
1456 4162 1666 4245 acquisitam:

70 4265 143 4330 dicit
168 4267 374 4349 Augustinus
399 4274 434 4334 ³:
458 4288 537 4352 ergo
562 4270 622 4354 ipsi
644 4272 841 4352 cognoscunt
895 4291 975 4355 ergo
988 4292 1116 4338 necesse
1135 4276 1182 4338 est
1198 4270 1285 4355 qnod
1301 4272 1342 4336 sit
1355 4290 1412 4355 per
1425 4269 1668 4334 similitudinem
1694 4312 1701 4327 .

71 4373 271 4440 charitatem.
894 4381 1046 4455 infusam,
1063 4383 1114 4445 vel
1134 4380 1300 4445 innatam:
1323 4381 1582 4461 utraqueautem
1595 4394 1669 4460 quae

109 4481 201 4561 imm,
213 4483 328 4567 aliquis
338 4485 460 4549 hahens
474 4485 661 4551 charitatem
673 4489 776 4569 potest
784 4485 839 4551 ha-
894 4488 941 4552 sic
962 4493 1202 4571 cognoscuntur
1223 4489 1263 4552 ah
1287 4487 1431 4564 homine,
1455 4485 1607 4549 dicuntur
1620 4485 1669 4563 ,ab

71 4587 145 4654 bere
165 4593 383 4673 cognitionem
400 4593 439 4658 de
459 4593 538 4659 illa:
562 4594 617 4658 sed
635 4612 731 4659 omne
754 4592 842 4677 quod
895 4596 1099 4678 Augustiuo⁸
1112 4595 1310 4678 cognoseiin
1323 4595 1454 4662 veritate
1468 4595 1599 4671 aeterna,
1612 4596 1670 4656 aut

71 4698 152 4763 cadit
163 4699 200 4762 in
214 4700 375 4765 intellectu
392 4701 669 4785 apprehendente,
690 4707 793 4785 potest
806 4703 841 4767 in
896 4705 973 4786 quia
995 4704 1114 4768 veritas
1143 4703 1360 4785 cognitionem
1391 4699 1548 4777 infundit,
1576 4703 1615 4765 nt
1634 4698 1669 4762 in

71 4806 227 4870 memoria
246 4809 427 4874 conservari
452 4831 460 4872 ε
486 4813 626 4891 ponatur
648 4828 727 4892 ergo
752 4810 839 4894 quod
896 4813 1059 4895 prophetis
1066 4815 1143 4891 ;aut
1151 4810 1447 4894 quiaaconditione
1456 4807 1667 4891 imprimitur,

70 4910 274 4995 imprimatur
282 4915 352 4981 hac
363 4916 506 4998 cognitio
520 4917 698 4996 memoriae,
715 4918 842 5001 etquod
896 4920 1073 4985 secundum
1090 4919 1170 4984 illud
1189 4916 1407 4983 Psalmistaet:
1432 4916 1607 4999 Stanacum
1625 4920 1670 4981 est

71 5019 203 5085 demum
217 5023 339 5088 cadata
355 5024 518 5105 charitate,
532 5030 654 5090 constat
672 5026 758 5110 quod
771 5027 842 5110 lap-
896 5028 1283 5112 superaestumcaouttus
1293 5029 1354 5104 tui,
1366 5027 1579 5102 Dominaetc.
1591 5023 1669 5087 (iha-

72 5144 167 5192 susa
190 5128 343 5196 charitate
368 5132 557 5198 memoriam
579 5136 650 5216 eius
670 5134 804 5198 retinuit
830 5155 839 5198 ε
897 5138 974 5201 ritas
986 5142 1097 5202 autem
1111 5155 1178 5202 non
1197 5136 1433 5217 cognoscitura
1452 5132 1670 5216 peccatoribus

898 5262 955 5326 per
962 5244 1100 5329 speciem
1110 5244 1251 5308 intusam
1263 5264 1271 5307 :
1287 5260 1367 5324 ergo
1379 5239 1599 5325 oportetquod
1613 5256 1671 5321 per

104 5331 112 5365 ¹
129 5330 219 5392 Arist,
232 5328 261 5380 de
276 5330 385 5392 Animo,
404 5329 449 5380 lib.
469 5330 518 5394 tlt,
536 5334 607 5381 cont.
623 5333 662 5382 11.
677 5356 707 5368 -
729 5331 841 5396 tidem,

73 5400 146 5467 ittet,
160 5405 265 5452 conten.
283 5404 508 5466 tt.-⁸August.,
522 5402 553 5452 de
568 5403 647 5467 Tria,
660 5403 705 5454 lib.
718 5408 753 5467 x,
769 5417 840 5469 err,
898 5418 925 5457 n.
943 5407 982 5456 15.
998 5431 1029 5442 -
1042 5405 1054 5439 t
1066 5402 1140 5465 reid,
1161 5403 1206 5453 lib.
1222 5402 1284 5466 llil,
1306 5416 1364 5466 cap.
1382 5412 1436 5461 xiv.
1454 5414 1482 5452 n.
1499 5403 1539 5452 23.
1553 5426 1584 5439 —
1599 5399 1610 5430 ⁸
1627 5400 1668 5449 Pe.

73 5488 100 5524 n.
123 5477 162 5525 tt.
185 5498 219 5511 -
240 5475 252 5509 ⁸
274 5478 392 5542 August,
410 5474 441 5525 de
463 5476 565 5540 trinit,
590 5474 635 5526 lib.
657 5476 709 5543 xl,
728 5490 751 5526 c.
775 5487 841 5544 vrri,
899 5489 935 5543 ιν,
950 5477 1059 5543 imre)
1073 5475 1140 5527 Aac.
1154 5489 1200 5526 seu
1213 5475 1362 5527 voluntatis.

256 5583 279 5631 1.
293 5584 371 5632 rore.
1531 5565 1571 5627 19
