4100 6300
387 488 427 548 et
960 474 1269 543 SENTENTldllUlll
1288 477 1362 545 ΗΒ.
1384 479 1409 543 l.

386 636 462 684 eum
474 615 580 698 magis
590 613 631 681 sit
642 613 768 679 lruihile
784 612 908 678 bonum
923 611 1113 694 increatum,
1128 616 1161 678 et
1254 613 1344 692 ltem,
1367 614 1429 680 hoe
1448 614 1576 682 videtur
1595 632 1653 699 per
1673 614 1867 681 divisionem
1884 614 1970 700 ipeim

385 727 495 790 anima
507 725 613 807 magis
625 725 664 790 ad
681 723 743 788 hoc
757 727 832 788 netu
843 726 901 805 est,
915 722 1031 806 poterit
1044 741 1083 787 eo
1095 722 1159 787 frui
1219 721 1272 788 Uti
1282 725 1393 787 contra
1405 723 1484 804 ulia3
1496 723 1574 807 quia
1582 722 1695 789 dividit
1703 723 1970 805 Augustinushm

385 834 461 899 solis
473 833 633 917 potentiis.
1213 831 1286 910 tria,
1300 830 1481 914 ingenium,
1494 831 1683 912 doctrinam,
1695 836 1727 896 et
1739 850 1859 910 usum;
1871 836 1902 896 et
1910 831 1971 896 dioit

425 941 518 1025 Resp.
539 941 723 1019 Dicendum,
744 939 830 1023 quod
847 957 1014 1003 summum
1035 940 1159 1004 honum
1213 938 1298 1020 quod
1316 940 1485 1021 ingenium
1504 940 1631 1022 respicit
1649 940 1727 1023 quid
1750 940 1852 1004 homo
1871 941 1968 1023 pomt,

385 1054 432 1115 est
451 1048 536 1133 quod
554 1066 650 1133 super
667 1065 727 1113 nos
749 1050 816 1111 est:
832 1046 873 1111 ad
893 1046 955 1110 hoc
972 1064 1052 1128 ergo
1072 1046 1159 1130 quod
1212 1043 1357 1110 doctrino
1370 1047 1447 1129 quid
1458 1046 1556 1113 homo
1576 1047 1671 1128 sciet,
1689 1066 1770 1112 usus
1786 1048 1868 1131 quid
1886 1048 1969 1112 velit:

375 1156 432 1221 ‘dli
454 1158 621 1236 uniamur,
645 1154 823 1220 necessario
845 1154 1017 1220 intervenit
1040 1154 1159 1237 duplex
1213 1171 1292 1234 ergo
1304 1173 1382 1219 usus
1396 1160 1443 1219 est
1455 1160 1545 1221 aetus
1558 1156 1744 1221 voluntatis.

386 1266 551 1331 medium:
570 1264 714 1330 medium
732 1281 855 1341 unum,
872 1280 930 1344 per
947 1262 1035 1345 quod
1051 1261 1159 1327 anime
1252 1260 1332 1325 ltem
1345 1264 1488 1347 opposita
1502 1269 1576 1330 natu
1587 1269 1662 1329 sunt
1675 1264 1745 1329 fleri
1755 1265 1846 1330 eirea
1858 1263 1936 1330 idem
1946 1267 1969 1328 ⁸:

384 1377 459 1438 nats
472 1377 519 1437 est
527 1372 614 1438 uniri
626 1371 680 1436 alii
691 1390 712 1436 a
722 1390 755 1435 se
768 1370 904 1449 diverso,
916 1374 948 1434 et
962 1369 1024 1434 hoo
1036 1375 1083 1434 est
1097 1389 1158 1453 po·
1211 1368 1267 1433 sed
1280 1370 1344 1449 uti,
1359 1374 1391 1435 et
1407 1371 1511 1449 abuti,
1527 1375 1604 1437 sunt
1616 1371 1760 1456 opposita
1775 1391 1784 1437 z
1800 1390 1899 1455 ergo,
1911 1391 1971 1437 eun

373 1480 497 1561 ‘tentio;
520 1479 608 1544 eliud
628 1477 777 1562 speciale,
797 1476 850 1543 vel
871 1477 1034 1561 spirituale
1061 1497 1159 1562 supra
1212 1475 1302 1540 ebuli
1319 1477 1359 1541 sit
1376 1479 1475 1544 solius
1490 1478 1683 1560 voluntatis,
1702 1481 1781 1563 quia
1797 1483 1874 1564 ejus
1891 1480 1971 1544 solim

384 1587 457 1664 hoe,
474 1589 561 1671 quod
574 1589 677 1671 ipsam
690 1586 845 1666 sublevet,
859 1591 892 1650 et
908 1586 969 1651 hoc
982 1591 1030 1652 est
1041 1586 1157 1653 virtus.
1212 1586 1404 1666 estpeeeere,
1419 1605 1498 1669 ergo
1507 1589 1589 1672 etta)
1607 1587 1660 1656 Uti
1668 1589 1818 1655 similiter
1830 1589 1891 1655 erit
1898 1593 1970 1654 ectu

384 1695 473 1774 Quod
486 1695 636 1779 objicitur
648 1696 774 1760 nonest
792 1694 906 1771 simile,
922 1696 998 1777 quia
1017 1695 1158 1778 potentia
1211 1691 1310 1756 solius
1322 1693 1507 1759 voluntatis.

383 1821 441 1886 per
456 1821 490 1868 se
507 1806 610 1887 potest
630 1802 780 1883 detloere,
792 1805 825 1868 et
841 1802 999 1881 inclinari,
1016 1803 1071 1868 aed
1091 1821 1157 1867 non
1251 1801 1367 1866 Contra
1386 1820 1395 1864 τ
1411 1808 1440 1866 l.
1455 1801 1556 1882 Usus,
1568 1804 1637 1869 sive
1648 1805 1859 1885 assuefactio,
1875 1806 1971 1870 estrie
1997 1824 2039 1878 n,

383 1927 491 1993 perse
509 1908 639 1979 elevari.
1210 1896 2010 1996 inhahitumaequirendum:sedomnispoten'*

1209 2015 1255 2079 tie
1268 2020 1344 2081 neta
1352 2021 1400 2082 est
1413 2018 1577 2101 anquirere
1585 2019 1733 2085 habitum
1750 2040 1759 2085 :
1773 2039 1857 2102 ergo
1876 2021 1924 2089 tut
1933 2022 1971 2087 u'·

1210 2123 1303 2189 detur
1315 2143 1384 2190 esse
1398 2127 1503 2190 omnis
1515 2128 1677 2209 potentias.

1249 2230 1677 2318 e.1tem,omnispotenua,
1695 2235 1862 2301 mediante
1874 2254 1970 2320 opera-

623 2147 867 2219 ARTICULUS
891 2149 918 2218 Ι.

422 2345 472 2410 Ad
493 2343 684 2411 evidentiam
705 2342 950 2418 diffinitionum,
965 2344 997 2405 et
1017 2340 1155 2407 eliorum

382 2472 457 2537 quae
477 2451 627 2534 Magister
644 2452 733 2534 ponit
751 2449 790 2514 de
807 2448 857 2514 his
876 2448 995 2528 verbis,
1016 2451 1109 2528 blut,
1124 2453 1157 2514 et

388 2561 440 2627 Uti
445 2582 456 2631 ,·
476 2578 533 2625 sex
552 2561 744 2642 quaeruntur
758 2558 794 2620 in
809 2560 899 2640 parte
921 2556 998 2637 ista,
1014 2574 1155 2639 quornm

380 2669 443 2732 tria
464 2667 622 2751 pertinent
640 2666 681 2730 ad
703 2665 770 2744 Uti,
783 2664 845 2728 trio
862 2663 902 2728 ud
922 2665 1016 2729 diui.
1033 2662 1075 2728 Ile
1104 2664 1157 2732 Uti

380 2777 443 2839 trin
461 2779 651 2857 queruntur
672 2791 680 2837 :
703 2772 809 2856 primo
831 2772 989 2855 quaeritur
1011 2769 1091 2853 quid
1115 2773 1156 2837 sit

365 2884 428 2947 ‘uti
452 2900 510 2965 per
533 2881 716 2959 essentiam3
744 2880 899 2956 serundo,
926 2883 1039 2943 utrum
1065 2881 1154 2944 omni

380 2995 485 3055 creato
497 2991 663 3072 contingat
674 2989 734 3066 uti3
750 2987 854 3064 tertio,
868 2992 978 3051 utrum
989 2986 1057 3053 solo
1069 2988 1154 3053 bono

380 3102 484 3163 creato
501 3099 542 3164 sit
560 3097 727 3164 utendum.
743 3095 786 3161 lle
799 3097 880 3162 Frui
902 3094 1047 3160 similiter
1059 3114 1153 3180 quae-

379 3210 498 3271 runtur
509 3207 571 3271 tria
585 3225 593 3270 ε
609 3206 714 3289 primo
731 3204 809 3289 quid
826 3204 866 3268 sit
884 3203 949 3268 lrui
969 3222 1025 3286 per
1045 3223 1153 3269 essen-

378 3314 472 3392 tiam3
508 3313 647 3379 seeundo
681 3317 792 3378 utrum
823 3311 908 3376 hono
941 3311 1081 3376 increato
1112 3314 1154 3378 sit

377 3421 567 3501 fruendum3
581 3420 686 3500 tertio,
705 3425 817 3486 utrum
836 3419 1010 3485 fruendum
1025 3421 1066 3484 sit
1083 3420 1152 3504 ipso

376 3530 444 3596 solo
457 3531 542 3596 bono
555 3529 706 3594 increato.

655 3755 834 3836 QUAESTlO
850 3757 874 3820 l.

439 3916 481 3971 Aa
498 3916 546 3972 Uti
562 3898 606 3970 sit'
617 3918 691 3970 oeten
705 3913 866 3977 uoluntatis,
882 3912 925 3968 ael
938 3915 1056 3970 rationis
1069 3912 1089 3970 ¹.

280 4102 365 4150 pud,
418 4064 462 4130 lle
478 4066 546 4143 Uti,
560 4064 637 4148 quid
651 4064 693 4128 sit
710 4082 767 4147 per
782 4063 964 4141 essentiam,
979 4068 1090 4130 utrum
1109 4064 1152 4129 sit

258 4171 338 4210 W·
378 4177 467 4238 aetus
480 4172 654 4239 voluntatis
665 4175 721 4237 aut
734 4171 884 4248 rationis,
897 4172 942 4236 sie
956 4172 1149 4255 prooeditur.

379 4277 470 4355 Quod
483 4277 524 4341 sit
533 4280 623 4341 actm
637 4276 810 4342 voluntatis
825 4276 1000 4340 ostenditur
1012 4276 1058 4340 sio
1073 4295 1082 4340 t
1099 4276 1149 4341 Ab

377 4392 453 4452 netu
470 4385 582 4450 utendi
599 4384 824 4449 denominatur
842 4384 1065 4467 unusquisque
1086 4384 1149 4449 bo·

377 4499 464 4558 nus²
479 4513 487 4558 ε
502 4492 557 4557 sed
567 4491 678 4557 nullm
691 4490 805 4556 dieitur
817 4490 932 4571 bonus,
946 4490 1008 4555 nisi
1019 4491 1061 4555 ab
1074 4496 1148 4557 artu

378 4601 577 4666 voluntatis:
601 4618 681 4682 ergo
702 4602 793 4663 aetus
816 4598 927 4663 utendi
951 4598 1089 4682 pertinet
1107 4599 1148 4664 ud

377 4708 586 4774 voluntatem.

310 4886 315 4899 ,
417 4816 496 4881 ltem
520 4815 725 4898 Augustinus
742 4815 780 4879 ⁸:
805 4836 820 4875 a
841 4811 893 4877 Uti
917 4816 964 4879 est
983 4832 1147 4881 assumere

375 4924 495 5008 aliquid
508 4926 543 4989 in
557 4917 926 4989 insultatem'roluntetis
942 4944 981 4989 :n
999 4941 1078 5006 ergo
1095 4924 1148 4992 Uti

374 5032 718 5100 etaetusvolunuus.

405 5176 465 5241 ¹Gs.
476 5178 503 5228 S.
513 5176 615 5240 Thom,
629 5175 791 5240 l-ll,q.xr1,
803 5177 873 5224 ertt
886 5176 1037 5237 perrosum
1049 5173 1145 5240 AEgid,

373 5250 383 5301 1
404 5249 486 5313 Sept,
498 5248 558 5299 dist.
577 5249 640 5311 vll,
656 5262 682 5312 q.
703 5258 751 5309 ¹1¹3
769 5247 862 5296 Thom.
883 5247 959 5310 Arg,
977 5245 1022 5296 lib.
1039 5245 1144 5310 isne,

373 5335 399 5385 q.
409 5321 466 5386 ult,
480 5325 530 5372 nrt.
541 5323 565 5370 2.
576 5319 724 5383 -2Arist,
736 5318 821 5367 Ettie.
835 5316 880 5367 lib.
891 5318 922 5380 ll,
937 5332 961 5367 e.
978 5326 1052 5368 u.-

403 5410 437 5476 (α)
449 5410 601 5475 corriperetis
607 5409 735 5474 suppreme
745 5421 807 5471 ergo
816 5409 843 5457 et
852 5409 972 5471 tunquam
979 5409 1143 5473 superfluum.

372 5481 445 5548 -(d)
460 5484 552 5548 soppr.
565 5483 611 5535 sed
630 5480 746 5534 ordinari
760 5481 788 5531 in
799 5479 894 5544 duem,
907 5480 1036 5532 mediante
1050 5493 1142 5546 opera-

1209 2337 1296 2403 tione
1308 2359 1378 2419 sua,
1388 2342 1554 2407 ordinetur
1567 2344 1601 2406 iu
1612 2344 1712 2408 linem
1726 2362 1735 2407 :
1748 2344 1805 2408 sed
1818 2362 1859 2408 eo
1870 2345 1970 2409 diem

1208 2443 1329 2528 aliquid
1344 2449 1467 2530 utibile,
1482 2450 1552 2515 slve
1565 2450 1623 2530 uti,
1636 2465 1699 2534 quo
1714 2451 1748 2514 in
1762 2452 1866 2516 linem
1876 2456 1921 2517 ert
1930 2471 1969 2517 or·

1209 2553 1369 2620 dinebile:
1388 2556 1443 2621 sed
1468 2558 1608 2623 ordinari
1630 2558 1664 2623 in
1686 2559 1805 2639 tinem,
1824 2561 1968 2625 mediante

1208 2655 1392 2743 operatione
1405 2665 1549 2748 propria,
1564 2671 1612 2731 est
1622 2667 1729 2732 omnis
1746 2669 1901 2749 potentie
1915 2668 1967 2751 til:

1207 2786 1287 2850 ergo
1300 2771 1394 2837 etuti
1406 2772 1560 2838 similiter.

1249 2881 1278 2940 3.
1294 2876 1384 2959 ltem,
1403 2880 1486 2945 sicut
1496 2880 1698 2963 Augustinus
1710 2882 1722 2917 ⁵
1735 2880 1823 2963 dicit,
1842 2884 1968 2949 eheie

1207 2984 1262 3048 tur
1273 2984 1373 3067 intra,
1394 3010 1410 3049 «
1428 2987 1479 3053 Uti
1493 2995 1541 3053 est
1552 2989 1585 3053 id
1598 2989 1683 3070 quod
1695 2989 1730 3052 in
1743 3008 1845 3055 usum
1860 2992 1968 3057 venerit

1206 3092 1324 3159 reterre
1337 3093 1393 3177 (o),
1411 3116 1427 3154 a
1444 3100 1503 3161 eto.
1520 3094 1580 3161 Sed
1590 3098 1661 3179 ejus
1672 3098 1719 3162 est
1731 3098 1873 3181 reterre,
1886 3102 1967 3184 udus

1206 3205 1254 3266 est
1266 3203 1407 3268 conterre
1419 3224 1428 3267 t
1443 3203 1650 3269 sedeonlerre
1659 3206 1816 3271 estsolius
1825 3210 1965 3274 rationis:

1206 3324 1285 3390 ergo
1297 3308 1432 3390 reterre,
1448 3316 1480 3376 et
1492 3330 1549 3395 per
1563 3331 1761 3397 consequens
1777 3315 1846 3397 Uti,
1860 3337 1882 3382 a
1892 3318 1966 3383 ditt-

1205 3414 1338 3481 uitione.

1246 3529 1276 3590 l.
1293 3524 1383 3604 ltem,
1398 3545 1450 3591 ars
1463 3527 1564 3593 utitur
1574 3530 1643 3593 suis
1656 3532 1904 3598 instrumentis:
1919 3532 1965 3598 sed
2047 3540 2048 3591 l

1205 3649 1257 3695 ars
1270 3636 1316 3697 est
1329 3633 1363 3699 ln
1376 3635 1519 3718 potentia
1531 3636 1694 3716 rationali,
1707 3637 1777 3703 sive
1789 3641 1962 3723 cognitiva,

1205 3757 1281 3805 oum
1294 3741 1336 3805 sit
1347 3742 1479 3808 seientia
1492 3763 1501 3808 ε
1514 3763 1608 3827 ergo,
1619 3746 1834 3812 eumhebitns
1844 3753 1877 3813 et
1887 3752 1964 3812 aurs

1204 3848 1269 3912 sint
1281 3850 1425 3932 ejusdem
1436 3854 1596 3934 potentiae,
1606 3853 1652 3917 eir
1664 3868 1717 3918 ers
1731 3856 1823 3920 estin
1836 3856 1965 3940 potentia

1204 3956 1367 4037 rationali3
1383 3962 1414 4022 et
1429 3978 1526 4038 usus,
1542 3959 1610 4026 sive
1633 3962 1692 4030 Uti
1704 3961 1851 4029 similiter
1868 3964 1962 4030 eritin

1203 4063 1327 4128 eadem.

1448 4216 1719 4297 'concussio

1204 4373 1246 4431 Uti
1261 4376 1377 4447 proprie
1396 4377 1435 4433 ert
1453 4380 1529 4435 actm
1541 4380 1629 4450 ipsun
1640 4380 1813 4451 oolmrtutis,
1828 4382 1890 4440 lieet
1902 4397 1960 4439 ωι·

1234 4467 1357 4629 mee:
1370 4471 1507 4540 sumptum
1517 4470 1604 4541 possit
1620 4484 1673 4527 erse
1690 4475 1767 4528 uersu
1781 4474 1911 4545 potentio
1921 4488 1959 4528 aa·

1242 4709 1334 4796 Resp.
1350 4712 1390 4777 ad
1404 4715 1484 4796 Arg.
1499 4713 1685 4797 llieendum,
1700 4719 1789 4800 quod
1807 4718 1861 4788 Uri
1873 4720 1959 4804 quin-

1200 4837 1263 4902 que
1274 4820 1377 4886 modis
1388 4823 1552 4906 accipitur,
1566 4828 1598 4889 et
1607 4825 1787 4891 secundum
1797 4827 1858 4893 hoc
1867 4829 1958 4893 dive»

1199 4929 1352 5011 rideatur,
1364 4924 1542 4997 meandum
1553 4950 1633 5013 rem,
1650 4938 1682 4998 et
1694 4936 1870 5001 seeundum
1882 4932 1957 5002 dilli-

1200 5086 1256 5141 ¹De
1274 5089 1373 5152 Trinit,
1385 5091 1429 5146 tib.
1441 5095 1472 5157 x,
1486 5105 1597 5160 c.x1,n.
1609 5099 1653 5160 173
1666 5095 1698 5147 de
1712 5097 1790 5149 otest.
1801 5098 1857 5162 Dei,
1866 5096 1954 5157 trinit,

1199 5175 1222 5214 e.
1243 5174 1306 5214 nr.
1321 5189 1351 5200 -
1364 5164 1376 5200 δ
1389 5165 1476 5230 Arist,
1498 5165 1596 5231 Phyric.
1616 5168 1662 5218 lib.
1678 5170 1728 5233 lv,
1750 5172 1861 5221 context.
1879 5172 1916 5220 st.
1927 5192 1954 5205 -

1199 5233 1255 5284 ‘De
1268 5235 1354 5285 Docte.
1367 5236 1477 5302 Christ,
1489 5236 1535 5291 lib.
1549 5240 1569 5303 t,
1583 5254 1607 5289 e.
1618 5251 1654 5291 ιν.

1198 5338 1269 5391 tione
1286 5342 1407 5408 proprIa,
1420 5347 1461 5394 est
1480 5343 1566 5395 omnis
1583 5347 1706 5411 petendae
1714 5385 1724 5413 ,
1737 5353 1763 5399 et
1781 5348 1834 5414 lege
1845 5350 1953 5399 tntum

1198 5426 1260 5477 ergo
1273 5413 1310 5464 uti
1327 5418 1366 5464 est
1379 5416 1464 5466 omnis
1476 5416 1607 5482 potentiae.
1621 5444 1653 5458 -
1666 5420 1695 5484 (c)
1710 5420 1802 5485 supple
1814 5421 1845 5473 ad
1855 5420 1879 5470 id
1889 5414 1951 5485 prod

1198 5498 1270 5536 amas
1281 5485 1459 5538 obtinendum.
1587 5514 1589 5519 ·
