4100 6300
317 451 375 499 xvl
932 436 966 501 S.
991 434 1295 503 BONAVENTURAE

317 569 399 635 berti
413 567 465 634 rr.
481 567 553 634 Ord.
569 567 673 633 Praed.
686 569 727 634 ad
740 569 802 633 boc
814 569 990 652 specialiter
1003 591 1023 636 a
1036 572 1072 637 n.
1088 571 1174 655 Papa
1184 572 1290 637 vocati
1300 572 1323 635 ¹.
1338 591 1354 630 11
1369 569 1495 637 Horum
1508 574 1618 637 autem
1630 571 1784 636 omnium
1797 571 1915 653 patino

317 676 403 743 diam
416 678 557 742 cecinere
576 676 651 741 titt.
669 676 735 743 Odo
751 677 789 743 de
804 676 932 757 Duaco,
955 684 987 744 et
1008 678 1205 746 Christianus
1220 678 1440 759 belvacensis,
1461 679 1517 762 qui
1529 680 1710 745 Academiae
1728 678 1915 744 parisiensis

317 790 424 870 partes
435 789 467 849 et
479 804 610 849 causam
626 783 715 850 vetut
729 804 787 869 pro
805 786 871 850 aris
892 791 925 851 et
935 788 1013 851 locis
1025 788 1099 852 tuiti
1110 789 1247 852 fuerant.
1260 787 1310 852 Ad
1323 787 1395 851 baec
1404 791 1576 870 juravere,
1591 807 1625 853 se
1638 787 1840 871 Aquinatem
1852 806 1915 851 nou

318 893 447 971 minus,
467 911 566 974 quam
585 890 862 971 Bonaventmam,
883 894 918 958 in
937 895 1131 976 amicitiam,
1147 896 1261 975 tidem,
1277 898 1308 959 et
1321 896 1552 977 magistrorum
1572 896 1755 960 societatem
1770 898 1915 978 receptu·

317 1018 382 1065 ros,
397 1000 613 1078 Quamobrem
629 1000 829 1079 Cardinates,
849 1001 907 1084 qui
918 1002 995 1066 huic
1010 1002 1141 1085 negotio
1155 1003 1336 1086 preerant,
1353 1002 1605 1069 lustramentum
1621 1003 1735 1067 confici
1744 1005 1917 1085 Jusserunt

319 1112 507 1189 1111101156,
520 1109 571 1173 die
584 1112 623 1172 13
636 1109 772 1173 octobris
785 1128 794 1172 :
810 1109 844 1172 in
857 1128 922 1192 quo
936 1110 1019 1175 inter
1033 1115 1138 1176 cetera
1149 1111 1334 1176 mandatum
1348 1110 1408 1175 luit
1421 1110 1594 1191 magistris,
1610 1133 1626 1171 1
1639 1114 1677 1173 ut
1687 1109 1823 1174 Fratres
1837 1109 1916 1175 Prie

319 1217 471 1283 dicatores
483 1217 621 1282 Minores
635 1215 764 1281 Parisiis
782 1218 953 1299 degenteS,
970 1220 1143 1301 magistros
1158 1225 1189 1283 et
1205 1219 1365 1284 auditores
1383 1238 1516 1297 eorum,
1532 1222 1563 1282 et
1574 1218 1751 1300 specialiter
1763 1238 1805 1283 ac
1819 1220 1918 1283 nomi·

318 1326 420 1390 natim
434 1324 560 1390 Fratres
574 1324 730 1390 Thomam
745 1324 784 1389 de
797 1326 926 1408 Aquino
941 1325 980 1392 de
994 1326 1112 1392 Ordine
1126 1326 1395 1405 Praedicatorum,
1416 1330 1448 1389 et
1463 1323 1722 1391 bonaventuram
1740 1325 1784 1390 de
1804 1326 1917 1392 Ordine

319 1432 480 1498 blinomm
493 1434 635 1499 doctores
648 1432 820 1514 theologia
834 1452 876 1497 ex
889 1438 968 1498 tunc
980 1438 1141 1516 quantum
1153 1434 1189 1499 in
1202 1435 1248 1498 eis
1266 1439 1367 1513 esset,
1391 1435 1427 1498 in
1447 1433 1629 1499 societatem
1649 1434 1918 1499 scholasticamet

318 1539 359 1605 ad
371 1539 615 1606 Universitatem
634 1539 844 1605 Parisiensem
862 1541 1058 1624 reciperent,
1078 1546 1110 1606 et
1127 1560 1275 1626 expresse
1290 1541 1432 1606 doctores
1446 1543 1532 1625 ipsos
1548 1543 1725 1626 reciperent
1737 1546 1779 1607 ut
1798 1542 1919 1624 magis-

322 1653 386 1714 tros
394 1649 417 1713 ¹.
432 1669 448 1709 1
463 1647 692 1714 Verumtamen
711 1649 876 1732 promissis
897 1666 964 1713 non
981 1653 1095 1714 stetere
1115 1649 1319 1714 Academici:
1338 1668 1416 1713 nam
1435 1668 1523 1731 aegre
1545 1650 1680 1715 terentes
1696 1649 1915 1733 palinodiam,

319 1774 417 1839 quam
434 1760 544 1821 contra
564 1755 749 1821 Parisiensis
762 1755 982 1821 Universitatis
994 1758 1085 1840 jussa
1098 1757 1277 1822 cecinerant
1292 1758 1450 1838 Anagniae
1468 1757 1635 1839 magistri,
1654 1758 1738 1841 passi
1759 1776 1833 1822 non
1848 1762 1918 1821 sunt

319 1867 356 1927 ut
368 1863 512 1947 Aquinas
524 1867 556 1927 et
570 1861 793 1929 Bonarentura
812 1863 989 1945 magisterii
1008 1864 1089 1928 rude
1105 1864 1312 1929 donarentur.
1331 1864 1391 1928 Ubi
1408 1863 1544 1930 Parisios
1561 1865 1653 1930 rediit
1666 1864 1915 1944 Bonaventura,

319 1988 450 2053 sperans
461 1971 541 2035 torte
555 1990 589 2036 se
602 1975 796 2037 conventum
809 1972 844 2035 in
855 1972 991 2055 episcopi
1006 1971 1080 2035 aula
1091 1972 1295 2049 habiturum,
1311 1972 1445 2055 diruptis
1459 1972 1610 2036 omnibus
1622 1972 1792 2037 modestiae
1805 1972 1917 2047 modis,

320 2078 356 2141 in
367 2079 475 2144 virum
488 2082 672 2162 ceteroquin
686 2079 845 2144 insontem
858 2080 1000 2143 furentes
1012 2076 1196 2144 debacchati
1209 2083 1285 2142 sunt
1298 2078 1488 2143 Academici.
1512 2078 1644 2143 interim
1662 2080 1841 2144 commisso
1861 2079 1917 2142 sibi

321 2186 415 2267 gregi
426 2204 491 2250 non
506 2186 625 2266 detuit,
645 2186 698 2250 sed
717 2187 837 2269 proluit
849 2188 1012 2251 maxime:
1038 2206 1115 2252 nam
1129 2205 1204 2250 cum
1219 2187 1340 2250 videret
1359 2187 1478 2265 multa,
1498 2188 1633 2271 haecque
1654 2189 1859 2252 runcatione
1875 2188 1917 2250 di-

320 2311 405 2374 gna,
423 2292 555 2357 malain
569 2291 719 2358 Ordinem
739 2294 920 2359 clanculum
938 2295 1121 2378 irrepsisse,
1142 2297 1237 2380 coepit
1255 2297 1414 2379 gradatim
1430 2317 1468 2362 ea
1485 2297 1669 2374 restituere,
1688 2315 1763 2380 quae
1783 2313 1919 2359 consue-

321 2400 398 2464 tudo
417 2400 532 2465 vitiosa
546 2398 739 2465 detraxerat.'
756 2402 791 2466 ld
809 2421 876 2487 quo
893 2403 1018 2467 facilius
1035 2408 1163 2484 ageret,
1181 2405 1367 2487 epistolam,
1389 2423 1488 2488 quam
1507 2405 1700 2487 encyclicam
1722 2403 1917 2480 nominant,

321 2526 396 2571 cum
410 2508 474 2572 sale
483 2506 693 2572 humanitatis
706 2527 869 2591 sparsam,
884 2515 955 2574 tum
969 2511 1089 2574 amoris
1102 2512 1186 2575 notis
1198 2512 1379 2594 insignem,
1395 2513 1549 2577 universo
1562 2513 1647 2577 dedit
1660 2512 1793 2590 Ordini;
1808 2511 1843 2574 in
1858 2527 1918 2591 qua

321 2632 355 2679 se
368 2619 472 2680 totum
491 2618 527 2679 in
546 2617 760 2681 convellendis
779 2618 872 2682 malis
889 2622 1080 2699 occupatum
1098 2619 1244 2683 ostendit.
1267 2619 1342 2683 llaec
1362 2638 1458 2702 porro
1477 2620 1628 2703 epistola,
1650 2637 1724 2702 quae
1746 2619 1836 2682 inter
1852 2619 1918 2697 ejus

322 2720 424 2804 Opera
433 2723 614 2800 collocatur,
631 2723 758 2789 Parisiis
771 2724 844 2789 data
857 2724 918 2788 luit
930 2743 1015 2788 anno
1028 2728 1118 2805 1117,
1132 2730 1152 2790 9
1167 2726 1225 2790 cal.
1238 2726 1325 2790 maii.
1337 2725 1429 2790 Hisce
1442 2728 1538 2792 rebus
1552 2716 1916 2791 Bonaventurae'sotlici-

323 2829 412 2907 tudo,
427 2832 539 2895 nitoris
552 2833 657 2911 ardor,
673 2832 847 2914 sapientia,
862 2851 900 2895 ac
910 2833 1082 2914 prudentia
1095 2834 1140 2897 sic
1153 2834 1313 2910 inclaruit,
1328 2840 1366 2898 ut
1378 2834 1559 2899 Alexander
1573 2833 1624 2912 IV,
1641 2835 1695 2897 cui
1708 2851 1842 2897 summo
1855 2835 1918 2896 crat

322 2937 357 3002 in
370 2937 488 3021 pretio,
507 2939 700 3021 gravissimo
717 2940 758 3002 ad
769 2939 860 3002 illum
879 2938 1057 3022 Diptomatc
1075 2942 1192 3019 misso,
1211 2960 1277 3005 non
1295 2942 1390 3006 modo
1410 2942 1543 3006 calcaria
1560 2940 1735 3020 addiderit,
1756 2941 1814 3004 sed
1833 2938 1917 3002 miris

322 3043 415 3110 illum
431 3047 582 3115 laudibus,
598 3048 695 3111 etiam
715 3048 868 3112 evexerit.
891 3046 1008 3113 Notntu
1028 3054 1104 3112 sunt
1122 3048 1241 3129 digna,
1266 3067 1339 3131 quae
1360 3049 1401 3112 ad
1421 3048 1540 3112 calcem
1564 3049 1748 3132 intomatis
1771 3045 1916 3131 adjunxit

323 3157 524 3222 Alexander:
541 3179 557 3217 c
575 3155 751 3233 Caetemm,
770 3158 879 3239 inquit
888 3162 911 3236 ³,
929 3157 1006 3238 quia
1019 3174 1078 3239 pro
1093 3161 1178 3221 certo
1194 3162 1360 3236 tenemus,
1383 3156 1469 3239 quod
1484 3157 1558 3220 data
1572 3157 1612 3219 sit
1626 3157 1685 3221 tibi
1702 3157 1830 3220 ccelitus
1845 3172 1916 3236 gra-

322 3266 366 3330 tia
381 3263 515 3346 regendi
533 3263 703 3328 salubriter
722 3266 878 3347 populum
898 3270 1043 3329 sanctum
1064 3264 1139 3343 Dei,
1163 3283 1200 3328 ac
1223 3266 1366 3347 ejusdem
1388 3264 1608 3346 gubernacula
1623 3265 1747 3329 Ordinis
1770 3279 1915 3346 prospere

323 3372 497 3454 dirigendi3
513 3370 655 3436 Nobisde
667 3377 698 3436 te
707 3373 824 3436 Oducia
834 3391 954 3454 magna
963 3372 1124 3455 praebetur
1133 3373 1392 3454 (a),quoddictus
1408 3372 1490 3437 Ordo
1504 3377 1536 3436 te
1548 3371 1595 3434 illi
1609 3371 1800 3454 praesidente
1816 3368 1916 3434 conti-

323 3480 429 3544 nuatis
445 3483 624 3544 concrescet
637 3481 841 3562 augmentis,
859 3482 993 3561 ejusque
1007 3483 1127 3558 status,
1144 3484 1273 3543 auctore
1294 3479 1378 3559 Deo,
1399 3484 1491 3561 grate
1505 3480 1654 3566 suscipiet
1669 3497 1726 3562 per
1740 3483 1839 3544 tuum
1856 3474 1915 3540 mi·

323 3587 492 3652 nisterium
505 3589 703 3653 incrementa
718 3590 914 3651 virtutum...
930 3587 1043 3651 Datum
1058 3586 1195 3664 Viterbi,
1215 3591 1253 3649 te
1269 3587 1327 3650 cal.
1345 3587 1509 3665 novemb,
1525 3606 1611 3651 anno
1627 3589 1716 3652 1157.

364 3695 431 3760 Sub
444 3695 515 3760 baec
529 3697 720 3761 tumultuari
733 3696 854 3760 desiere
871 3694 1064 3761 Parisienses
1078 3694 1279 3773 Academici,
1294 3700 1326 3758 et
1342 3712 1419 3777 pace
1436 3713 1511 3758 cum
1526 3694 1779 3758 blendicantibus
1795 3698 1916 3760 utcum-

324 3822 388 3886 que
402 3803 502 3883 inita,
516 3805 683 3887 Principio
699 3824 717 3868 a
733 3802 959 3869 bonaventura
975 3803 1059 3866 circa
1073 3803 1191 3866 mensis
1209 3802 1346 3866 octobris
1360 3803 1460 3866 tinem
1477 3802 1605 3882 habits,
1624 3801 1789 3882 volentes,
1807 3802 1915 3867 nolen-

325 3916 392 3990 tes,
406 3911 578 3976 interfuere
594 3934 601 3976 :
626 3913 734 3996 sicque
749 3910 923 3994 Magisterii
936 3911 1104 3990 lauream,
1124 3929 1222 3992 quam
1244 3928 1301 3996 per
1319 3929 1486 3975 summum
1504 3910 1593 3974 netas
1608 3910 1648 3973 ab
1663 3911 1717 3974 illo
1734 3911 1915 3975 nitebantur

324 4018 461 4098 auterre,
476 4018 615 4083 obtinuit
625 4019 765 4083 tandem.
779 4016 840 4082 Sed
855 4019 932 4101 quid
946 4019 986 4082 ab
999 4037 1085 4082 anno
1100 4022 1189 4096 1151,
1205 4037 1270 4100 quo
1283 4037 1359 4082 cum
1372 4018 1531 4102 Aquinate
1540 4016 1713 4098 Magisterii
1726 4017 1808 4082 rude
1821 4018 1914 4081 doua-

324 4125 468 4206 tusfuit,
481 4127 636 4211 usquead
650 4145 772 4190 annum
787 4130 877 4207 racc,
892 4145 958 4209 quo
974 4126 1105 4189 comitia
1118 4125 1282 4207 generalia
1293 4124 1452 4190 Narbonae
1469 4125 1651 4201 celebravit,
1667 4124 1756 4207 quid,
1772 4126 1913 4208 inquam,

324 4234 378 4298 ille
391 4235 504 4316 egerit,
518 4252 715 4316 quamquam
728 4233 820 4297 nobis
833 4237 1033 4316 compertum
1047 4234 1185 4312 nonsit,
1198 4236 1343 4316 conjectu
1356 4238 1463 4297 tamen
1475 4250 1615 4316 pronum
1629 4237 1692 4312 est,
1706 4232 1740 4295 in
1754 4232 1818 4297 hoc
1830 4232 1913 4296 illurn

325 4342 501 4419 laborasse,
522 4345 560 4404 ut
579 4340 805 4405 Parisiensium
824 4341 1014 4406 damnatum
1030 4341 1175 4405 libellum
1195 4343 1311 4423 scripto
1328 4342 1515 4406 confutaret.
1535 4339 1655 4404 Verum
1671 4341 1710 4404 de
1728 4341 1846 4424 scripto
1860 4339 1915 4402 hoc

325 4451 413 4514 alias.
429 4450 523 4514 Anno
536 4448 643 4530 itaque
657 4451 756 4528 1161),
777 4448 811 4511 in
826 4447 1025 4513 Pentecostes
1038 4451 1136 4530 festo,
1158 4449 1244 4531 quod
1258 4449 1292 4511 in
1307 4452 1346 4511 10
1360 4448 1419 4510 cal.
1433 4447 1520 4530 J'unii
1536 4447 1665 4524 incidit,
1682 4449 1805 4512 vocatis
1817 4444 1912 4512 comi-

325 4557 397 4636 tiis,
414 4555 564 4620 Generale
580 4554 759 4637 Capitulum
774 4553 932 4620 Narbonae
952 4557 1040 4637 egit,
1056 4556 1090 4619 in
1107 4575 1174 4638 quo
1193 4573 1268 4619 cum
1287 4554 1388 4618 multa
1401 4554 1587 4637 prudenter,
1606 4558 1679 4619 tum
1693 4560 1778 4619 recte
1793 4553 1912 4627 sanxit,

326 4682 400 4747 quae
413 4661 678 4727 multum'Ordini
693 4660 853 4744 proluere.
869 4662 981 4727 Jussus
991 4663 1074 4727 hica
1088 4663 1234 4729 Patribus
1247 4661 1325 4738 luit,
1344 4665 1381 4725 ut
1393 4661 1617 4744 perquisitius,
1634 4681 1732 4744 quam
1747 4664 1912 4728 0011111111-

327 4772 543 4850 traiecerant,
562 4769 668 4836 Sancti
684 4769 843 4834 Francisci
857 4769 962 4834 Vitam
978 4772 1211 4836 conscriberet:
1228 4788 1326 4853 quem
1340 4769 1472 4853 quidem
1485 4770 1627 4834 laborem
1642 4789 1707 4834 non
1721 4771 1909 4854 suscepisset,

327 4881 389 4944 nisi
400 4880 492 4943 illum
506 4881 656 4945 Fratrum
669 4879 796 4959 terrens
811 4879 978 4962 incitasset
989 4877 1141 4962 affectus,
1157 4877 1316 4963 pancratis
1335 4894 1457 4960 quoqne
1473 4879 1611 4959 capituti
1629 4894 1758 4945 concors
1770 4877 1911 4945 1111111111·

327 4995 375 5057 111
391 4990 584 5055 1111111111.
602 4987 746 5051 Generali
760 4987 864 5051 soluto
876 4986 1033 5068 capitulo,
1049 5006 1087 5051 ac
1099 4988 1251 5052 omnibus
1264 4986 1423 5068 sapienter
1437 4986 1633 5064 constitutis,
1652 4983 1752 5050 Gallia
1764 4987 1910 5069 protectus

245 5089 248 5094 ⁴
328 5104 376 5164 est
387 5097 514 5177 statim,
529 5098 567 5160 ut
580 5096 681 5162 locum
692 5097 851 5179 0111111111,
865 5097 1138 5176 conversationis,
1154 5102 1185 5164 ct
1198 5097 1359 5164 transitus
1378 5094 1453 5162 1111
1467 5092 1594 5173 Sancti,
1611 5092 1787 5175 Francisci,
1802 5092 1907 5166 1111111,

365 5227 407 5276 1111
420 5236 498 5288 opere
510 5222 540 5272 de
553 5220 658 5286 Apibus,
672 5221 717 5272 lib.
730 5222 750 5271 11
758 5259 767 5287 ,
782 5237 805 5272 c.
815 5233 843 5284 x,
857 5236 885 5273 n.
895 5224 934 5285 23,
949 5236 976 5286 p.
988 5224 1044 5275 115.

359 5296 454 5361 ¹Apud
467 5294 611 5355 Basilicum,
624 5297 687 5342 tom.
701 5294 751 5357 111,
765 5308 792 5358 p.
803 5297 860 5344 315.

360 5368 445 5420 ⁸tlide
459 5371 522 5417 tom.
535 5367 556 5416 11
570 5363 665 5415 1111111.
678 5365 817 5429 Waddingi
830 5364 863 5414 ad
872 5378 935 5414 ann.
948 5368 1017 5430 1257,
1033 5379 1059 5430 p.
1072 5369 1126 5425 161,
1139 5379 1166 5415 n.
1178 5376 1205 5416 x.

360 5441 408 5492 ts.
419 5441 518 5490 11011111.
530 5435 559 5487 in
571 5433 673 5500 Protoq.
691 5435 794 5486 11111.
806 5436 945 5487 1111111111.
959 5463 990 5476 -
1005 5436 1037 5502 (a)
1050 5435 1120 5488 Edit.
1134 5436 1192 5486 Ven.
1202 5436 1338 5500 probetur.
