4100 6300
336 452 429 499 mu
809 432 859 497 OE
879 429 1055 496 SCRlP'l'lS
1076 427 1109 494 S.
1131 428 1449 512 BONAVENTURAE,

337 570 444 639 obitus
457 569 491 636 S.
503 568 655 648 Thomae,
670 573 702 634 et
714 587 790 635 vere
801 568 919 646 sancti,
935 572 965 633 et
980 565 1114 649 gloriosi
1126 565 1252 631 Domini
1263 564 1519 646 Bouaventurae,
1535 585 1674 649 quorum
1686 572 1812 654 primus
1824 551 1937 637 obiiti

338 679 457 756 martii,
473 678 556 743 alius
570 679 642 743 idus
650 677 726 760 julii
740 678 912 760 sequentis,
926 680 1071 757 tempore
1085 674 1209 738 concilii
1223 675 1381 756 generalis
1395 675 1618 758 Lugdunensis
1631 697 1688 761 per
1701 679 1938 761 GregorinmX

339 787 497 852 celebrati.
512 809 528 845 a
546 786 674 850 Accedit
687 784 740 849 Fr.
756 783 891 848 lacobus
906 782 1072 866 Philippus
1086 784 1277 863 cognomine
1290 781 1455 863 Forestus,
1472 785 1575 867 patria
1588 784 1834 867 Bergomeusis,
1851 788 1938 852 ordi-

338 896 389 959 nis
401 894 616 959 Eremitarum
630 891 662 957 S.
679 891 872 973 Augustini,
890 890 945 973 qni
960 908 1035 955 cum
1047 909 1177 954 summa
1189 890 1330 954 nominis
1350 891 1530 957 celebritate
1546 894 1657 976 quinto
1671 894 1796 959 decimo
1807 896 1939 960 labente

339 1003 447 1068 seculo
460 1003 621 1067 inclaruit.
639 1000 675 1064 ln
689 1000 919 1066 Chronicorum
933 997 1161 1080 Supplemcnto
1174 1003 1183 1036 ¹
1198 998 1393 1080 apertissimo
1407 1005 1584 1080 memorat,
1598 1007 1629 1065 et
1642 1002 1753 1065 asserit
1765 1001 1939 1067 bonaven-

338 1116 422 1176 turae
436 1110 576 1193 Scripta,
597 1128 671 1192 quac
687 1127 761 1172 cnm
775 1107 916 1170 maximo
928 1104 1037 1170 labore
1053 1106 1151 1170 edidit
1163 1106 1197 1168 in
1211 1110 1351 1186 quatuor
1365 1104 1604 1172 Sententiarum
1618 1107 1738 1173 Libros.
1758 1133 1774 1170 c
1789 1110 1849 1173 llis
1863 1114 1942 1173 tem·

339 1215 494 1298 poribus,
514 1213 645 1297 inquit²
658 1211 703 1278 ad
721 1227 845 1277 anuum
864 1211 954 1284 1168,
970 1214 1086 1291 praeter
1104 1213 1302 1276 sanctitatem
1320 1216 1514 1294 maximam,
1529 1217 1625 1279 ctiam
1642 1217 1768 1297 ingenii
1786 1219 1898 1298 gratia
1912 1223 1942 1281 et

339 1322 527 1387 auctoritate
545 1320 719 1404 praeditns,
740 1317 936 1382 clarissimus
947 1316 983 1379 in
996 1321 1061 1381 toto
1076 1316 1158 1383 Orbe
1170 1320 1298 1384 habitus
1311 1325 1378 1385 est:
1400 1323 1456 1404 qui
1470 1340 1538 1405 prae
1553 1323 1664 1386 ceteris
1680 1323 1874 1389 Ductoribus
1889 1324 1939 1387 lu-

341 1429 557 1495 culentissime
566 1431 598 1493 et
607 1428 731 1512 copiose
741 1446 837 1509 super
846 1431 986 1509 quatuor
997 1425 1236 1491 Sententiarum
1247 1428 1345 1492 libros
1354 1428 1489 1512 scripsit.
1502 1452 1517 1489 n
1530 1430 1655 1495 Similia
1667 1431 1765 1496 habes
1773 1431 1811 1495 in
1821 1430 1941 1495 llarth·

340 1555 438 1602 mano
452 1534 602 1616 schedel,
616 1535 651 1599 in
664 1532 896 1599 Chronicorum
910 1533 1031 1618 Opere,
1045 1534 1085 1598 ad
1099 1539 1222 1598 sextam
1236 1535 1350 1600 mundi
1363 1539 1502 1602 aetatem.

960 1810 1072 1879 Testes
1094 1810 1197 1879 seculi
1218 1811 1312 1882 XVI.

382 2030 519 2095 Joannes
530 2048 550 2092 a
562 2026 738 2092 nativitatis
752 2027 822 2090 loco
839 2025 1037 2090 ‘trithemius
1054 2029 1281 2108 nuncupatus,
1301 2027 1432 2092 natione
1452 2027 1645 2108 Germanus,
1662 2030 1759 2095 abhas
1772 2028 1942 2114 Spanebe-

342 2137 480 2216 mensis,
503 2136 622 2201 ordinis
636 2133 669 2198 S.
683 2133 861 2212 Benedicti,
882 2133 939 2216 qui
955 2134 1176 2216 compluribus
1196 2134 1271 2213 otii,
1294 2135 1483 2218 ingeniique
1501 2136 1551 2200 sui
1569 2138 1787 2201 monumentis
1804 2139 1942 2218 relictis,

343 2246 476 2311 decessit
488 2244 539 2309 die
554 2247 592 2306 13
607 2241 749 2306 decemb.
766 2260 821 2304 an.
836 2243 927 2317 1516,
943 2240 1028 2305 inter
1042 2259 1099 2317 ca,
1114 2257 1188 2323 quae
1199 2239 1434 2306 Bonaventurae
1447 2244 1608 2323 attribuit,
1622 2245 1753 2309 collocat
1769 2245 1943 2310 Commen-

289 2386 294 2399 ·
343 2353 424 2417 turia
437 2352 583 2433 ejusdem
598 2373 614 2410 c
627 2365 720 2431 super
736 2349 932 2428 Sententiae,
947 2348 1004 2411 lib.-
1019 2347 1071 2427 lv,
1090 2349 1190 2430 princ.
1209 2348 1377 2429 Profunda
1390 2350 1619 2417 Flauiorum.»
1635 2350 1728 2416 llisce
1743 2372 1841 2435 porro
1857 2354 1945 2418 Com·

345 2459 510 2524 mentcriis
528 2475 750 2540 sepenumero
764 2457 867 2520 utitur
885 2455 1022 2520 loannes
1040 2454 1176 2533 Echins,
1195 2456 1324 2519 natione
1340 2455 1483 2534 Suevus,
1503 2458 1638 2522 malleus
1651 2477 1688 2522 ac
1701 2460 1841 2524 domitor
1859 2460 1944 2524 blar-

343 2566 405 2630 tini
422 2565 571 2643 Lutheri,
591 2562 728 2646 Philippi
743 2562 1013 2641 Melanchthonis‚
1035 2560 1222 2639 Pomorum,
1244 2568 1496 2646 caeterorumque
1516 2569 1720 2630 novatorum.
1738 2565 1791 2630 Sic
1804 2568 1898 2630 enim
1912 2567 1944 2630 in

345 2672 629 2756 predestinationis
649 2671 779 2752 negotio
795 2688 828 2733 se
840 2667 1077 2734 Bonaventurae
1091 2669 1241 2746 credidit,
1258 2674 1296 2733 ut
1308 2671 1342 2732 in
1357 2672 1534 2754 perdifficili
1549 2677 1580 2736 et
1593 2673 1752 2738 salebrosa
1767 2673 1829 2737 hac
1843 2679 1945 2737 mate

346 2781 413 2857 ris,
429 2783 500 2863 ejus
512 2779 658 2860 vestigiis
672 2778 818 2841 insistere
836 2777 1003 2855 maluerit,
1023 2795 1123 2860 quarn
1141 2777 1300 2859 theologis
1314 2779 1437 2842 ceteris.
1458 2778 1616 2843 Audiatur
1628 2780 1680 2845 vel
1695 2782 1760 2864 ipse
1776 2780 1900 2845 Eckius
1913 2781 1944 2843 in

347 2887 436 2951 hunc
448 2887 583 2951 modum
597 2885 758 2949 scribens*
772 2908 779 2949 :
797 2908 812 2946 1
826 2884 909 2949 linos
921 2883 1082 2967 praecipue
1094 2884 1283 2964 venerabor,
1299 2884 1417 2949 Divum
1429 2886 1546 2950 scilicet
1558 2885 1766 2951 Eustachium
1779 2887 1945 2952 11111111-

347 2999 476 3073 turam,
490 2997 522 3058 et
534 2991 690 3057 loannem
709 2990 840 3056 Scotum
857 2997 1070 3073 cognomento
1084 2990 1241 3055 Subtilem
1256 3011 1264 3056 :
1283 3010 1348 3057 non
1366 2997 1474 3057 tamen
1488 3013 1542 3058 eos
1559 2995 1690 3077 perinde
1705 2995 1830 3060 habebo
1843 3014 1883 3060 ac
1895 2996 1944 3078 ly·

348 3101 439 3167 dium
453 3100 609 3184 lapidem,
623 3105 661 3164 ut
674 3099 714 3163 ab
726 3116 841 3164 eorum
851 3099 1007 3163 sententia
1023 3098 1069 3181 (si
1084 3098 1128 3163 ita
1140 3099 1247 3165 visum
1258 3100 1372 3183 fuerit)
1388 3119 1455 3166 uon
1468 3100 1561 3166 liceat
1571 3103 1730 3168 recedere.
1748 3126 1763 3164 n
1778 3102 1823 3168 Oe
1837 3104 1945 3169 indus

348 3210 410 3274 tria
429 3209 566 3274 Eckiunr
586 3206 836 3291 appellavimus,
860 3211 984 3270 utnon
1003 3207 1100 3271 modo
1122 3208 1201 3270 tanti
1217 3207 1318 3290 buJus
1339 3208 1401 3272 viri
1424 3209 1606 3274 testimonio
1627 3216 1806 3290 uteremur,
1833 3212 1891 3275 sed
1912 3214 1946 3274 ut

350 3317 446 3382 etiam
464 3316 637 3380 sciolorum
655 3315 869 3397 quorumdam
883 3315 1050 3378 audaciam
1066 3314 1307 3395 frangerenrus,
1327 3315 1385 3397 qui
1403 3314 1639 3381 Bonaventurae
1656 3317 1897 3382 Commentario
1907 3317 1945 3379 ir·

348 3425 453 3489 rident
465 3427 498 3488 et
515 3426 690 3505 respuunt,
707 3441 745 3486 ea
760 3423 882 3486 ratione
900 3420 1000 3497 ducti,
1017 3421 1102 3503 qnod
1118 3422 1241 3485 nudam
1255 3426 1287 3486 et
1303 3422 1522 3486 scholasticam
1538 3425 1763 3505 garrulitatem
1779 3424 1944 3508 complech‘

350 3531 491 3596 credant.
511 3530 656 3596 Ceterum
673 3547 738 3594 non
752 3529 844 3592 nobis
861 3529 978 3593 desunt
993 3532 1105 3607 testes,
1123 3529 1221 3611 hique
1235 3529 1322 3592 haud
1335 3530 1512 3611 ignobiles,
1530 3532 1589 3614 qui
1606 3530 1840 3597 Commentaria
1856 3538 1888 3596 et
1897 3549 1945 3613 ap

350 3639 504 3722 probent,
525 3643 557 3702 et
574 3636 698 3702 Ductori
716 3641 824 3700 nostro
840 3641 1001 3700 asserant:
1022 3636 1076 3699 sed
1094 3635 1190 3697 nimis
1205 3636 1342 3717 longum
1358 3637 1472 3701 afferre
1487 3656 1610 3702 omncs.
1625 3637 1695 3703 Jam
1712 3658 1791 3721 ergo
1808 3639 1945 3721 gradum

350 3746 504 3811 iaciemus
520 3745 560 3810 ad
576 3746 728 3827 antiquas
745 3743 1056 3809 Commentariorum
1075 3742 1249 3821 editiones,
1269 3743 1481 3827 exemplaria,
1501 3750 1597 3827 atque
1614 3746 1846 3829 manuscripta.

792 4001 942 4095 Antiqua
954 4001 1274 4071 Commentariomm
1286 4001 1497 4094 exemplaria.

394 4231 547 4315 Princeps
570 4230 739 4311 omnium,
768 4235 806 4296 ut
828 4231 1037 4310 arbitramur,
1067 4229 1377 4295 Commentariorum
1409 4229 1505 4295 editio
1532 4229 1668 4295 Tarvisii
1702 4231 1863 4296 elaborata
1890 4230 1944 4295 tuit

354 4359 440 4405 auno
459 4343 549 4415 1177,
575 4357 672 4422 opera
688 4338 833 4421 Magistri
852 4338 1006 4403 Hermoni
1028 4336 1243 4402 Lichtenstein
1260 4337 1295 4401 in
1312 4338 1366 4402 iol.
1386 4337 1484 4421 Cujus
1501 4349 1577 4402 sane·
1594 4337 1748 4403 Editionis
1769 4358 1876 4404 unum
1894 4355 1943 4402 so·

352 4446 487 4529 lumque
503 4448 538 4510 in
556 4444 584 4509 ll
607 4445 842 4511 Sententiarum
868 4429 1033 4528 exemplar
1056 4444 1153 4509 Nobis
1174 4445 1347 4527 superfuit,
1373 4445 1459 4527 quod
1477 4446 1563 4529 apud
1585 4443 1748 4509 Nostrates
1768 4445 1893 4511 Patavii
1911 4445 1943 4507 in

354 4551 548 4619 Ribbotheca
574 4551 607 4618 8.
633 4552 810 4631 Francisci,
829 4559 899 4616 tum
922 4554 1009 4636 apud
1033 4552 1196 4616 Minoritas
1218 4552 1389 4617 Strictioris
1414 4552 1630 4618 Obseruantia
1650 4553 1791 4618 Tridenti
1813 4554 1849 4617 in
1866 4550 1939 4616 Bibl.

353 4661 389 4727 S.
409 4660 561 4726 Bernardi
577 4664 735 4726 servatur.
753 4658 925 4742 Exemplar
946 4661 1030 4739 hoc,
1049 4660 1134 4741 quod
1150 4660 1250 4723 nitido
1268 4660 1448 4724 charactere
1463 4665 1631 4725 exaratum
1650 4666 1714 4742 est,
1734 4659 1799 4725 Nos
1816 4662 1942 4743 quidem

354 4773 481 4846 movet,
501 4772 540 4833 ut
556 4768 694 4833 aliorum
713 4766 1023 4832 Commentariorum
1042 4767 1206 4850 ploremus
1216 4769 1387 4849 jacturam.

395 4877 539 4958 Itemque
551 4876 585 4939 in
594 4879 843 4940 commemorata
852 4872 1037 4939 Tridentina
1050 4873 1254 4952 bibliotheca,
1265 4873 1538 4939 Commentarium
1549 4879 1637 4939 extat
1649 4877 1684 4939 in
1693 4875 1720 4939 ll
1734 4876 1856 4942 librum
1869 4876 1942 4942 Sen-

353 4984 540 5064 tentiarum,
551 4982 636 5066 quod
647 5001 722 5046 cum
731 4982 801 5045 aliis
812 4980 1085 5046 Venetitstortasse
1095 4981 1221 5046 edidere
1229 4979 1489 5047 Theodericusde
1498 4981 1717 5064 lteynsburch,
1729 4988 1761 5047 et
1769 4983 1942 5068 Raynaldus

354 5093 394 5158 de
406 5091 599 5172 Novimagio
612 5088 705 5168 Socii,
721 5108 774 5152 an.
792 5091 883 5165 1177,
897 5088 997 5153 insol.
1016 5107 1122 5172 :opus
1140 5089 1509 5171 perexcellentissimum.
1528 5089 1561 5155 8.
1581 5088 1765 5172 Theologiae
1785 5091 1941 5157 Doctorem

355 5199 482 5281 Magist.
496 5197 654 5262 Thomam
669 5195 812 5261 Penketh
827 5196 1001 5278 Anglicum
1017 5197 1091 5263 Ord.
1106 5195 1166 5260 llll.
1182 5195 1315 5262 Eremit.
1331 5196 1364 5262 S.
1379 5197 1574 5279 Augustini,
1593 5201 1631 5264 ta
1643 5199 1861 5278 famosissimo
1877 5200 1942 5267 Stu-

388 5367 397 5403 ¹
408 5365 464 5416 Lib.
475 5367 542 5417 lllll.
552 5390 583 5401 -
593 5364 676 5429 ’Peg
684 5357 741 5423 att.
750 5388 782 5401 -
791 5363 802 5399 ⁸
811 5363 905 5428 Script.
920 5362 1068 5424 ecclesiast,
1079 5362 1124 5416 tol.
1136 5375 1182 5415 cu.

386 5436 624 5501 11101111111111,
639 5447 685 5485 seu
695 5432 725 5483 de
736 5432 920 5497 Prodertr'nct,
933 5434 994 5485 edit.
1006 5438 1114 5499 August.
1129 5434 1240 5495 vindeb,
1257 5437 1327 5500 1511,
1341 5438 1410 5487 cent.
1419 5448 1440 5499 r,
1455 5438 1504 5486 art.
1515 5439 1539 5499 t,
1553 5447 1640 5489 mxu.
