4100 6300
610 457 802 523 marmor.
820 457 926 523 xxxi.
949 456 1065 523 enar.
1087 460 1127 525 11.
1433 434 1435 441 '
1604 468 1663 528 nn

48 572 55 581 ἃ
80 601 271 686 indifferens,
286 596 343 679 qui
357 598 404 658 est
416 611 491 657 cum
508 591 623 657 dicitur
634 609 772 675 persono
784 596 838 659 trr-
893 613 967 657 sum
981 593 1108 660 Patrem
1119 599 1156 658 ut
1166 595 1207 661 ad
1224 596 1420 674 terminum3
1436 599 1468 659 et
1485 595 1548 661 hoc
1560 601 1663 680 patet,

80 711 224 795 differens
235 730 248 773 .·
259 706 321 770 hoc
335 706 444 768 autem
457 702 584 766 falsum.
894 720 968 765 cum
977 703 1137 767 diciturad
1147 722 1217 768 rem
1226 704 1428 786 coaequandae
1441 704 1477 787 lt)
1488 706 1546 783 rei,
1556 707 1662 788 idest,

893 827 1038 891 persona
1049 810 1121 874 Filii
1135 811 1172 875 ad
1187 830 1357 894 personam
1373 812 1408 896 lc]
1425 811 1540 892 Patris3
1561 819 1592 878 et
1607 834 1665 898 per

384 916 452 961 DUB·
466 915 512 960 ¹¹¹·
893 916 954 980 hoc
960 918 1141 982 excluditur
1146 919 1400 1002 personaPatris3
1410 924 1441 985 et
1448 940 1504 1004 per
1510 922 1571 986 hoc
1579 924 1664 1006 quod

48 1102 52 1111 ‚
79 1045 230 1107 lmagoergo
242 1040 330 1092 estrei
345 1041 377 1090 ad
395 1053 451 1089 rem
471 1037 636 1101 coaequanda
652 1034 837 1100 (olimaginata
893 1023 1010 1088 dieitur
1025 1026 1225 1109 titudinem,
1241 1028 1422 1092 excluditur
1440 1047 1575 1111 persona
1593 1029 1664 1110 Spi-

285 1109 621 1163 0²1⁰ffl⁵⁰l³t⁸⁸imffiffld⁰·
892 1130 1239 1217 ritussanot13perhoc
1255 1135 1341 1218 quod
1350 1135 1661 1218 diciturindtrcreto,

45 1266 49 1273 ¹
113 1247 240 1311 Videtur
255 1246 316 1311 hor
331 1246 463 1323 falsum,
473 1245 552 1326 quia
561 1244 743 1325 frequenter
756 1242 838 1305 ima·
893 1239 1076 1305 excluditur
1094 1242 1163 1324 ipsa
1176 1243 1287 1324 imago
1305 1246 1420 1308 creata.
1436 1243 1476 1307 Et
1488 1243 1665 1312 indisereta

77 1374 117 1437 go
131 1372 195 1417 non
213 1358 397 1434 coaequatur
412 1351 442 1415 ei
456 1354 550 1433 cujus
569 1355 615 1414 est
633 1349 754 1430 imago.
892 1365 960 1410 non
968 1347 1045 1411 dicit
1055 1348 1301 1415 indifferentiam
1310 1351 1526 1435 personalem,
1542 1354 1596 1418 sed
1611 1372 1662 1418 so-

113 1460 200 1539 ltem,
212 1461 239 1523 si
249 1465 296 1524 est
311 1460 350 1523 ad
360 1476 431 1523 rem
445 1459 684 1540 coaequandam,
694 1463 773 1521 tnnc
784 1457 833 1519 vi·
893 1453 962 1518 lum
975 1456 1184 1521 essentialem.

42 1602 43 1605 π
76 1570 163 1633 detur
179 1584 248 1630 esse
265 1566 450 1648 aequalitas,
468 1583 534 1629 non
551 1564 735 1628 similitudo.
932 1561 982 1626 Ad
996 1561 1075 1627 illud
1098 1581 1177 1644 ergo
1196 1564 1283 1646 quod
1302 1564 1449 1647 objicitur
1470 1566 1509 1630 de
1532 1568 1663 1651 aquali·
1690 1630 1699 1659 ,Ι

100 1671 839 1753 ltem,videtnrfalsumdicerecumdicit,irtdta-
893 1670 972 1744 tate,
990 1668 1161 1734 dicendum
1179 1670 1265 1753 quod
1283 1671 1364 1736 illud
1380 1691 1447 1736 non
1461 1676 1508 1736 est
1519 1692 1662 1738 necessa·

74 1781 175 1847 tincto
195 1778 386 1858 similitudo,
403 1779 556 1861 quoniam
570 1778 675 1841 omnis
683 1778 792 1858 imago
807 1783 838 1842 et
893 1774 978 1838 rium
987 1775 1026 1840 de
1036 1781 1140 1841 creata
1152 1778 1305 1859 imagine.
1321 1779 1361 1843 Et
1373 1797 1496 1857 rursus,
1512 1781 1664 1863 quoniam

74 1888 245 1950 similitudo
255 1886 466 1967 distinguitur
473 1885 557 1949 abeo
564 1888 657 1967 eujus
664 1884 836 1965 estimago.
893 1882 999 1964 imago
1014 1882 1090 1948 dicit
1107 1884 1147 1948 de
1165 1885 1288 1949 rationo
1307 1886 1357 1950 sui
1372 1887 1514 1951 nominis
1527 1889 1662 1971 aequali·

113 1994 211 2075 ltem,
235 2008 309 2059 cum
332 1994 429 2058 unius
451 1994 584 2058 reinna
606 1993 646 2056 sit
668 1992 836 2071 dillinitio,
892 1991 991 2052 tatem
1006 1990 1049 2069 (dl
1064 1992 1100 2055 in
1117 1995 1310 2074 quantitate,
1332 1994 1402 2058 ideo
1425 1994 1530 2077 prima
1550 1995 1665 2060 dicitur

73 2102 228 2183 quaeritur
238 2120 303 2184 quo
316 2101 412 2165 modo
425 2100 607 2165 differenter
618 2099 687 2162 istae
700 2099 838 2163 rationes
893 2094 1069 2161 similitudo
1082 2098 1123 2162 ad
1136 2116 1205 2164 ram
1221 2101 1467 2183 coaequandam,
1484 2103 1516 2166 id
1532 2107 1597 2182 est,
1616 2103 1662 2165 si-

73 2210 286 2290 assignentur.
893 2203 1041 2268 mititudo
1053 2208 1230 2272 secundnm
1240 2227 1339 2292 qnam
1348 2229 1399 2275 res
1409 2215 1594 2293 coaequatur
1603 2212 1662 2277 rei.

111 2315 306 2394 Dicendum,
320 2313 407 2395 quod
427 2313 480 2376 hic
503 2312 657 2376 diillnitur
670 2313 779 2394 imago
791 2313 839 2376 in-

71 2426 192 2500 creata,
219 2423 314 2505 prout
334 2424 382 2485 est
402 2419 569 2501 proprium
589 2420 688 2483 solius
701 2418 790 2497 Filii;
808 2422 840 2481 et

70 2529 114 2591 sic
133 2546 260 2611 semper
277 2528 355 2591 dicit
373 2531 552 2607 respectum
575 2525 616 2589 ad
631 2524 781 2590 Patrem:
807 2530 840 2589 et
1139 2511 1171 2560 rt
1183 2510 1244 2575 ‘1⁰¹⁸
1255 2511 1356 2578 imago,
1371 2516 1421 2564 etc.

69 2636 138 2699 ideo
168 2638 206 2699 in
242 2635 345 2718 prima
364 2635 485 2698 ratione
514 2633 647 2715 ponitur
672 2633 839 2715 genitivus
933 2629 1662 2707 Quaeriturdedifferentiahorumtriumnomi-

69 2747 105 2807 ut
134 2743 170 2808 in
194 2743 318 2808 ratione
332 2742 499 2825 principii;
516 2743 550 2804 in
574 2742 729 2821 secunda,
751 2742 839 2806 utin
892 2756 971 2803 num
981 2742 1662 2827 quaeattribuitscilieetepectemmoturom,
1704 2753 1707 2761 ’

1212 2396 1281 2442 DUB.
1305 2398 1350 2443 tv.

70 2852 196 2916 ratione
228 2851 358 2916 termini
386 2872 394 2912 ι
422 2850 577 2933 quoniam
610 2850 721 2931 imago
745 2850 839 2915 debet
893 2850 1129 2927 crescentiam,
1148 2870 1213 2934 quo
1232 2853 1327 2918 modo
1344 2853 1397 2916 hic
1411 2853 1660 2936 distinguantur.

69 2959 249 3041 comparari
281 2958 322 3023 ad
357 2955 500 3036 Patrem,
527 2974 593 3019 non
629 2957 733 3020 solum
768 2962 839 3021 tan-
932 2954 1107 3021 [licendum
1116 2958 1663 3044 quoduniusouJ'usqueiormasub-

71 3084 168 3147 quam
183 3066 225 3130 ad
239 3066 380 3148 aliquam
391 3083 471 3140 rem,
486 3063 555 3127 sive
568 3063 607 3127 ad
620 3064 709 3146 quid,
724 3065 839 3129 sivein
893 3061 1045 3125 stantialis
1059 3066 1090 3126 et
1103 3065 1295 3148 completiva
1310 3067 1428 3153 dicitur
1440 3070 1578 3151 species,
1598 3086 1661 3136 rta-

68 3173 146 3256 quid
161 3174 262 3251 ducit,
276 3172 332 3236 sed
351 3173 447 3236 etiam
465 3191 485 3236 a
502 3191 567 3255 quo
580 3176 707 3236 emanat
729 3174 840 3237 :etita
894 3173 968 3235 tura
979 3175 1011 3234 et
1022 3175 1174 3253 urentia,
1190 3181 1221 3239 et
1236 3175 1297 3239 hoo
1310 3175 1489 3240 secundum
1507 3177 1676 3260 triplicem.

68 3284 155 3361 patet
168 3280 288 3344 harum
306 3278 534 3343 diffinitionum
553 3279 635 3343 ratio
648 3282 681 3343 et
692 3279 780 3344 ordo.
800 3279 840 3344 Et
893 3277 1176 3344 considerationem
1190 3286 1312 3364 :potest
1325 3284 1413 3347 enim
1426 3285 1618 3351 considerari
1627 3286 1663 3350 in

67 3387 175 3469 prima
199 3388 282 3451 ratio
303 3390 367 3450 tres
386 3387 583 3450 conditiones
605 3386 755 3450 continet.
780 3385 840 3451 Per
893 3403 938 3465 se,
950 3390 983 3450 et
997 3387 1042 3451 sic
1058 3389 1172 3454 dicitur
1185 3395 1343 3473 essentie·
1355 3396 1458 3476 potest
1470 3396 1662 3461 considerari

66 3497 210 3576 primam
219 3498 348 3558 notatur
358 3492 459 3557 Filius
469 3512 536 3557 esse
549 3492 590 3557 ab
604 3493 688 3573 alio,
701 3512 776 3556 cum
789 3494 838 3558 di·
893 3491 928 3555 in
944 3495 1179 3576 comparatione
1194 3498 1234 3562 ad
1247 3501 1464 3581 operationem
1481 3503 1660 3586 propriam,

66 3602 152 3665 citur
166 3601 278 3683 imago
298 3603 370 3684 eius
390 3602 438 3665 rei
456 3601 498 3665 ad
515 3620 613 3683 quam
628 3601 837 3683 imaginatur,
894 3606 926 3665 et
937 3603 981 3666 sic
994 3603 1110 3669 dicitur
1121 3613 1259 3687 notura;
1269 3612 1371 3690 potest
1386 3609 1505 3674 iterum
1518 3611 1659 3695 conside-

67 3715 97 3772 et
110 3727 171 3792 per
185 3709 368 3790 genitivum
387 3714 419 3774 et
431 3710 568 3773 verbnm
581 3710 666 3792 quod
679 3715 726 3775 est
739 3712 840 3793 passi·
893 3709 959 3771 rari
980 3709 1016 3772 in
1029 3713 1265 3793 comparatione
1284 3716 1325 3780 ad
1344 3721 1485 3780 nostram
1503 3718 1661 3799 cognitio-

65 3838 161 3883 vum.
174 3819 235 3883 Per
247 3820 423 3883 secundum
435 3823 565 3883 notatur
574 3820 659 3901 quod
673 3825 720 3884 est
728 3839 839 3884 secun-
892 3835 984 3894 nem,
1008 3823 1041 3882 et
1057 3819 1102 3884 sic
1123 3820 1240 3887 dicitur
1262 3821 1391 3906 aperies.
1418 3824 1561 3908 Speciem
1582 3845 1661 3909 ergo

65 3927 147 3992 dum
169 3927 302 3990 modum
320 3944 507 4007 expressum
521 3926 708 4004 emanandi,
724 3928 840 3993 scilicet
892 3921 988 3988 habet
1010 3926 1119 4008 imago
1140 3929 1293 4009 auctoris,
1316 3950 1354 3995 eo
1377 3932 1462 4015 quod
1486 3933 1661 3999 similitudo

65 4053 123 4118 per
138 4034 203 4099 hoc
217 4034 307 4125 quod¹
317 4034 432 4099 dicitur
453 4036 591 4117 motet,
609 4053 683 4117 quae
705 4035 839 4099 includit
892 4035 939 4094 est
948 4033 1039 4114 ejus3
1054 4038 1205 4100 naturam
1219 4043 1327 4103 autem
1337 4039 1443 4117 habet,
1456 4041 1534 4124 quia
1546 4041 1658 4105 simili·

64 4144 244 4226 perlectam
268 4143 510 4207 similitudinem
533 4145 756 4225 cognoscendi.
778 4142 839 4208 Per
892 4144 969 4210 tudo
979 4145 1089 4227 genita
1098 4147 1150 4212 vel
1159 4147 1658 4232 imaginatanaturaliter;essen·

64 4253 199 4316 tertiam
212 4268 289 4315 vero
301 4255 430 4314 notatur
442 4252 528 4332 quod
542 4252 583 4316 sit
595 4252 778 4317 indifferens
793 4271 839 4316 se
891 4252 970 4315 tiam
990 4271 1094 4333 vero,
1117 4255 1194 4337 qnia
1215 4257 1388 4323 similitudo
1410 4259 1579 4326 indiscreta
1603 4279 1661 4343 per

63 4360 216 4423 cundum
230 4358 441 4422 substantiam
453 4405 462 4434 ,
472 4358 589 4422 scilicet
603 4378 660 4441 per
678 4360 740 4424 hoc
752 4361 838 4443 qnod
892 4363 1113 4428 substantiam.

64 4471 112 4531 est
127 4462 333 4547 indifferens.
348 4464 387 4529 Et
399 4483 456 4547 per
469 4465 608 4548 primam
625 4467 838 4532 conditionem
1090 4513 1092 4517 ι
1213 4465 1281 4511 ¹³⁰⁸·
1306 4465 1340 4514 V·

62 4575 179 4638 diliert
195 4592 215 4636 a
234 4570 346 4653 Patre,
365 4577 397 4636 et
415 4574 456 4636 ab
474 4574 628 4655 essentia3
646 4593 704 4658 per
720 4594 837 4640 secun-
1046 4570 1094 4619 m
1107 4569 1225 4634 quam
1238 4570 1434 4637 omnipotentis,
1448 4576 1498 4626 ⁰¹⁰·

62 4683 144 4747 dam
157 4729 168 4761 ,
183 4700 203 4746 a
221 4680 340 4764 Spiritu
361 4685 487 4759 sancto;
507 4687 539 4745 et
556 4700 613 4765 per
632 4684 779 4766 tertiam,
797 4686 838 4749 ab
931 4683 1062 4750 Videtur
1075 4687 1159 4752 male
1174 4689 1278 4754 dicere
1291 4691 1377 4773 quod
1386 4690 1527 4757 Verbum
1541 4692 1597 4758 Ilei
1609 4698 1658 4759 est

61 4789 215 4870 imagine
226 4793 341 4852 creata.
354 4787 393 4852 Et
404 4807 462 4871 per
473 4789 535 4854 hoc
545 4790 632 4872 quod
641 4795 771 4873 spectes,
781 4795 838 4858 etsi
891 4810 944 4856 ars
957 4794 1108 4876 quadam
1122 4797 1349 4880 omnipotentis
1366 4803 1399 4863 et
1417 4800 1568 4883 sapientis
1579 4801 1655 4881 liei,

61 4900 105 4963 de
119 4916 158 4961 se
172 4898 212 4960 sit
230 4897 413 4972 essentiale,
429 4899 538 4961 tamen
558 4900 711 4982 accipitur
730 4902 783 4966 hic
802 4907 839 4967 ut
892 4901 969 4983 qiua
990 4904 1211 4986 unusquisque
1236 4923 1303 4969 non
1335 4906 1492 4973 intellecta
1519 4913 1587 4974 arte
1612 4915 1659 4975 est

61 5008 210 5069 tractum
223 5002 318 5067 estad
331 5021 500 5086 personam
510 5027 519 5084 ;
530 5007 761 5091 etinclitlererta
772 5029 838 5075 non
893 5008 979 5072 iners
992 5030 1000 5073 ε
1013 5028 1092 5091 ergo
1104 5011 1132 5072 si
1145 5009 1247 5075 Filius
1265 5014 1313 5076 est
1330 5031 1382 5078 ars
1394 5014 1513 5096 Patris,
1526 5034 1593 5081 non
1606 5016 1659 5081 in·

61 5113 147 5178 dicit
163 5111 430 5176 indistinctionem
444 5112 478 5175 in
489 5113 551 5179 hoc
560 5116 693 5182 nomine
707 5122 836 5200 spectet,
892 5115 1014 5180 lelleclo
1026 5115 1107 5181 Filio
1119 5135 1203 5198 esse,
1218 5117 1312 5184 Peter
1325 5125 1372 5186 est
1390 5122 1476 5186 iners
1489 5144 1498 5187 ε
1513 5142 1592 5206 ergo
1606 5126 1658 5192 vi-

62 5218 124 5282 sed
139 5219 178 5279 in
196 5216 395 5280 subeuntia:
417 5220 450 5280 et
468 5218 513 5282 sic
533 5225 641 5303 patent
659 5223 782 5306 objecta
799 5227 839 5292 de
891 5233 893 5238 '

60 5324 196 5388 ratione
208 5323 324 5405 prima.
339 5322 405 5389 Hac
417 5327 488 5390 visa
499 5328 645 5393 similiter
660 5336 745 5411 patet
758 5334 839 5398 ratio
892 5391 909 5441 d
924 5321 958 5385 (a)
970 5322 1031 5371 eoet.
1046 5322 1106 5372 erit.
1122 5324 1308 5390 coaequandam
1317 5330 1354 5409 ep.
1368 5353 1396 5364 -
1408 5327 1442 5393 (a)
1453 5329 1514 5380 rtem
1523 5343 1659 5395 coequan-

61 5431 229 5508 secunda‚
242 5448 316 5512 quae
327 5432 422 5497 datur
433 5433 469 5499 in
481 5438 717 5520 comparatione
731 5440 770 5504 ad
784 5441 838 5525 ip·
892 5394 1048 5527 ξηὲᾞιζωξ)
1062 5396 1124 5445 '²⁹²²'
1144 5410 1282 5460 mmmm
1295 5397 1352 5448 ΜΠ
1364 5413 1491 5464 personae.
1505 5429 1535 5439 -
1552 5402 1586 5467 (ἅ)
1597 5404 1660 5468 rtem

215 5556 290 5603 rou.
311 5557 334 5606 1.
1464 5565 1502 5626 32
