4100 6300
721 492 909 561 nsnncr.
929 492 1050 562 annu.
1479 476 1492 589 f
1617 519 1677 581 aie

30 696 53 713 Ν,
87 630 207 713 sapiens
220 646 276 712 per
291 628 494 710 seipsumvel
506 631 619 712 seipso,
634 649 732 713 quam
745 632 851 695 deter-
906 633 1060 711 quoniam
1073 634 1132 698 etsi
1141 635 1267 717 operari
1279 641 1437 719 quantum
1448 643 1488 707 ad
1502 647 1677 733 principale

85 739 250 819 minatper
269 736 500 802 distinctionem
519 738 604 820 quod
627 739 730 821 seipso
750 742 852 819 potest
905 734 1122 816 signifloanrm
1154 740 1195 804 sit
1225 740 1310 806 idem
1340 747 1426 829 quod
1453 767 1537 831 esse,
1567 757 1677 822 temen

41 824 44 829 ’
83 845 180 911 teneri
194 843 408 923 originaliter,
422 849 453 909 et
468 846 653 925 formaliter,
667 850 698 909 et
710 846 770 909 hoc
782 845 848 908 ihi:
905 852 1063 926 quantum
1085 850 1125 914 ad
1146 854 1354 917 connotatum
1377 854 1499 936 differt,
1521 865 1553 925 et
1574 870 1677 945 potest

30 1026 33 1035 ¹
85 955 189 1026 oceo
215 956 322 1017 cutem
348 952 426 1017 solet
451 960 562 1018 utrum
589 953 705 1019 Filius.
731 952 850 1029 Quarto
905 971 974 1017 esse
989 960 1196 1037 extraneum,
1211 962 1243 1024 et
1257 959 1302 1023 ita
1317 965 1420 1043 potest
1437 965 1483 1029 ibi
1504 987 1573 1035 esse
1591 974 1676 1037 acci-

81 1061 162 1124 hanc
177 1060 284 1122 movet
303 1059 514 1141 questionem
530 1060 668 1125 :Utrum
682 1059 774 1124 Pater
787 1060 849 1123 du·
904 1058 1006 1125 dens:
1027 1067 1135 1129 tamen
1156 1065 1219 1129 hoe
1238 1067 1324 1148 qtrod
1343 1074 1391 1134 est
1414 1089 1483 1136 csse
1504 1074 1621 1159 Deum,
1645 1087 1677 1146 et

79 1167 190 1250 plicem
205 1166 320 1229 habeat
332 1166 519 1248 sapientiam
530 1189 538 1231 ε
548 1187 647 1250 quam
661 1169 850 1233 determinat
904 1185 972 1230 esse
993 1167 1138 1251 Patrem,
1153 1173 1302 1254 quamn
1315 1194 1382 1241 non
1403 1178 1551 1248 differant
1572 1205 1676 1269 quan-

44 1276 46 1281 ’
80 1276 114 1337 in
126 1276 251 1356 partem
263 1273 460 1355 negativam,
472 1276 640 1340 ostendens
652 1275 735 1339 hanc
745 1293 850 1358 quaes-
903 1277 975 1337 tum
986 1275 1028 1339 ad
1039 1280 1208 1343 essentiam
1224 1281 1275 1345 vel
1287 1284 1420 1349 modum
1433 1291 1567 1372 essendi,
1584 1295 1676 1361 dilie-

80 1381 197 1445 tionem
209 1385 241 1444 et
249 1381 485 1462 ejusrationem
494 1384 849 1464 nonesseresponsione
903 1386 982 1446 runt
992 1386 1101 1448 umen
1111 1391 1269 1468 quantum
1280 1389 1321 1453 ad
1330 1392 1673 1467 modumsehabendi:

79 1488 228 1569 dignam,
250 1492 282 1552 et
303 1489 364 1553 hoc
385 1490 459 1553 iacit
478 1489 523 1552 ibi
541 1491 642 1556 :Post
660 1491 725 1555 boec
745 1492 850 1572 puori
903 1491 990 1572 quod
1003 1497 1052 1555 est
1063 1512 1139 1558 vere
1151 1494 1187 1558 in
1200 1496 1529 1585 divinisabsolutum,
1545 1512 1676 1575 etcom-

30 1636 31 1639 =
79 1597 154 1661 soter
172 1613 194 1661 o
215 1595 407 1678 quibusdam
420 1619 432 1662 .·
449 1597 558 1663 Utrum
577 1613 645 1662 ono
662 1600 708 1664 att
724 1603 848 1664 tontum
903 1601 1051 1678 paratum
1066 1618 1075 1663 ε
1090 1605 1121 1664 et
1141 1600 1212 1665 ideo
1234 1620 1301 1668 non
1317 1606 1429 1670 transit
1447 1611 1620 1691 paternitas
1640 1617 1676 1680 in

77 1701 608 1783 sapientia.lltdeterminatcum
627 1704 689 1767 hoc
709 1703 848 1786 quodie
903 1704 1128 1785 substantiam,
1159 1708 1241 1772 siout
1267 1710 1422 1793 sapientia
1449 1733 1458 1777 :
1484 1716 1556 1783 ideo
1580 1720 1676 1788 habet

77 1812 231 1879 Trinitate
251 1819 299 1879 est
311 1815 436 1880 dilectio
449 1834 522 1899 quae
536 1821 583 1880 est
594 1815 747 1892 Trinitas,
762 1821 794 1880 et
813 1816 849 1879 in
902 1811 1004 1876 alium
1022 1814 1158 1879 modum
1177 1817 1323 1896 dicendi,
1339 1821 1397 1903 qui
1417 1827 1518 1905 potest
1535 1845 1603 1894 esse
1616 1849 1676 1895 ex.

77 1920 198 2003 Spiritu
214 1928 323 1987 sancto
337 1928 384 1987 est
401 1924 526 1988 dilectio
541 1943 615 2007 quae
635 1942 703 1988 non
716 1930 764 1987 est
775 1923 848 1988 Tri·
902 1922 1034 1985 traneus
1054 1928 1200 2006 respectu
1213 1925 1351 2007 abcujus
1363 1931 1507 1995 attributi
1523 1955 1530 1997 :
1546 1934 1618 1999 ideo
1631 1936 1676 2001 ibi

75 2030 170 2094 nitas.
185 2029 226 2094 Et
239 2032 302 2097 hoe
314 2032 358 2095 ibi
374 2052 383 2097 ε
401 2035 447 2099 Et
459 2036 544 2100 ciem
557 2035 595 2098 ia
613 2034 781 2100 t‘rtnitcte.
801 2033 848 2097 Si·
902 2032 948 2090 est
963 2027 1124 2110 accidens,
1140 2048 1206 2096 non
1222 2037 1330 2098 autem
1349 2035 1385 2100 in
1397 2044 1590 2120 argumento
1603 2043 1676 2108 Au-

73 2137 194 2202 militer
213 2140 307 2204 tertia
320 2157 394 2221 pars
412 2140 446 2203 in
459 2158 524 2222 qna
543 2140 625 2204 redit
644 2139 794 2221 Magister
807 2139 848 2204 ad
901 2134 1037 2214 gustini.

71 2247 287 2328 quaestionem
297 2248 401 2331 primo
413 2249 559 2331 positam,
574 2246 672 2311 habet
685 2248 764 2311 duas
777 2267 848 2330 par·
1227 2256 1297 2302 WB·
1318 2257 1353 2303 11·

70 2359 127 2418 tes⁴
145 2354 183 2417 ln
204 2355 309 2437 prima
320 2355 446 2438 objicit,
462 2356 618 2438 accipiens
629 2355 786 2420 rationem
806 2374 847 2420 ex
903 2366 977 2417 Pater
996 2380 1050 2417 non
1073 2371 1112 2420 eet
1139 2369 1240 2452 sapiens
1260 2372 1390 2456 'sapientia
1406 2376 1505 2443 genia,
1524 2380 1570 2431 seu
1589 2382 1674 2449 seipso

69 2460 339 2527 determinatione
362 2463 493 2527 alterius
518 2463 714 2546 questionis.
739 2463 776 2527 ln
798 2483 848 2527 se·
1159 2445 1283 2506 ΨΜ
1296 2449 1419 2509 mm·

67 2566 178 2629 cunda
191 2584 272 2630 vero
284 2566 354 2631 loeo
369 2566 534 2630 solutionis
547 2586 640 2631 suam
651 2567 848 2632 insufficien-
941 2557 1074 2625 Videtur
1086 2563 1170 2628 male
1183 2564 1302 2646 dicere,
1318 2569 1395 2651 quia
1412 2571 1496 2637 sicut
1514 2578 1675 2645 eternitas

67 2672 148 2735 tiam
164 2672 320 2750 ostendit,
333 2677 365 2737 et
379 2674 463 2737 bane
473 2674 683 2755 quaestionem
696 2674 846 2739 determi-
901 2668 1124 2749 appropriatur
1137 2667 1241 2749 Patri,
1256 2674 1301 2755 ita
1321 2676 1479 2758 Sapientia
1500 2679 1603 2748 Filio:
1619 2686 1674 2750 sed

64 2782 217 2845 nondam
236 2782 345 2845 lectori
357 2782 518 2864 relinquit,
534 2787 565 2846 et
577 2782 639 2846 hoc
651 2783 697 2847 ibi
714 2801 724 2846 t
742 2784 844 2864 Diffi-
901 2773 1062 2838 aelernitas
1075 2793 1142 2839 non
1162 2777 1255 2844 debet
1273 2779 1335 2844 dici
1351 2785 1477 2864 genita,
1497 2787 1580 2853 sicut
1596 2790 1675 2856 dicit

65 2888 230 2956 diducam
244 2890 328 2956 misti
338 2890 419 2957 hanc
432 2894 638 2973 quoegtiongm
655 2894 769 2972 fateor,
900 2880 1067 2945 anselmus
1087 2883 1122 2946 in
1137 2883 1220 2951 libro
1240 2885 1279 2953 dd
1300 2888 1524 2960 incarnatione
1552 2895 1647 2964 Vdibi
1659 2922 1673 2965 .'

900 3004 979 3068 ergo
998 3007 1057 3053 nec
1076 2991 1231 3072 sapientia
1246 2993 1338 3060 debet
1355 3016 1413 3062 nec
1425 3005 1529 3082 potest
1548 3004 1610 3068 dici
1621 3007 1671 3069 in·

405 3080 474 3126 ⁰⁰¹³·
496 3080 518 3124 ¹·
899 3095 1021 3176 genita.
1038 3095 1119 3162 ltem
1137 3100 1164 3163 si
1187 3105 1290 3183 potest
1303 3103 1365 3169 dici
1379 3105 1525 3190 ingenita
1545 3112 1673 3195 sapien·

260 3196 314 3247 uae
335 3196 459 3260 sapientia
477 3197 595 3262 sapiens,
609 3201 657 3248 etc.
899 3202 959 3282 tia,
974 3205 1045 3286 pari
1065 3206 1188 3273 ratione
1201 3214 1304 3292 potest
1317 3211 1379 3277 dici
1392 3216 1547 3298 sapientia
1560 3238 1672 3302 proce-

102 3318 156 3383 Ex
176 3318 284 3384 littera
302 3320 427 3385 elicitur
441 3321 513 3385 talis
526 3322 606 3386 ratio
625 3322 815 3404 Augustini¹
834 3347 842 3389 ε
899 3309 988 3388 (¹0⁰⁵,
1003 3315 1035 3376 θῑ
1047 3312 1092 3376 ila
1103 3314 1232 3380 Videtur
1242 3318 1329 3400 quod
1340 3321 1496 3404 sapientia
1508 3326 1549 3390 sit
1559 3345 1672 3411 appro

63 3427 126 3491 «St
141 3426 242 3491 Pater
251 3432 299 3492 est
310 3428 435 3510 sapiens
448 3429 602 3511 sapientia
617 3430 727 3511 genita
744 3449 843 3513 quam
897 3418 1039 3499 Psiflhffis
1053 3419 1184 3504 Spiriilfl
1197 3430 1318 3504 samm,
1332 3427 1416 3493 Sicut
1428 3435 1460 3495 θῑ
1471 3431 1563 3499 Filio·
1574 3435 1671 3502 Juxta
1724 3499 1726 3504 .

57 3537 199 3616 genuit,
214 3540 247 3600 ct
263 3537 325 3600 hoc
339 3541 386 3600 est
399 3537 428 3600 ei
441 3555 509 3600 esse
522 3536 608 3619 quod
620 3555 748 3620 sapere3
764 3556 844 3621 ergo
897 3524 959 3588 1¹⁰0
972 3528 1130 3609 (tssaefstflr
1143 3548 1243 3612 itum
1256 3550 1323 3597 1¹⁰ss
1340 3534 1456 3601 dicitur
1474 3542 1616 3621 Ρῡῖθίῐὶῖὶᾶ
1632 3545 1671 3610 de

57 3647 108 3707 est
129 3643 294 3726 sapientia
316 3643 436 3725 genita.
457 3643 622 3708 »Videtur
640 3644 720 3709 illud
742 3665 844 3729 argu·
897 3633 1049 3715 Ρθῑθῦῧᾶ,
1061 3635 1143 3724 Sicut
1156 3639 1359 3721 sapientiade
1374 3643 1540 3725 sapientia.

56 3751 218 3809 mentum
231 3764 299 3809 non
311 3746 432 3824 valere,
454 3746 622 3828 quiaillud
643 3764 711 3812 non
733 3750 817 3814 valet
832 3771 840 3812 ι
938 3738 1030 3824 Resp.
1047 3741 1221 3809 Dicendum
1235 3748 1322 3829 qnod
1336 3749 1490 3832 sapientia
1500 3758 1547 3818 est
1557 3755 1597 3820 de
1610 3775 1670 3822 no-

60 3852 167 3938 afloc
181 3857 231 3918 ffit
244 3852 328 3917 patri
343 3853 843 3938 essequodoperarpsedopem.
896 3847 1039 3912 minibus
1061 3850 1175 3914 mediis
1195 3871 1270 3935 quae
1292 3860 1368 3920 sunt
1389 3862 1466 3923 nata
1490 3878 1669 3944 supponere

53 3966 113 4025 tur
128 3980 194 4043 per
208 3959 336 4040 Filium,
353 3978 433 4043 ergo
446 3963 494 4025 est
506 3979 563 4043 per
576 3959 694 4026 Filium
707 3981 715 4026 :
730 3985 746 4022 n
763 3982 843 4045 ergo
895 3972 955 4036 pro
977 3973 1123 4037 persona.
1148 3956 1188 4023 Et
1209 3960 1281 4025 ideo
1306 3962 1389 4028 sicut
1409 3965 1525 4032 dicitur
1544 3970 1584 4035 de
1606 3972 1668 4038 lleo

53 4086 119 4132 nec
133 4068 289 4131 similiter
302 4067 381 4132 illud
393 4072 625 4149 argumentum
638 4068 733 4134 valet.
899 4059 992 4138 Deus,
1008 4066 1040 4125 θῒ
1053 4062 1136 4127 Deus
1147 4066 1277 4145 genitus
1288 4075 1320 4133 θῐ
1333 4069 1514 4153 ingenitus,
1530 4075 1575 4140 iia
1587 4077 1668 4142 dici·

96 4174 192 4239 Situ
208 4175 294 4238 dicas
304 4174 389 4257 quod
402 4193 469 4239 nen
484 4181 531 4238 est
543 4175 657 4256 simile,
673 4176 750 4257 quia
762 4195 842 4259 epe.
895 4171 949 4231 tur
963 4168 1059 4233 etiam
1076 4170 1245 4253 sapientia,
1265 4192 1330 4238 non
1343 4178 1452 4243 tamen
1463 4180 1509 4245 ita
1522 4185 1665 4267 proprie,

50 4282 123 4346 rari
139 4285 298 4346 connotat
315 4280 478 4360 effectum,
493 4281 642 4363 objicitur
657 4281 744 4366 quod
756 4282 842 4347 idem
894 4275 971 4356 quia
984 4293 1105 4340 nomen
1120 4280 1315 4344 abstractum
1332 4289 1379 4347 est
1391 4287 1531 4368 quodam
1544 4291 1640 4357 modo
1656 4315 1664 4358 :

48 4395 102 4452 est
125 4387 222 4452 Patri
234 4406 301 4452 esse
314 4388 401 4471 quod
414 4407 481 4453 esse
495 4387 622 4452 Patrem
637 4410 645 4453 ς
667 4389 722 4453 sed
732 4392 841 4455 tamen
896 4383 1000 4464 magis
1018 4389 1128 4448 tamen
1145 4386 1261 4450 dicitur
1281 4390 1435 4471 sapientia
1454 4393 1493 4457 de
1513 4397 1666 4479 sapientia

46 4496 139 4560 illud
164 4501 400 4577 argumentum
417 4514 483 4559 non
502 4494 610 4560 valet:
629 4519 644 4557 r
660 4494 752 4560 Pater
773 4496 841 4562 dei·
894 4508 993 4571 quam
1005 4491 1218 4564 aelerffltfflde
1237 4495 1430 4579 aeternitate,
1446 4501 1523 4583 quia
1536 4506 1666 4569 aeterni-

45 4609 119 4668 tate
135 4606 193 4667 est
205 4602 304 4683 licus,
318 4621 397 4683 ergo
410 4603 526 4667 deitate
538 4606 585 4667 est
597 4601 690 4667 Pater
705 4622 713 4666 :
731 4625 746 4664 a
761 4623 840 4686 ergo
893 4600 941 4660 tas
965 4597 1124 4678 significat
1146 4599 1182 4663 in
1201 4601 1316 4682 maiori
1337 4604 1546 4674 abstractione
1566 4630 1665 4693 quam

43 4711 214 4779 similiter
225 4729 292 4776 non
305 4710 389 4776 valet
403 4710 465 4774 hoe
482 4715 712 4792 argumentum
729 4734 737 4776 :
756 4712 842 4777 «Est
894 4704 1066 4786 sapientia,
1081 4710 1112 4768 et
1125 4705 1196 4770 ideo
1218 4708 1323 4789 magis
1336 4710 1523 4796 abstrahite
1541 4719 1664 4785 ratione

43 4821 195 4902 sapiens
207 4818 361 4902 sapientia
376 4819 523 4900 genita.»
894 4813 1039 4894 originis.
1052 4812 1235 4878 Secundum
1249 4816 1311 4881 hoe
1325 4819 1421 4884 etiam
1434 4826 1482 4886 est
1492 4826 1664 4892 conceden-

91 4927 203 5008 Resp.
225 4925 400 4990 [licendum
417 4925 503 5008 quod
522 4929 753 5007 argumentum
770 4925 839 4989 Au·
893 4919 972 4983 dum
990 4920 1077 5003 qued
1098 4922 1197 5003 possit
1215 4923 1278 4988 dici
1297 4926 1452 5008 sapientia
1472 4933 1661 5014 procedens,

43 5035 193 5119 gustini
206 5039 253 5098 est
269 5034 483 5098 necessarium
505 5034 683 5115 :qnoniam
697 5051 764 5097 esse
785 5052 839 5098 sa-
892 5026 965 5090 ticet
984 5026 1089 5090 adhuc
1107 5027 1215 5091 minus
1233 5030 1370 5113 proprie.
1389 5032 1454 5099 Nec
1472 5037 1559 5102 valet
1577 5040 1662 5107 istud

40 5146 226 5229 piantem,
250 5146 282 5206 et
300 5160 386 5220 esse,
406 5140 442 5204 in
464 5140 581 5204 divinis
603 5158 670 5203 non
688 5139 841 5205 differunt
892 5139 1143 5215 argumentum
1157 5137 1305 5217 quamvis
1322 5139 1410 5219 enim
1423 5144 1579 5225 sapientia
1596 5166 1663 5214 non

41 5253 159 5317 modo
174 5249 301 5314 dicendi
313 5268 333 5314 a
346 5252 436 5332 parte
449 5248 582 5326 rei,·sed
594 5247 733 5312 soluma
750 5254 839 5330 parte
892 5243 933 5307 sii
959 5241 1220 5326 appropriabiliS,
1246 5242 1384 5326 Spiritus
1407 5254 1534 5316 sanetus
1553 5256 1662 5321 tamen

39 5366 173 5426 nostra
192 5377 282 5424 :non
301 5359 346 5422 sic
362 5363 470 5422 autem
492 5362 623 5420 estesse
642 5358 673 5419 et
692 5354 836 5437 operari3
892 5348 1252 5432 perdeterminationem
1260 5350 1443 5434 odjum
1454 5362 1660 5439 potesttrahi.

83 5489 202 5549 ming,
215 5482 245 5533 ae
258 5482 470 5547 nanneni,
483 5496 506 5535 c.
519 5493 538 5546 1,
551 5484 611 5533 aa
696 5474 699 5479 ’
933 5458 982 5523 Ad
993 5458 1072 5522 illud
1093 5480 1100 5522 τ
1121 5456 1225 5535 Quare
1245 5476 1311 5525 ¹1⁰³
1332 5458 1449 5546 dicitm
1460 5468 1602 5548 potentia
1621 5469 1662 5535 de

248 5590 323 5639 ron.
345 5592 368 5638 ι.
1486 5577 1526 5638 33
