4100 6300
347 449 394 496 xx
964 426 997 493 S.
1028 425 1332 493 BONAVENTURAE

386 530 539 630 »Eodem
553 582 655 642 anno,
669 569 700 629 et
720 583 846 641 mense,
859 562 910 628 die
924 567 980 643 28,
998 563 1035 626 in
1055 563 1135 627 festo
1157 562 1373 645 apostolorum
1398 561 1482 629 Petri
1503 567 1535 629 et
1558 563 1665 646 Pauli,
1679 566 1830 633 dominus
1851 567 1930 653 Papa

347 672 518 737 celebravit
529 673 660 736 missam
673 673 707 735 in
719 671 835 755 majori
847 670 978 735 ecclesia
991 670 1091 735 sancti
1102 668 1119 734 J
1121 671 1233 734 oannis
1247 668 1491 752 Lugdunensis,
1505 671 1715 738 existentibus
1728 675 1848 740 ibidem
1862 694 1931 741 om-

345 779 443 844 nibus
464 779 696 859 cardinalibus,
714 783 747 843 et
766 778 919 862 praelatis,
936 777 994 860 qui
1018 777 1060 841 ad
1081 777 1252 841 concilium
1275 777 1401 842 fuerant
1422 779 1555 843 evocati.
1570 777 1663 844 Lecta
1685 786 1733 846 est
1751 783 1880 865 epistola
1899 784 1932 849 iu

344 886 463 962 latino,
477 890 509 951 et
523 905 647 969 graeco,
661 891 693 952 et
711 889 875 951 cantatum
892 891 939 950 est
959 884 1225 966 Evangelium....
1242 884 1360 967 quibus
1379 886 1487 965 dictis,
1504 886 1600 953 frater
1620 885 1847 955 Boneventura
1866 891 1933 955 fecit

346 1012 527 1059 sermonem
540 1014 636 1058 suurn
646 1013 748 1077 usque
765 995 805 1058 ad
818 995 918 1057 finem
921 1040 983 1057 .....

390 1126 407 1164 a
420 1101 539 1167 Eodem
549 1121 632 1166 anno
642 1107 673 1167 et
683 1120 792 1166 mense
803 1101 909 1184 (julii),
922 1100 973 1164 die
982 1100 1155 1179 dominico,
1164 1100 1287 1164 decima
1296 1098 1408 1181 quinta
1416 1099 1572 1182 ejusdem,
1580 1100 1661 1166 hora
1668 1104 1850 1168 matutinali
1858 1107 1933 1171 obiit

346 1209 440 1274 clarae
453 1211 618 1273 memoriae
633 1209 730 1273 frater
742 1208 968 1273 bonaventura
986 1207 1175 1271 libanensis
1188 1207 1372 1290 episcopus,
1389 1209 1446 1290 qui
1459 1208 1522 1272 fuit
1533 1208 1633 1272 homo
1644 1210 1815 1277 eminentis
1834 1213 1933 1279 scien·

222 1348 225 1361 ·
345 1316 401 1381 tiae
411 1321 444 1381 et
456 1316 661 1400 eloquentiae,
682 1317 734 1381 vir
745 1316 875 1399 quidem
887 1316 1051 1379 sanctitate
1063 1316 1262 1398 praecipuus,
1277 1314 1361 1389 vite,
1376 1314 1651 1380 commiseratione
1667 1336 1705 1381 ac
1723 1319 1868 1385 moribus
1880 1341 1933 1386 ex·

346 1423 575 1489 callentissimis
588 1422 772 1503 decoratus,
786 1422 965 1505 benignus,
980 1422 1133 1502 allabilis,
1148 1422 1221 1505 pius
1235 1426 1266 1486 et
1280 1422 1475 1502 misericors,
1490 1424 1665 1489 virtutibus
1684 1425 1814 1509 plenus,
1829 1427 1892 1493 Deo
1906 1436 1934 1494 et

345 1531 532 1596 hominibus
543 1530 686 1610 dilectus,
699 1530 757 1612 qui
772 1530 915 1612 sepultus
928 1533 975 1594 est
986 1530 1056 1613 ipso
1069 1529 1121 1594 die
1134 1528 1294 1593 dominico
1307 1530 1342 1593 in
1355 1529 1424 1594 loco
1437 1528 1588 1594 Fratrum
1600 1530 1761 1597 Minorum
1774 1532 1933 1617 Lugduni,

346 1641 440 1722 eujus
461 1639 606 1721 exequiis
619 1637 763 1702 interfuit
777 1637 928 1702 dominus
941 1636 1028 1720 Papa
1046 1654 1122 1700 cum
1139 1636 1292 1700 omnibus
1313 1635 1471 1717 Praelatis,
1493 1639 1551 1721 qui
1574 1644 1666 1703 erant
1687 1640 1723 1704 in
1745 1642 1893 1721 murillo,
1907 1647 1936 1707 et

284 1752 289 1762 '
345 1748 411 1810 tota
426 1746 525 1810 curia.
540 1744 579 1809 Et
595 1746 693 1810 frater
706 1743 819 1809 Petrus
833 1742 984 1809 Ostiensis
997 1744 1164 1828 episcopus
1185 1742 1356 1808 celebravit
1370 1746 1518 1826 missam,
1536 1754 1568 1810 et
1579 1747 1765 1829 praedicavit
1777 1749 1934 1832 proposito

344 1852 500 1932 themate,
514 1853 633 1917 scilicet
647 1876 654 1917 :
670 1853 760 1919 Doleo
774 1868 870 1935 super
884 1858 927 1930 te,
939 1855 1056 1919 Frater
1071 1854 1118 1916 mt
1129 1850 1280 1917 donabo.
1303 1850 1412 1917 blultae
1424 1853 1593 1934 lacrymae,
1609 1858 1641 1917 et
1652 1855 1795 1936 gemitus
1807 1856 1853 1920 ibi
1867 1857 1934 1921 fue-

344 1963 423 2025 runt
438 1981 445 2024 :
460 1960 586 2024 hancei
599 1960 738 2040 gratiam
752 1965 946 2024 concesserat
959 1959 1129 2038 Dominus,
1143 1959 1229 2041 quod
1240 1959 1438 2043 quicumque
1451 1978 1527 2024 eum
1538 1961 1700 2041 videbant,
1715 1962 1818 2045 ipsius
1830 1981 1935 2028 amore

344 2066 555 2132 incontinenti
568 2067 775 2150 capiebantur
787 2086 829 2131 ex
842 2067 947 2132 corde.

389 2174 537 2239 «Eodem
557 2192 661 2251 anno,
683 2178 714 2238 et
728 2193 853 2254 mense,
869 2176 920 2239 die
933 2179 972 2239 lo
992 2174 1154 2258 ejusdem,
1167 2174 1250 2238 facta
1268 2177 1316 2238 est
1335 2174 1448 2256 quinta
1460 2175 1577 2252 sessio,
1598 2175 1633 2238 in
1648 2193 1764 2257 qua...
1786 2176 1934 2240 dominus

344 2280 431 2367 Papa
443 2282 599 2346 allocutus
610 2286 658 2345 est
670 2282 852 2361 concilium,
867 2282 975 2346 dicens
986 2281 1149 2365 quomodo
1163 2280 1301 2345 Ecclesia
1314 2279 1369 2345 Oei
1381 2282 1602 2347 inestimabile
1614 2281 1772 2347 damnum
1789 2302 1935 2366 perpessa

345 2389 449 2454 fuerat
469 2407 510 2453 ex
530 2389 621 2452 obitu
643 2389 749 2452 fratris
760 2387 993 2459 Bonaveuturae
1007 2388 1195 2452 bibonensis
1209 2387 1348 2471 episcopi
1363 2410 1370 2452 :
1387 2392 1418 2453 et
1431 2389 1596 2452 mandavit
1615 2390 1766 2454 omnibus
1780 2391 1932 2472 praelatis,

345 2500 377 2560 et
391 2497 540 2561 omnibus
557 2495 749 2578 presbyteris
761 2514 819 2579 per
830 2501 934 2561 totum
949 2496 1123 2573 mundum,
1138 2498 1177 2558 ut
1190 2495 1322 2577 quilibet
1334 2513 1449 2560 eorum
1461 2514 1562 2560 unam
1575 2497 1707 2560 musam
1721 2496 1851 2561 deberet
1864 2516 1933 2562 cau·

341 2606 410 2668 tare
424 2622 482 2687 pro
493 2603 603 2667 anima
615 2603 755 2685 ipsius.»

383 2711 503 2776 Verum
515 2710 648 2793 nequid
662 2709 803 2775 historie
816 2710 894 2774 huic
907 2710 998 2791 desit,
1013 2728 1096 2775 neve
1109 2710 1231 2793 aliquid
1245 2710 1441 2791 omittamus,
1453 2711 1539 2791 quod
1553 2711 1636 2774 scitu
1648 2710 1788 2793 dignum
1800 2713 1858 2789 sit,
1874 2729 1934 2776 non

342 2820 374 2882 te
387 2819 497 2901 pigeat
509 2818 641 2892 audire,
657 2835 731 2900 quae
749 2816 765 2882 J
768 2818 885 2882 acubus
901 2814 1127 2881 Volaterranos
1148 2819 1187 2883 de
1209 2819 1447 2882 canonizatione
1461 2817 1500 2901 (a)
1514 2815 1757 2885 ,Bonaventurae
1779 2819 1931 2883 narravit.

342 2924 503 2989 Matumus
516 2925 603 2988 enirn
617 2925 658 3005 (id
672 2942 757 3007 saepe
770 2925 863 2988 liceat
876 2922 974 2987 Nobis
987 2925 1150 3008 replicare)
1162 2927 1310 3009 supparis
1323 2925 1491 3008 Scriptoris
1501 2926 1608 2989 verbis
1624 2925 1681 3004 uti,
1696 2945 1795 3008 quam
1806 2926 1932 2991 nostris.

347 3056 363 3094 a
378 3033 428 3097 lid
440 3033 524 3096 diem
538 3037 557 3097 7
571 3032 692 3114 aprilis,
705 3031 763 3114 qui
773 3031 954 3095 dominicus
965 3031 1038 3108 fuit,
1050 3035 1083 3095 et
1095 3032 1129 3095 in
1142 3051 1206 3114 quo
1220 3031 1332 3096 cecidit
1344 3031 1544 3097 Resurrectio
1556 3031 1730 3097 Salvatoris
1741 3052 1829 3098 anno
1844 3036 1931 3113 asse,

342 3142 413 3204 acta
426 3139 536 3204 divina
551 3159 603 3204 res
616 3139 710 3215 estin
724 3136 757 3203 S.
773 3137 859 3203 Petri
870 3138 1017 3218 Ecclesia,
1033 3140 1069 3203 in
1083 3158 1184 3222 quam
1197 3139 1356 3205 descendit
1367 3141 1509 3223 pontifex
1523 3138 1632 3204 Sixtus
1643 3138 1695 3219 lv,
1709 3145 1742 3206 et
1753 3142 1933 3224 praeceden-

341 3247 428 3311 tibus
442 3247 476 3310 in
494 3247 757 3330 supplicationem
770 3246 914 3329 patribus
927 3249 959 3311 et
977 3247 1133 3330 episeopis
1147 3248 1182 3311 in
1197 3265 1286 3311 sacra
1300 3251 1387 3312 veste
1401 3247 1591 3324 constitutis,
1614 3249 1726 3313 ceteris
1748 3248 1931 3327 Ordinibus,

341 3358 373 3418 et
387 3352 528 3418 Praelatis
542 3354 578 3418 in
590 3354 701 3418 habitu
715 3358 918 3418 consueto...
934 3354 986 3418 die
999 3353 1147 3418 Mercurii
1167 3357 1238 3437 post
1251 3355 1330 3418 festa
1345 3353 1520 3437 paschalia,
1535 3355 1593 3437 qui
1610 3355 1672 3419 fuit
1692 3356 1837 3421 decimus
1850 3358 1932 3439 ejus-

342 3461 415 3525 dem
430 3460 559 3537 mensis,
576 3460 680 3524 vocati
694 3465 771 3524 sunt
784 3459 893 3524 Patres
906 3461 942 3524 in
957 3461 1123 3542 publicum
1133 3466 1294 3541 senatum,
1308 3462 1365 3543 qui
1380 3465 1508 3525 coactus
1522 3462 1583 3525 fuit
1596 3462 1633 3525 in
1648 3462 1800 3527 auteriori
1819 3462 1932 3546 majori

338 3568 413 3632 aula
427 3568 599 3651 pontificia.
617 3567 764 3631 Relatum
777 3573 825 3630 est
840 3567 874 3630 in
889 3586 927 3631 eo
942 3567 981 3631 de
1000 3586 1143 3646 morum,
1162 3574 1193 3631 et
1204 3568 1279 3634 vitae
1294 3569 1505 3633 sanctimonia
1521 3569 1584 3634 viri
1600 3573 1632 3633 et
1646 3570 1745 3652 patris
1760 3571 1932 3634 beatissimi

323 3673 591 3753 bonaventurae,
608 3692 706 3756 quem
723 3674 756 3736 in
770 3672 963 3737 Sanctorum
976 3680 1097 3738 ooetum
1117 3674 1224 3757 plures
1243 3693 1351 3757 reges,
1369 3676 1530 3753 nationes,
1548 3681 1581 3740 et
1600 3676 1710 3760 populi
1730 3678 1933 3742 referendum

340 3800 407 3845 esse
430 3782 566 3845 summis
588 3780 735 3861 precibus
756 3799 776 3843 a
797 3781 947 3863 pontifice
966 3786 998 3845 et
1017 3799 1107 3845 sacro
1131 3780 1263 3846 Petrum
1283 3787 1394 3847 senatu
1410 3783 1638 3864 efflagitabant.
1655 3784 1841 3848 Orationem
1859 3802 1931 3850 vero

340 3887 454 3952 babuit
467 3888 507 3953 de
521 3906 559 3951 ea
574 3905 610 3950 re
626 3886 818 3951 clarissimus
836 3886 1089 3969 jurisconsultus
1109 3892 1141 3953 et
1161 3889 1341 3953 senatorius
1359 3890 1531 3954 advocatus
1547 3889 1758 3967 Octavianus;
1775 3909 1853 3973 quae
1878 3889 1932 3954 etsi

339 4000 469 4079 propter
484 3995 653 4078 strepitum
667 3995 915 4076 frequentissimi
930 3993 1066 4059 Senatus
1081 3995 1187 4060 audiri
1202 3998 1260 4060 vix
1281 3997 1399 4079 potuit,
1419 3997 1556 4060 mirifice
1578 4001 1688 4061 umen
1713 3998 1933 4063 commendata

339 4104 401 4167 fuit
415 4104 455 4166 ab
478 4103 533 4179 iis,
554 4101 611 4183 qui
631 4101 725 4165 illum
748 4100 931 4165 audierunt.
958 4100 1072 4166 Paucis
1093 4121 1167 4166 cum
1194 4103 1406 4186 respondisset
1427 4102 1591 4183 Pontifex,
1608 4104 1768 4169 commisit
1791 4103 1931 4170 Praelatis

341 4211 491 4275 omnibus
504 4210 541 4272 in
555 4208 698 4272 Romana
714 4208 808 4272 Curia
822 4209 1047 4287 existentibus,
1064 4212 1100 4273 ut
1120 4215 1152 4273 et
1166 4209 1228 4294 ipsi
1243 4210 1282 4275 de
1298 4210 1419 4274 meritis
1433 4210 1517 4274 beati
1537 4208 1638 4274 Patris
1658 4211 1759 4275 edocti
1775 4211 1812 4275 in
1829 4213 1931 4294 primo

342 4316 463 4383 Senatu
486 4335 524 4381 ea
539 4320 666 4380 tantum
689 4332 785 4379 eausa
806 4317 951 4396 cogendo
967 4316 1159 4380 sententiam
1176 4318 1326 4381 dicerent.
1344 4317 1400 4381 bie
1421 4317 1523 4398 igitur
1539 4318 1682 4397 veneris,
1698 4318 1755 4400 qui
1776 4323 1932 4401 sequutus

340 4429 399 4502 est,
426 4424 487 4488 fuit
510 4426 619 4486 autem
643 4421 850 4485 duodecimus
874 4422 994 4487 mensis
1016 4425 1142 4507 aprilis,
1167 4426 1271 4489 vocati
1295 4426 1331 4488 in
1353 4411 1531 4491 Concilium
1553 4426 1642 4492 fuere
1655 4443 1730 4489 -non
1753 4427 1929 4491 cardinales

340 4532 452 4610 modo,
468 4530 522 4594 sed
536 4528 675 4611 episcopi
690 4546 817 4608 omues,
834 4529 973 4609 abbates,
990 4535 1039 4594 etc
1042 4577 1104 4595 .....
1120 4531 1159 4596 ln
1174 4550 1212 4596 eo
1226 4537 1338 4597 senatu
1355 4533 1473 4596 iterum
1492 4533 1598 4597 oravit
1612 4531 1816 4614 Octavianus,
1834 4551 1930 4617 quem

340 4638 418 4714 dixi,
436 4641 467 4701 et
481 4636 556 4719 quia
571 4635 671 4718 priori
687 4639 800 4699 senatu
815 4655 835 4698 a
848 4638 957 4719 paucis
970 4637 1075 4701 fuerat
1088 4657 1145 4720 per
1162 4639 1331 4721 strepitum
1346 4639 1489 4717 auditne,
1507 4638 1664 4716 eamdem,
1683 4645 1718 4704 ut
1734 4641 1842 4720 audio,
1858 4660 1930 4705 ora·

340 4747 460 4810 tionem
478 4743 621 4808 recitavit
644 4761 720 4806 cum
740 4761 869 4806 summa
889 4744 1064 4810 attentione
1079 4749 1111 4809 et
1126 4747 1412 4812 commendatione.
1436 4745 1551 4827 Rogati
1574 4747 1777 4828 postmodum
1791 4748 1930 4830 episcopi

340 4857 372 4919 et
386 4852 483 4918 ceteri
497 4851 686 4916 sententiam
704 4851 822 4930 dicere3
840 4851 1054 4916 cardinalibus
1071 4853 1256 4933 silentibus,
1273 4855 1449 4935 praesulum
1467 4853 1622 4936 quisque,
1638 4858 1734 4936 prout
1744 4854 1814 4919 loco
1829 4873 1930 4938 praee·

340 4965 407 5040 rat,
433 4962 477 5024 ita
499 4960 688 5024 sententiam
715 4957 799 5021 dixit
824 4956 976 5022 :Censuit
1000 4978 1076 5035 pars
1103 4964 1225 5043 major,
1251 4959 1509 5026 Bonaventuram
1533 4960 1736 5025 referendum
1763 4981 1830 5026 esse
1851 4963 1930 5026 inter

340 5064 488 5145 Sanctus,
507 5085 588 5149 quos
612 5066 686 5129 colit
707 5063 862 5141 Ecclesia,
885 5066 1146 5149 quandoquidem
1165 5087 1203 5132 ea
1217 5087 1283 5133 non
1306 5073 1410 5152 posset
1433 5086 1539 5133 errare
1560 5090 1567 5131 :
1590 5068 1718 5134 credere
1738 5070 1826 5133 enim
1849 5087 1930 5153 pon·

338 5175 459 5260 filicem
480 5172 725 5255 diligentissime
748 5171 835 5236 beati
857 5172 920 5239 uiri
946 5174 1081 5251 merita,
1113 5180 1145 5239 et
1173 5176 1327 5240 miracula
1350 5178 1595 5272 perscrutatum*
1613 5193 1699 5257 esse,
1717 5180 1749 5240 et
1768 5195 1827 5260 per
1848 5177 1930 5260 seip-

339 5304 430 5363 sum,
452 5288 484 5350 et
497 5300 555 5367 per
569 5299 624 5345 eos
644 5279 835 5361 cardinales,
860 5299 943 5363 quos
964 5280 1005 5345 ad
1029 5280 1062 5345 id
1083 5282 1186 5346 multo
1204 5287 1278 5348 ente
1298 5288 1443 5368 tempore
1462 5282 1641 5365 delegisset.
1666 5281 1770 5348 Fuere
1784 5301 1827 5349 ex
1843 5283 1929 5349 Prae-

371 5422 406 5490 (a)
421 5420 492 5473 Edit.
510 5418 569 5470 Ven.
583 5414 724 5481 apotheosi.
