<?xml version="1.0" encoding="UTF-8"?>
<!DOCTYPE html PUBLIC "-//W3C//DTD XHTML 1.0 Transitional//EN"
    "http://www.w3.org/TR/xhtml1/DTD/xhtml1-transitional.dtd">
<html xmlns="http://www.w3.org/1999/xhtml" xml:lang="en" lang="en">
 <head>
  <title>
</title>
<meta http-equiv="Content-Type" content="text/html;charset=utf-8" />
  <meta name='ocr-system' content='tesseract 3.04.00' />
  <meta name='ocr-capabilities' content='ocr_page ocr_carea ocr_par ocr_line ocrx_word'/>
</head>
<body>
  <div class='ocr_page' id='page_1' title='image "./srecardinalissb00peltgoog_0691.png"; bbox 0 0 4100 6300; ppageno 0'>
   <div class='ocr_carea' id='block_1_1' title="bbox 735 443 1694 516">
    <p class='ocr_par' dir='ltr' id='par_1_1' title="bbox 735 443 1694 516">
     <span class='ocr_line' id='line_1_1' title="bbox 735 443 1694 516; baseline -0.007 -7"><span class='ocrx_word' id='word_1_1' title='bbox 735 443 925 510; x_wconf 85' lang='lat' dir='ltr'><strong>DlS&#39;llNCT.</strong></span> <span class='ocrx_word' id='word_1_2' title='bbox 947 444 1052 511; x_wconf 74' lang='lat' dir='ltr'><strong>xxti.</strong></span> <span class='ocrx_word' id='word_1_3' title='bbox 1635 456 1694 516; x_wconf 65' lang='lat'><strong>487</strong></span> 
     </span>
    </p>
   </div>
   <div class='ocr_carea' id='block_1_2' title="bbox 61 580 1804 1237">
    <p class='ocr_par' dir='ltr' id='par_1_2' title="bbox 44 558 1758 1135">
     <span class='ocr_line' id='line_1_2' title="bbox 111 580 1695 678; baseline 0.001 -23.92"><span class='ocrx_word' id='word_1_4' title='bbox 111 586 168 654; x_wconf 91' lang='lat' dir='ltr'><strong>bus</strong></span> <span class='ocrx_word' id='word_1_5' title='bbox 180 603 254 671; x_wconf 91' lang='lat' dir='ltr'><strong>ergo</strong></span> <span class='ocrx_word' id='word_1_6' title='bbox 268 580 406 673; x_wconf 77' lang='lat' dir='ltr'><strong>aequalis</strong></span> <span class='ocrx_word' id='word_1_7' title='bbox 418 587 466 648; x_wconf 89' lang='lat' dir='ltr'><strong>est</strong></span> <span class='ocrx_word' id='word_1_8' title='bbox 478 580 569 649; x_wconf 90' lang='lat' dir='ltr'><strong>Patri</strong></span> <span class='ocrx_word' id='word_1_9' title='bbox 583 580 702 667; x_wconf 88' lang='lat' dir='ltr'><strong>Filius,</strong></span> <span class='ocrx_word' id='word_1_10' title='bbox 718 590 750 649; x_wconf 90' lang='lat' dir='ltr'><strong>et</strong></span> <span class='ocrx_word' id='word_1_11' title='bbox 766 590 813 649; x_wconf 89' lang='lat' dir='ltr'><strong>est</strong></span> <span class='ocrx_word' id='word_1_12' title='bbox 824 581 969 672; x_wconf 90' lang='lat' dir='ltr'><strong>ejusdem</strong></span> <span class='ocrx_word' id='word_1_13' title='bbox 984 581 1186 651; x_wconf 77' lang='lat' dir='ltr'><strong>substantie.</strong></span> <span class='ocrx_word' id='word_1_14' title='bbox 1206 582 1358 674; x_wconf 86' lang='lat' dir='ltr'><strong>AEqualis</strong></span> <span class='ocrx_word' id='word_1_15' title='bbox 1373 592 1421 652; x_wconf 88' lang='lat' dir='ltr'><strong>est</strong></span> <span class='ocrx_word' id='word_1_16' title='bbox 1438 586 1537 654; x_wconf 90' lang='lat' dir='ltr'><strong>etiam</strong></span> <span class='ocrx_word' id='word_1_17' title='bbox 1551 584 1695 678; x_wconf 74' lang='lat' dir='ltr'><strong>Spiritus</strong></span> 
     </span>
     <span class='ocr_line' id='line_1_3' title="bbox 61 697 1695 792; baseline 0.001 -22"><span class='ocrx_word' id='word_1_18' title='bbox 61 716 79 735; x_wconf 82' lang='grc'><strong>“·</strong></span> <span class='ocrx_word' id='word_1_19' title='bbox 111 708 231 771; x_wconf 88' lang='lat' dir='ltr'><strong>sanetus</strong></span> <span class='ocrx_word' id='word_1_20' title='bbox 244 698 334 766; x_wconf 90' lang='lat' dir='ltr'><strong>Patri</strong></span> <span class='ocrx_word' id='word_1_21' title='bbox 352 706 385 765; x_wconf 92' lang='lat' dir='ltr'><strong>et</strong></span> <span class='ocrx_word' id='word_1_22' title='bbox 396 697 502 784; x_wconf 89' lang='lat' dir='ltr'><strong>Filio,</strong></span> <span class='ocrx_word' id='word_1_23' title='bbox 519 705 551 764; x_wconf 89' lang='lat' dir='ltr'><strong>et</strong></span> <span class='ocrx_word' id='word_1_24' title='bbox 565 697 599 765; x_wconf 91' lang='lat' dir='ltr'><strong>in</strong></span> <span class='ocrx_word' id='word_1_25' title='bbox 614 697 768 766; x_wconf 89' lang='lat' dir='ltr'><strong>omnibus</strong></span> <span class='ocrx_word' id='word_1_26' title='bbox 781 698 918 790; x_wconf 76' lang='lat' dir='ltr'><strong>aequalis</strong></span> <span class='ocrx_word' id='word_1_27' title='bbox 930 708 1064 790; x_wconf 91' lang='lat' dir='ltr'><strong>propter</strong></span> <span class='ocrx_word' id='word_1_28' title='bbox 1077 721 1241 768; x_wconf 91' lang='lat' dir='ltr'><strong>summam</strong></span> <span class='ocrx_word' id='word_1_29' title='bbox 1255 701 1497 792; x_wconf 89' lang='lat' dir='ltr'><strong>simplicitatem</strong></span> <span class='ocrx_word' id='word_1_30' title='bbox 1511 702 1603 771; x_wconf 92' lang='lat' dir='ltr'><strong>illius</strong></span> <span class='ocrx_word' id='word_1_31' title='bbox 1616 704 1695 772; x_wconf 88' lang='lat' dir='ltr'><strong>sub-</strong></span> 
     </span>
     <span class='ocr_line' id='line_1_4' title="bbox 110 813 1758 915; baseline 0.002 -30.884"><span class='ocrx_word' id='word_1_32' title='bbox 110 815 241 884; x_wconf 70' lang='lat' dir='ltr'><strong>stantiae.</strong></span> <span class='ocrx_word' id='word_1_33' title='bbox 258 813 337 881; x_wconf 77' lang='lat' dir='ltr'><strong>»Ex</strong></span> <span class='ocrx_word' id='word_1_34' title='bbox 353 813 405 881; x_wconf 92' lang='lat' dir='ltr'><strong>bis</strong></span> <span class='ocrx_word' id='word_1_35' title='bbox 422 814 630 905; x_wconf 87' lang='lat' dir='ltr'><strong>perspicuum</strong></span> <span class='ocrx_word' id='word_1_36' title='bbox 646 814 697 901; x_wconf 91' lang='lat' dir='ltr'><strong>fit,</strong></span> <span class='ocrx_word' id='word_1_37' title='bbox 713 816 801 907; x_wconf 91' lang='lat' dir='ltr'><strong>quod</strong></span> <span class='ocrx_word' id='word_1_38' title='bbox 817 814 1230 885; x_wconf 86' lang='lat' dir='ltr'><strong>secundumsubstantiam</strong></span> <span class='ocrx_word' id='word_1_39' title='bbox 1244 816 1349 887; x_wconf 85' lang='lat' dir='ltr'><strong>Filius</strong></span> <span class='ocrx_word' id='word_1_40' title='bbox 1363 827 1411 887; x_wconf 91' lang='lat' dir='ltr'><strong>est</strong></span> <span class='ocrx_word' id='word_1_41' title='bbox 1424 819 1562 911; x_wconf 84' lang='lat' dir='ltr'><strong>aequalis</strong></span> <span class='ocrx_word' id='word_1_42' title='bbox 1582 818 1688 908; x_wconf 92' lang='lat' dir='ltr'><strong>Patri,</strong></span> <span class='ocrx_word' id='word_1_43' title='bbox 1754 908 1758 915; x_wconf 32' lang='grc'>,</span> 
     </span>
     <span class='ocr_line' id='line_1_5' title="bbox 110 929 1692 1025; baseline 0.002 -24"><span class='ocrx_word' id='word_1_44' title='bbox 110 943 139 1001; x_wconf 91' lang='lat' dir='ltr'><strong>et</strong></span> <span class='ocrx_word' id='word_1_45' title='bbox 150 932 279 1022; x_wconf 91' lang='lat' dir='ltr'><strong>utrique</strong></span> <span class='ocrx_word' id='word_1_46' title='bbox 294 929 437 1022; x_wconf 79' lang='lat' dir='ltr'><strong>Spiritus</strong></span> <span class='ocrx_word' id='word_1_47' title='bbox 450 942 601 1014; x_wconf 84' lang='lat' dir='ltr'><strong>sanctus,</strong></span> <span class='ocrx_word' id='word_1_48' title='bbox 616 938 649 999; x_wconf 89' lang='lat' dir='ltr'><strong>et</strong></span> <span class='ocrx_word' id='word_1_49' title='bbox 661 931 837 1023; x_wconf 77' lang='lat' dir='ltr'><strong>appellatio</strong></span> <span class='ocrx_word' id='word_1_50' title='bbox 853 939 983 1000; x_wconf 91' lang='lat' dir='ltr'><strong>tantum</strong></span> <span class='ocrx_word' id='word_1_51' title='bbox 998 933 1135 1001; x_wconf 90' lang='lat' dir='ltr'><strong>relativa</strong></span> <span class='ocrx_word' id='word_1_52' title='bbox 1154 940 1212 1001; x_wconf 92' lang='lat' dir='ltr'><strong>est.</strong></span> <span class='ocrx_word' id='word_1_53' title='bbox 1238 932 1426 1025; x_wconf 83' lang='lat' dir='ltr'><strong>AEqualitas</strong></span> <span class='ocrx_word' id='word_1_54' title='bbox 1438 957 1517 1025; x_wconf 92' lang='lat' dir='ltr'><strong>ergo</strong></span> <span class='ocrx_word' id='word_1_55' title='bbox 1532 934 1639 1004; x_wconf 88' lang='lat' dir='ltr'><strong>Patris</strong></span> <span class='ocrx_word' id='word_1_56' title='bbox 1660 944 1692 1005; x_wconf 90' lang='lat' dir='ltr'><strong>et</strong></span> 
     </span>
     <span class='ocr_line' id='line_1_6' title="bbox 108 1047 1256 1135; baseline 0 -19"><span class='ocrx_word' id='word_1_57' title='bbox 108 1048 180 1116; x_wconf 84' lang='lat' dir='ltr'><strong>Filii</strong></span> <span class='ocrx_word' id='word_1_58' title='bbox 192 1070 258 1115; x_wconf 90' lang='lat' dir='ltr'><strong>non</strong></span> <span class='ocrx_word' id='word_1_59' title='bbox 272 1055 321 1117; x_wconf 90' lang='lat' dir='ltr'><strong>est</strong></span> <span class='ocrx_word' id='word_1_60' title='bbox 333 1048 460 1131; x_wconf 90' lang='lat' dir='ltr'><strong>relatio,</strong></span> <span class='ocrx_word' id='word_1_61' title='bbox 475 1047 527 1116; x_wconf 89' lang='lat' dir='ltr'><strong>vel</strong></span> <span class='ocrx_word' id='word_1_62' title='bbox 541 1048 644 1135; x_wconf 89' lang='lat' dir='ltr'><strong>notio,</strong></span> <span class='ocrx_word' id='word_1_63' title='bbox 660 1047 716 1115; x_wconf 91' lang='lat' dir='ltr'><strong>sed</strong></span> <span class='ocrx_word' id='word_1_64' title='bbox 732 1048 895 1116; x_wconf 88' lang='lat' dir='ltr'><strong>naturalis</strong></span> <span class='ocrx_word' id='word_1_65' title='bbox 909 1048 1030 1135; x_wconf 87' lang='lat' dir='ltr'><strong>unitas,</strong></span> <span class='ocrx_word' id='word_1_66' title='bbox 1046 1057 1078 1116; x_wconf 92' lang='lat' dir='ltr'><strong>et</strong></span> <span class='ocrx_word' id='word_1_67' title='bbox 1092 1048 1256 1118; x_wconf 89' lang='lat' dir='ltr'><strong>identitas.</strong></span> 
     </span>
    </p>

    <p class='ocr_par' dir='ltr' id='par_1_3' title="bbox 148 1164 1804 1237">
     <span class='ocr_line' id='line_1_7' title="bbox 148 1164 1804 1237; baseline 0.004 -6"><span class='ocrx_word' id='word_1_68' title='bbox 148 1165 215 1232; x_wconf 85' lang='lat' dir='ltr'><strong>Hoc</strong></span> <span class='ocrx_word' id='word_1_69' title='bbox 232 1164 319 1231; x_wconf 90' lang='lat' dir='ltr'><strong>idem</strong></span> <span class='ocrx_word' id='word_1_70' title='bbox 338 1164 436 1232; x_wconf 90' lang='lat' dir='ltr'><strong>etiam</strong></span> <span class='ocrx_word' id='word_1_71' title='bbox 458 1164 597 1232; x_wconf 86' lang='lat' dir='ltr'><strong>dicimus</strong></span> <span class='ocrx_word' id='word_1_72' title='bbox 620 1165 660 1233; x_wconf 91' lang='lat' dir='ltr'><strong>de</strong></span> <span class='ocrx_word' id='word_1_73' title='bbox 683 1164 783 1233; x_wconf 88' lang='lat' dir='ltr'><strong>simili</strong></span> <span class='ocrx_word' id='word_1_74' title='bbox 805 1175 836 1233; x_wconf 92' lang='lat' dir='ltr'><strong>et</strong></span> <span class='ocrx_word' id='word_1_75' title='bbox 856 1165 1083 1233; x_wconf 78' lang='lat' dir='ltr'><strong>similitudine.</strong></span> <span class='ocrx_word' id='word_1_76' title='bbox 1110 1164 1195 1234; x_wconf 88' lang='lat' dir='ltr'><strong>Cum</strong></span> <span class='ocrx_word' id='word_1_77' title='bbox 1213 1166 1301 1234; x_wconf 91' lang='lat' dir='ltr'><strong>enim</strong></span> <span class='ocrx_word' id='word_1_78' title='bbox 1321 1166 1440 1235; x_wconf 89' lang='lat' dir='ltr'><strong>dicitur</strong></span> <span class='ocrx_word' id='word_1_79' title='bbox 1452 1167 1558 1236; x_wconf 89' lang='lat' dir='ltr'><strong>Filius</strong></span> <span class='ocrx_word' id='word_1_80' title='bbox 1576 1167 1692 1237; x_wconf 92' lang='lat' dir='ltr'><strong>similis</strong></span> <span class='ocrx_word' id='word_1_81' title='bbox 1712 1182 1804 1237; x_wconf 77' lang='lat' dir='ltr'><strong>ssteruo</strong></span> 
     </span>
    </p>
   </div>
   <div class='ocr_carea' id='block_1_3' title="bbox 59 1247 1802 1373">
    <p class='ocr_par' dir='ltr' id='par_1_4' title="bbox 59 1247 1802 1373">
     <span class='ocr_line' id='line_1_8' title="bbox 59 1247 1802 1373; baseline 0.002 -25"><span class='ocrx_word' id='word_1_82' title='bbox 59 1276 62 1279; x_wconf 66' lang='grc'><strong>’</strong></span> <span class='ocrx_word' id='word_1_83' title='bbox 107 1281 204 1364; x_wconf 85' lang='lat' dir='ltr'><strong>Patri,</strong></span> <span class='ocrx_word' id='word_1_84' title='bbox 220 1281 356 1348; x_wconf 73' lang='lat' dir='ltr'><strong>relative</strong></span> <span class='ocrx_word' id='word_1_85' title='bbox 369 1280 502 1372; x_wconf 91' lang='lat' dir='ltr'><strong>quidem</strong></span> <span class='ocrx_word' id='word_1_86' title='bbox 518 1281 648 1367; x_wconf 88' lang='lat' dir='ltr'><strong>dicitur,</strong></span> <span class='ocrx_word' id='word_1_87' title='bbox 667 1281 722 1349; x_wconf 89' lang='lat' dir='ltr'><strong>sed</strong></span> <span class='ocrx_word' id='word_1_88' title='bbox 736 1281 854 1349; x_wconf 86' lang='lat' dir='ltr'><strong>similis</strong></span> <span class='ocrx_word' id='word_1_89' title='bbox 867 1291 914 1348; x_wconf 89' lang='lat' dir='ltr'><strong>est</strong></span> <span class='ocrx_word' id='word_1_90' title='bbox 930 1281 1021 1349; x_wconf 91' lang='lat' dir='ltr'><strong>Patri</strong></span> <span class='ocrx_word' id='word_1_91' title='bbox 1049 1291 1182 1373; x_wconf 89' lang='lat' dir='ltr'><strong>propter</strong></span> <span class='ocrx_word' id='word_1_92' title='bbox 1194 1283 1355 1350; x_wconf 90' lang='lat' dir='ltr'><strong>unitatem</strong></span> <span class='ocrx_word' id='word_1_93' title='bbox 1369 1283 1526 1352; x_wconf 73' lang='lat' dir='ltr'><strong>essentia.</strong></span> <span class='ocrx_word' id='word_1_94' title='bbox 1543 1282 1601 1351; x_wconf 89' lang='lat' dir='ltr'><strong>Est</strong></span> <span class='ocrx_word' id='word_1_95' title='bbox 1613 1307 1691 1373; x_wconf 89' lang='lat' dir='ltr'><strong>ergo</strong></span> <span class='ocrx_word' id='word_1_96' title='bbox 1718 1247 1802 1352; x_wconf 57' lang='lat' dir='ltr'><strong>tiddda</strong></span> 
     </span>
    </p>
   </div>
   <div class='ocr_carea' id='block_1_4' title="bbox 100 1371 1805 2308">
    <p class='ocr_par' dir='ltr' id='par_1_5' title="bbox 100 1371 1805 2167">
     <span class='ocr_line' id='line_1_9' title="bbox 106 1371 1800 1490; baseline 0.004 -27"><span class='ocrx_word' id='word_1_97' title='bbox 106 1397 275 1490; x_wconf 81' lang='lat' dir='ltr'><strong>appellatio</strong></span> <span class='ocrx_word' id='word_1_98' title='bbox 291 1405 421 1465; x_wconf 90' lang='lat' dir='ltr'><strong>tantum</strong></span> <span class='ocrx_word' id='word_1_99' title='bbox 438 1397 596 1481; x_wconf 89' lang='lat' dir='ltr'><strong>relativa,</strong></span> <span class='ocrx_word' id='word_1_100' title='bbox 613 1397 795 1466; x_wconf 86' lang='lat' dir='ltr'><strong>similitudo</strong></span> <span class='ocrx_word' id='word_1_101' title='bbox 816 1421 895 1466; x_wconf 88' lang='lat' dir='ltr'><strong>vero</strong></span> <span class='ocrx_word' id='word_1_102' title='bbox 919 1397 1111 1466; x_wconf 87' lang='lat' dir='ltr'><strong>indifferens</strong></span> <span class='ocrx_word' id='word_1_103' title='bbox 1132 1398 1282 1467; x_wconf 87' lang='lat' dir='ltr'><strong>essentia.</strong></span> <span class='ocrx_word' id='word_1_104' title='bbox 1298 1399 1393 1467; x_wconf 88' lang='lat' dir='ltr'><strong>Unde</strong></span> <span class='ocrx_word' id='word_1_105' title='bbox 1407 1399 1606 1490; x_wconf 87' lang='lat' dir='ltr'><strong>quibusdam</strong></span> <span class='ocrx_word' id='word_1_106' title='bbox 1623 1423 1691 1469; x_wconf 91' lang='lat' dir='ltr'><strong>non</strong></span> <span class='ocrx_word' id='word_1_107' title='bbox 1711 1371 1800 1487; x_wconf 53' lang='lat' dir='ltr'><strong>&#39;dliii</strong></span> 
     </span>
     <span class='ocr_line' id='line_1_10' title="bbox 105 1496 1805 1607; baseline 0.002 -27"><span class='ocrx_word' id='word_1_108' title='bbox 105 1512 228 1581; x_wconf 91' lang='lat' dir='ltr'><strong>indocte</strong></span> <span class='ocrx_word' id='word_1_109' title='bbox 242 1513 374 1581; x_wconf 86' lang='lat' dir='ltr'><strong>videtur</strong></span> <span class='ocrx_word' id='word_1_110' title='bbox 387 1515 520 1581; x_wconf 90' lang='lat' dir='ltr'><strong>nomine</strong></span> <span class='ocrx_word' id='word_1_111' title='bbox 533 1514 741 1605; x_wconf 67' lang='lat' dir='ltr'><strong>equalitatis,</strong></span> <span class='ocrx_word' id='word_1_112' title='bbox 760 1516 813 1582; x_wconf 93' lang='lat' dir='ltr'><strong>vel</strong></span> <span class='ocrx_word' id='word_1_113' title='bbox 826 1514 1054 1582; x_wconf 84' lang='lat' dir='ltr'><strong>similitudinis</strong></span> <span class='ocrx_word' id='word_1_114' title='bbox 1068 1536 1135 1583; x_wconf 90' lang='lat' dir='ltr'><strong>uon</strong></span> <span class='ocrx_word' id='word_1_115' title='bbox 1150 1514 1276 1606; x_wconf 89' lang='lat' dir='ltr'><strong>aliquid</strong></span> <span class='ocrx_word' id='word_1_116' title='bbox 1292 1515 1382 1607; x_wconf 90' lang='lat' dir='ltr'><strong>poni,</strong></span> <span class='ocrx_word' id='word_1_117' title='bbox 1393 1510 1454 1583; x_wconf 65' lang='lat' dir='ltr'><strong>xsed</strong></span> <span class='ocrx_word' id='word_1_118' title='bbox 1470 1510 1692 1601; x_wconf 63' lang='lat' dir='ltr'><strong>removerint</strong></span> <span class='ocrx_word' id='word_1_119' title='bbox 1710 1496 1805 1601; x_wconf 56' lang='lat' dir='ltr'><strong>&#39;iffi</strong></span> 
     </span>
     <span class='ocr_line' id='line_1_11' title="bbox 104 1630 1692 1724; baseline 0.003 -27"><span class='ocrx_word' id='word_1_120' title='bbox 104 1652 140 1699; x_wconf 85' lang='lat' dir='ltr'><strong>ea</strong></span> <span class='ocrx_word' id='word_1_121' title='bbox 151 1630 277 1698; x_wconf 91' lang='lat' dir='ltr'><strong>ratione</strong></span> <span class='ocrx_word' id='word_1_122' title='bbox 290 1631 418 1699; x_wconf 89' lang='lat' dir='ltr'><strong>dicatur</strong></span> <span class='ocrx_word' id='word_1_123' title='bbox 429 1631 456 1699; x_wconf 87' lang='lat' dir='ltr'><strong>F</strong></span> <span class='ocrx_word' id='word_1_124' title='bbox 458 1631 535 1699; x_wconf 91' lang='lat' dir='ltr'><strong>ilius</strong></span> <span class='ocrx_word' id='word_1_125' title='bbox 547 1632 683 1723; x_wconf 70' lang='lat' dir='ltr'><strong>aequalis</strong></span> <span class='ocrx_word' id='word_1_126' title='bbox 697 1632 799 1717; x_wconf 88' lang='lat' dir='ltr'><strong>Patri,</strong></span> <span class='ocrx_word' id='word_1_127' title='bbox 815 1631 894 1722; x_wconf 91' lang='lat' dir='ltr'><strong>quia</strong></span> <span class='ocrx_word' id='word_1_128' title='bbox 908 1652 967 1699; x_wconf 91' lang='lat' dir='ltr'><strong>nec</strong></span> <span class='ocrx_word' id='word_1_129' title='bbox 982 1630 1087 1722; x_wconf 88' lang='lat' dir='ltr'><strong>major</strong></span> <span class='ocrx_word' id='word_1_130' title='bbox 1101 1638 1149 1698; x_wconf 91' lang='lat' dir='ltr'><strong>est</strong></span> <span class='ocrx_word' id='word_1_131' title='bbox 1163 1653 1213 1716; x_wconf 92' lang='lat' dir='ltr'><strong>eo,</strong></span> <span class='ocrx_word' id='word_1_132' title='bbox 1230 1652 1289 1698; x_wconf 89' lang='lat' dir='ltr'><strong>nec</strong></span> <span class='ocrx_word' id='word_1_133' title='bbox 1304 1631 1423 1714; x_wconf 86' lang='lat' dir='ltr'><strong>minor,</strong></span> <span class='ocrx_word' id='word_1_134' title='bbox 1441 1638 1474 1700; x_wconf 92' lang='lat' dir='ltr'><strong>et</strong></span> <span class='ocrx_word' id='word_1_135' title='bbox 1485 1631 1546 1700; x_wconf 93' lang='lat' dir='ltr'><strong>boc</strong></span> <span class='ocrx_word' id='word_1_136' title='bbox 1560 1642 1692 1724; x_wconf 90' lang='lat' dir='ltr'><strong>propter</strong></span> 
     </span>
     <span class='ocr_line' id='line_1_12' title="bbox 103 1746 1691 1840; baseline 0.003 -27"><span class='ocrx_word' id='word_1_137' title='bbox 103 1747 261 1814; x_wconf 87' lang='lat' dir='ltr'><strong>unitatem</strong></span> <span class='ocrx_word' id='word_1_138' title='bbox 284 1748 442 1816; x_wconf 69' lang='lat' dir='ltr'><strong>essentiae.</strong></span> <span class='ocrx_word' id='word_1_139' title='bbox 463 1749 512 1815; x_wconf 85' lang='lat' dir='ltr'><strong>lta</strong></span> <span class='ocrx_word' id='word_1_140' title='bbox 534 1755 566 1815; x_wconf 92' lang='lat' dir='ltr'><strong>et</strong></span> <span class='ocrx_word' id='word_1_141' title='bbox 584 1748 701 1814; x_wconf 89' lang='lat' dir='ltr'><strong>similis</strong></span> <span class='ocrx_word' id='word_1_142' title='bbox 723 1747 855 1831; x_wconf 88' lang='lat' dir='ltr'><strong>dieitur,</strong></span> <span class='ocrx_word' id='word_1_143' title='bbox 872 1746 952 1838; x_wconf 88' lang='lat' dir='ltr'><strong>quia</strong></span> <span class='ocrx_word' id='word_1_144' title='bbox 966 1770 1026 1814; x_wconf 88' lang='lat' dir='ltr'><strong>neo</strong></span> <span class='ocrx_word' id='word_1_145' title='bbox 1040 1746 1212 1832; x_wconf 90' lang='lat' dir='ltr'><strong>diversus,</strong></span> <span class='ocrx_word' id='word_1_146' title='bbox 1228 1770 1288 1815; x_wconf 90' lang='lat' dir='ltr'><strong>nec</strong></span> <span class='ocrx_word' id='word_1_147' title='bbox 1301 1748 1441 1834; x_wconf 91' lang='lat' dir='ltr'><strong>alienus,</strong></span> <span class='ocrx_word' id='word_1_148' title='bbox 1458 1751 1564 1816; x_wconf 90' lang='lat' dir='ltr'><strong>necin</strong></span> <span class='ocrx_word' id='word_1_149' title='bbox 1578 1749 1691 1840; x_wconf 91' lang='lat' dir='ltr'><strong>aliquo</strong></span> 
     </span>
     <span class='ocr_line' id='line_1_13' title="bbox 103 1863 1692 1956; baseline 0.002 -26"><span class='ocrx_word' id='word_1_150' title='bbox 103 1863 286 1933; x_wconf 91' lang='lat' dir='ltr'><strong>dissimilis:</strong></span> <span class='ocrx_word' id='word_1_151' title='bbox 303 1873 336 1932; x_wconf 87' lang='lat' dir='ltr'><strong>et</strong></span> <span class='ocrx_word' id='word_1_152' title='bbox 348 1864 421 1949; x_wconf 92' lang='lat' dir='ltr'><strong>boo,</strong></span> <span class='ocrx_word' id='word_1_153' title='bbox 438 1874 570 1956; x_wconf 90' lang='lat' dir='ltr'><strong>propter</strong></span> <span class='ocrx_word' id='word_1_154' title='bbox 583 1864 729 1934; x_wconf 75' lang='lat' dir='ltr'><strong>essentie</strong></span> <span class='ocrx_word' id='word_1_155' title='bbox 750 1863 1003 1956; x_wconf 89' lang='lat' dir='ltr'><strong>simplicitatem.</strong></span> <span class='ocrx_word' id='word_1_156' title='bbox 1024 1864 1099 1932; x_wconf 92' lang='lat' dir='ltr'><strong>Non</strong></span> <span class='ocrx_word' id='word_1_157' title='bbox 1121 1886 1199 1953; x_wconf 92' lang='lat' dir='ltr'><strong>ergo</strong></span> <span class='ocrx_word' id='word_1_158' title='bbox 1220 1864 1401 1932; x_wconf 88' lang='lat' dir='ltr'><strong>secundum</strong></span> <span class='ocrx_word' id='word_1_159' title='bbox 1422 1866 1510 1955; x_wconf 90' lang='lat' dir='ltr'><strong>quod</strong></span> <span class='ocrx_word' id='word_1_160' title='bbox 1524 1864 1629 1933; x_wconf 85' lang='lat' dir='ltr'><strong>Filius</strong></span> <span class='ocrx_word' id='word_1_161' title='bbox 1644 1874 1692 1933; x_wconf 92' lang='lat' dir='ltr'><strong>est</strong></span> 
     </span>
     <span class='ocr_line' id='line_1_14' title="bbox 100 1979 1690 2077; baseline 0.002 -30"><span class='ocrx_word' id='word_1_162' title='bbox 100 1980 231 2069; x_wconf 91' lang='lat' dir='ltr'><strong>genitus</strong></span> <span class='ocrx_word' id='word_1_163' title='bbox 244 2004 264 2048; x_wconf 89' lang='lat' dir='ltr'><strong>a</strong></span> <span class='ocrx_word' id='word_1_164' title='bbox 277 1981 393 2067; x_wconf 91' lang='lat' dir='ltr'><strong>Patre,</strong></span> <span class='ocrx_word' id='word_1_165' title='bbox 408 1982 546 2074; x_wconf 80' lang='lat' dir='ltr'><strong>aequalis</strong></span> <span class='ocrx_word' id='word_1_166' title='bbox 559 1982 611 2050; x_wconf 85' lang='lat' dir='ltr'><strong>vel</strong></span> <span class='ocrx_word' id='word_1_167' title='bbox 626 1982 799 2077; x_wconf 76' lang='lat' dir='ltr'><strong>inaequalis</strong></span> <span class='ocrx_word' id='word_1_168' title='bbox 813 1989 861 2049; x_wconf 92' lang='lat' dir='ltr'><strong>est</strong></span> <span class='ocrx_word' id='word_1_169' title='bbox 873 1981 976 2066; x_wconf 90' lang='lat' dir='ltr'><strong>Patri,</strong></span> <span class='ocrx_word' id='word_1_170' title='bbox 993 2004 1052 2049; x_wconf 90' lang='lat' dir='ltr'><strong>nec</strong></span> <span class='ocrx_word' id='word_1_171' title='bbox 1066 1980 1200 2066; x_wconf 89' lang='lat' dir='ltr'><strong>similis,</strong></span> <span class='ocrx_word' id='word_1_172' title='bbox 1216 1980 1270 2049; x_wconf 91' lang='lat' dir='ltr'><strong>vel</strong></span> <span class='ocrx_word' id='word_1_173' title='bbox 1285 1979 1466 2066; x_wconf 89' lang='lat' dir='ltr'><strong>dissimilis,</strong></span> <span class='ocrx_word' id='word_1_174' title='bbox 1482 1981 1537 2049; x_wconf 89' lang='lat' dir='ltr'><strong>sed</strong></span> <span class='ocrx_word' id='word_1_175' title='bbox 1554 1981 1690 2073; x_wconf 75' lang='lat' dir='ltr'><strong>aqualis</strong></span> 
     </span>
     <span class='ocr_line' id='line_1_15' title="bbox 101 2098 694 2167; baseline 0.002 -3"><span class='ocrx_word' id='word_1_176' title='bbox 101 2105 132 2165; x_wconf 89' lang='lat' dir='ltr'><strong>et</strong></span> <span class='ocrx_word' id='word_1_177' title='bbox 140 2098 258 2165; x_wconf 89' lang='lat' dir='ltr'><strong>similis</strong></span> <span class='ocrx_word' id='word_1_178' title='bbox 271 2099 452 2167; x_wconf 87' lang='lat' dir='ltr'><strong>seeundum</strong></span> <span class='ocrx_word' id='word_1_179' title='bbox 466 2100 694 2167; x_wconf 87' lang='lat' dir='ltr'><strong>substantiam.</strong></span> 
     </span>
    </p>

    <p class='ocr_par' dir='ltr' id='par_1_6' title="bbox 143 2213 1771 2308">
     <span class='ocr_line' id='line_1_16' title="bbox 143 2213 1771 2308; baseline 0.002 -27"><span class='ocrx_word' id='word_1_180' title='bbox 143 2213 218 2282; x_wconf 91' lang='lat' dir='ltr'><strong>Non</strong></span> <span class='ocrx_word' id='word_1_181' title='bbox 228 2221 275 2282; x_wconf 92' lang='lat' dir='ltr'><strong>est</strong></span> <span class='ocrx_word' id='word_1_182' title='bbox 288 2215 390 2303; x_wconf 88' lang='lat' dir='ltr'><strong>igitur</strong></span> <span class='ocrx_word' id='word_1_183' title='bbox 401 2216 455 2284; x_wconf 91' lang='lat' dir='ltr'><strong>bic</strong></span> <span class='ocrx_word' id='word_1_184' title='bbox 469 2215 794 2308; x_wconf 76' lang='lat' dir='ltr'><strong>praetermittendum,</strong></span> <span class='ocrx_word' id='word_1_185' title='bbox 812 2215 900 2307; x_wconf 84' lang='lat' dir='ltr'><strong>quod</strong></span> <span class='ocrx_word' id='word_1_186' title='bbox 917 2213 1112 2283; x_wconf 88' lang='lat' dir='ltr'><strong>viriliustris</strong></span> <span class='ocrx_word' id='word_1_187' title='bbox 1124 2214 1272 2282; x_wconf 88' lang='lat' dir='ltr'><strong>Hilarius</strong></span> <span class='ocrx_word' id='word_1_188' title='bbox 1285 2223 1295 2257; x_wconf 84' lang='lat'>¹</span> <span class='ocrx_word' id='word_1_189' title='bbox 1310 2214 1522 2305; x_wconf 88' lang='lat' dir='ltr'><strong>proprietates</strong></span> <span class='ocrx_word' id='word_1_190' title='bbox 1537 2237 1690 2306; x_wconf 90' lang='lat' dir='ltr'><strong>persona·</strong></span> <span class='ocrx_word' id='word_1_191' title='bbox 1740 2223 1771 2266; x_wconf 74' lang='lat'><strong>1³⁰</strong></span> 
     </span>
    </p>
   </div>
   <div class='ocr_carea' id='block_1_5' title="bbox 40 2290 1808 2423">
    <p class='ocr_par' dir='ltr' id='par_1_7' title="bbox 40 2290 1808 2423">
     <span class='ocr_line' id='line_1_17' title="bbox 40 2290 1808 2423; baseline 0.002 -26"><span class='ocrx_word' id='word_1_192' title='bbox 40 2366 41 2369; x_wconf 20' lang='grc' dir='ltr'>ι</span> <span class='ocrx_word' id='word_1_193' title='bbox 99 2353 175 2398; x_wconf 91' lang='lat' dir='ltr'><strong>rum</strong></span> <span class='ocrx_word' id='word_1_194' title='bbox 190 2331 372 2420; x_wconf 89' lang='lat' dir='ltr'><strong>assignans,</strong></span> <span class='ocrx_word' id='word_1_195' title='bbox 388 2332 465 2400; x_wconf 89' lang='lat' dir='ltr'><strong>dicit</strong></span> <span class='ocrx_word' id='word_1_196' title='bbox 479 2334 514 2400; x_wconf 90' lang='lat' dir='ltr'><strong>iu</strong></span> <span class='ocrx_word' id='word_1_197' title='bbox 528 2334 624 2401; x_wconf 91' lang='lat' dir='ltr'><strong>Patre</strong></span> <span class='ocrx_word' id='word_1_198' title='bbox 638 2356 705 2400; x_wconf 88' lang='lat' dir='ltr'><strong>esse</strong></span> <span class='ocrx_word' id='word_1_199' title='bbox 727 2332 962 2417; x_wconf 70' lang='lat' dir='ltr'><strong>eternitatem,</strong></span> <span class='ocrx_word' id='word_1_200' title='bbox 978 2330 1117 2423; x_wconf 87' lang='lat' dir='ltr'><strong>speeiem</strong></span> <span class='ocrx_word' id='word_1_201' title='bbox 1138 2332 1173 2397; x_wconf 96' lang='lat' dir='ltr'><strong>in</strong></span> <span class='ocrx_word' id='word_1_202' title='bbox 1193 2330 1360 2419; x_wconf 89' lang='lat' dir='ltr'><strong>imagine,</strong></span> <span class='ocrx_word' id='word_1_203' title='bbox 1377 2330 1524 2399; x_wconf 90' lang='lat' dir='ltr'><strong>usumin</strong></span> <span class='ocrx_word' id='word_1_204' title='bbox 1540 2355 1686 2403; x_wconf 85' lang='lat' dir='ltr'><strong>munere.</strong></span> <span class='ocrx_word' id='word_1_205' title='bbox 1703 2290 1808 2390; x_wconf 47' lang='lat' dir='ltr'><strong>ualidi·</strong></span> 
     </span>
    </p>
   </div>
   <div class='ocr_carea' id='block_1_6' title="bbox 40 2410 1810 4301">
    <p class='ocr_par' dir='ltr' id='par_1_8' title="bbox 40 2410 1810 3833">
     <span class='ocr_line' id='line_1_18' title="bbox 98 2410 1802 2538; baseline 0.002 -23"><span class='ocrx_word' id='word_1_206' title='bbox 98 2448 182 2528; x_wconf 73' lang='lat' dir='ltr'><strong>Quae</strong></span> <span class='ocrx_word' id='word_1_207' title='bbox 196 2457 296 2518; x_wconf 77' lang='lat' dir='ltr'><strong>tanta</strong></span> <span class='ocrx_word' id='word_1_208' title='bbox 316 2449 520 2519; x_wconf 83' lang='lat' dir='ltr'><strong>difficultatis</strong></span> <span class='ocrx_word' id='word_1_209' title='bbox 534 2459 611 2519; x_wconf 92' lang='lat' dir='ltr'><strong>sunt</strong></span> <span class='ocrx_word' id='word_1_210' title='bbox 624 2451 742 2534; x_wconf 87' lang='lat' dir='ltr'><strong>verba,</strong></span> <span class='ocrx_word' id='word_1_211' title='bbox 759 2450 846 2518; x_wconf 92' lang='lat' dir='ltr'><strong>utin</strong></span> <span class='ocrx_word' id='word_1_212' title='bbox 859 2471 975 2517; x_wconf 89' lang='lat' dir='ltr'><strong>eorum</strong></span> <span class='ocrx_word' id='word_1_213' title='bbox 989 2447 1222 2537; x_wconf 81' lang='lat' dir='ltr'><strong>intelligentia,</strong></span> <span class='ocrx_word' id='word_1_214' title='bbox 1237 2455 1335 2538; x_wconf 88' lang='lat' dir='ltr'><strong>atque</strong></span> <span class='ocrx_word' id='word_1_215' title='bbox 1350 2447 1578 2538; x_wconf 83' lang='lat' dir='ltr'><strong>explanatione</strong></span> <span class='ocrx_word' id='word_1_216' title='bbox 1592 2448 1690 2517; x_wconf 90' lang='lat' dir='ltr'><strong>vebe-</strong></span> <span class='ocrx_word' id='word_1_217' title='bbox 1710 2410 1802 2530; x_wconf 46' lang='lat' dir='ltr'><strong>{diffidi</strong></span> 
     </span>
     <span class='ocr_line' id='line_1_19' title="bbox 40 2540 1809 2659; baseline 0.001 -25"><span class='ocrx_word' id='word_1_218' title='bbox 40 2606 41 2609; x_wconf 61' lang='lat'><em>=</em></span> <span class='ocrx_word' id='word_1_219' title='bbox 97 2575 229 2635; x_wconf 89' lang='lat' dir='ltr'><strong>menter</strong></span> <span class='ocrx_word' id='word_1_220' title='bbox 241 2567 439 2637; x_wconf 85' lang='lat' dir='ltr'><strong>laboraverit</strong></span> <span class='ocrx_word' id='word_1_221' title='bbox 451 2570 671 2659; x_wconf 80' lang='lat' dir='ltr'><strong>Augustinus,</strong></span> <span class='ocrx_word' id='word_1_222' title='bbox 688 2575 726 2637; x_wconf 93' lang='lat' dir='ltr'><strong>ut</strong></span> <span class='ocrx_word' id='word_1_223' title='bbox 739 2569 806 2659; x_wconf 91' lang='lat' dir='ltr'><strong>ipse</strong></span> <span class='ocrx_word' id='word_1_224' title='bbox 819 2567 960 2634; x_wconf 88' lang='lat' dir='ltr'><strong>ostendit</strong></span> <span class='ocrx_word' id='word_1_225' title='bbox 973 2566 1008 2633; x_wconf 90' lang='lat' dir='ltr'><strong>in</strong></span> <span class='ocrx_word' id='word_1_226' title='bbox 1022 2573 1113 2633; x_wconf 85' lang='lat' dir='ltr'><strong>sexto</strong></span> <span class='ocrx_word' id='word_1_227' title='bbox 1123 2565 1208 2633; x_wconf 90' lang='lat' dir='ltr'><strong>libro</strong></span> <span class='ocrx_word' id='word_1_228' title='bbox 1221 2563 1262 2632; x_wconf 88' lang='lat' dir='ltr'><strong>de</strong></span> <span class='ocrx_word' id='word_1_229' title='bbox 1277 2563 1457 2631; x_wconf 82' lang='lat' dir='ltr'><strong>Trinitate¹</strong></span> <span class='ocrx_word' id='word_1_230' title='bbox 1471 2617 1481 2646; x_wconf 91' lang='lat'><strong>,</strong></span> <span class='ocrx_word' id='word_1_231' title='bbox 1498 2563 1545 2631; x_wconf 89' lang='lat' dir='ltr'><strong>ita</strong></span> <span class='ocrx_word' id='word_1_232' title='bbox 1557 2563 1687 2633; x_wconf 86' lang='lat' dir='ltr'><strong>dicens:</strong></span> <span class='ocrx_word' id='word_1_233' title='bbox 1703 2540 1809 2653; x_wconf 51' lang='lat' dir='ltr'><strong>{iffi}</strong></span> 
     </span>
     <span class='ocr_line' id='line_1_20' title="bbox 101 2676 1801 2784; baseline 0 -36"><span class='ocrx_word' id='word_1_234' title='bbox 101 2707 118 2747; x_wconf 81' lang='grc' dir='ltr'><strong>ιι</strong></span> <span class='ocrx_word' id='word_1_235' title='bbox 132 2684 278 2765; x_wconf 89' lang='lat' dir='ltr'><strong>Quidam</strong></span> <span class='ocrx_word' id='word_1_236' title='bbox 292 2708 367 2754; x_wconf 89' lang='lat' dir='ltr'><strong>cum</strong></span> <span class='ocrx_word' id='word_1_237' title='bbox 382 2686 482 2754; x_wconf 89' lang='lat' dir='ltr'><strong>vellet</strong></span> <span class='ocrx_word' id='word_1_238' title='bbox 492 2687 681 2754; x_wconf 89' lang='lat' dir='ltr'><strong>brevissime</strong></span> <span class='ocrx_word' id='word_1_239' title='bbox 694 2686 902 2774; x_wconf 91' lang='lat' dir='ltr'><strong>singularum</strong></span> <span class='ocrx_word' id='word_1_240' title='bbox 914 2684 950 2751; x_wconf 91' lang='lat' dir='ltr'><strong>in</strong></span> <span class='ocrx_word' id='word_1_241' title='bbox 961 2683 988 2749; x_wconf 89' lang='lat' dir='ltr'>T</span> <span class='ocrx_word' id='word_1_242' title='bbox 990 2682 1122 2750; x_wconf 88' lang='lat' dir='ltr'><strong>rinitate</strong></span> <span class='ocrx_word' id='word_1_243' title='bbox 1133 2703 1346 2774; x_wconf 88' lang='lat' dir='ltr'><strong>personarum</strong></span> <span class='ocrx_word' id='word_1_244' title='bbox 1358 2679 1527 2748; x_wconf 83' lang='lat' dir='ltr'><strong>insinuare</strong></span> <span class='ocrx_word' id='word_1_245' title='bbox 1535 2680 1668 2771; x_wconf 88' lang='lat' dir='ltr'><strong>propria</strong></span> <span class='ocrx_word' id='word_1_246' title='bbox 1680 2706 1688 2749; x_wconf 92' lang='lat'>:</span> <span class='ocrx_word' id='word_1_247' title='bbox 1714 2676 1801 2784; x_wconf 44' lang='lat' dir='ltr'><strong>,3st</strong></span> 
     </span>
     <span class='ocr_line' id='line_1_21' title="bbox 100 2791 1810 2895; baseline -0.001 -30"><span class='ocrx_word' id='word_1_248' title='bbox 100 2800 309 2870; x_wconf 80' lang='lat' dir='ltr'><strong>aAEternitas</strong></span> <span class='ocrx_word' id='word_1_249' title='bbox 321 2803 505 2895; x_wconf 89' lang='lat' dir='ltr'><strong>est,inquit,</strong></span> <span class='ocrx_word' id='word_1_250' title='bbox 517 2804 552 2870; x_wconf 94' lang='lat' dir='ltr'><strong>in</strong></span> <span class='ocrx_word' id='word_1_251' title='bbox 564 2804 673 2888; x_wconf 88' lang='lat' dir='ltr'><strong>Patre,</strong></span> <span class='ocrx_word' id='word_1_252' title='bbox 688 2802 809 2893; x_wconf 89' lang='lat' dir='ltr'><strong>species</strong></span> <span class='ocrx_word' id='word_1_253' title='bbox 817 2802 851 2867; x_wconf 90' lang='lat' dir='ltr'><strong>in</strong></span> <span class='ocrx_word' id='word_1_254' title='bbox 859 2800 1014 2889; x_wconf 89' lang='lat' dir='ltr'><strong>imagine,</strong></span> <span class='ocrx_word' id='word_1_255' title='bbox 1023 2822 1103 2868; x_wconf 89' lang='lat' dir='ltr'><strong>usus</strong></span> <span class='ocrx_word' id='word_1_256' title='bbox 1114 2799 1150 2866; x_wconf 93' lang='lat' dir='ltr'><strong>in</strong></span> <span class='ocrx_word' id='word_1_257' title='bbox 1161 2820 1332 2867; x_wconf 86' lang='lat' dir='ltr'><strong>munere.»</strong></span> <span class='ocrx_word' id='word_1_258' title='bbox 1344 2796 1383 2864; x_wconf 88' lang='lat' dir='ltr'><strong>Et</strong></span> <span class='ocrx_word' id='word_1_259' title='bbox 1392 2797 1475 2888; x_wconf 91' lang='lat' dir='ltr'><strong>quia</strong></span> <span class='ocrx_word' id='word_1_260' title='bbox 1486 2818 1554 2864; x_wconf 89' lang='lat' dir='ltr'><strong>non</strong></span> <span class='ocrx_word' id='word_1_261' title='bbox 1567 2796 1692 2865; x_wconf 91' lang='lat' dir='ltr'><strong>medio·</strong></span> <span class='ocrx_word' id='word_1_262' title='bbox 1704 2791 1810 2835; x_wconf 56' lang='grc' dir='ltr'><strong>ΜΠ·</strong></span> 
     </span>
     <span class='ocr_line' id='line_1_22' title="bbox 95 2912 1690 3010; baseline -0.003 -25"><span class='ocrx_word' id='word_1_263' title='bbox 95 2919 160 2986; x_wconf 87' lang='lat' dir='ltr'><strong>cris</strong></span> <span class='ocrx_word' id='word_1_264' title='bbox 182 2919 387 2987; x_wconf 81' lang='lat' dir='ltr'><strong>auctoritatis</strong></span> <span class='ocrx_word' id='word_1_265' title='bbox 405 2920 440 2987; x_wconf 90' lang='lat' dir='ltr'><strong>in</strong></span> <span class='ocrx_word' id='word_1_266' title='bbox 462 2919 652 2987; x_wconf 82' lang='lat' dir='ltr'><strong>tractatione</strong></span> <span class='ocrx_word' id='word_1_267' title='bbox 674 2918 938 3010; x_wconf 88' lang='lat' dir='ltr'><strong>Scripturarum,</strong></span> <span class='ocrx_word' id='word_1_268' title='bbox 954 2924 987 2983; x_wconf 92' lang='lat' dir='ltr'><strong>et</strong></span> <span class='ocrx_word' id='word_1_269' title='bbox 1009 2916 1185 2985; x_wconf 87' lang='lat' dir='ltr'><strong>assertione</strong></span> <span class='ocrx_word' id='word_1_270' title='bbox 1204 2914 1283 2982; x_wconf 86' lang='lat' dir='ltr'><strong>fidei</strong></span> <span class='ocrx_word' id='word_1_271' title='bbox 1307 2913 1358 2980; x_wconf 90' lang='lat' dir='ltr'><strong>vir</strong></span> <span class='ocrx_word' id='word_1_272' title='bbox 1380 2912 1588 3003; x_wconf 72' lang='lat' dir='ltr'><strong>extititihaec</strong></span> <span class='ocrx_word' id='word_1_273' title='bbox 1601 2914 1690 2981; x_wconf 91' lang='lat' dir='ltr'><strong>enim</strong></span> 
     </span>
     <span class='ocr_line' id='line_1_23' title="bbox 93 3028 1689 3127; baseline -0.004 -25"><span class='ocrx_word' id='word_1_274' title='bbox 93 3034 270 3104; x_wconf 81' lang='lat' dir='ltr'><strong>Hilarius⁸</strong></span> <span class='ocrx_word' id='word_1_275' title='bbox 282 3035 317 3103; x_wconf 96' lang='lat' dir='ltr'><strong>in</strong></span> <span class='ocrx_word' id='word_1_276' title='bbox 331 3036 424 3104; x_wconf 90' lang='lat' dir='ltr'><strong>libris</strong></span> <span class='ocrx_word' id='word_1_277' title='bbox 437 3037 505 3104; x_wconf 89' lang='lat' dir='ltr'><strong>suis</strong></span> <span class='ocrx_word' id='word_1_278' title='bbox 515 3036 651 3127; x_wconf 72' lang='lat' dir='ltr'><strong>posuit),</strong></span> <span class='ocrx_word' id='word_1_279' title='bbox 666 3034 786 3103; x_wconf 91' lang='lat' dir='ltr'><strong>borum</strong></span> <span class='ocrx_word' id='word_1_280' title='bbox 802 3035 990 3119; x_wconf 86' lang='lat' dir='ltr'><strong>verborum,</strong></span> <span class='ocrx_word' id='word_1_281' title='bbox 1006 3032 1114 3117; x_wconf 89' lang='lat' dir='ltr'><strong>idest,</strong></span> <span class='ocrx_word' id='word_1_282' title='bbox 1130 3031 1242 3123; x_wconf 90' lang='lat' dir='ltr'><strong>patris,</strong></span> <span class='ocrx_word' id='word_1_283' title='bbox 1259 3037 1291 3098; x_wconf 93' lang='lat' dir='ltr'><strong>et</strong></span> <span class='ocrx_word' id='word_1_284' title='bbox 1302 3029 1468 3119; x_wconf 87' lang='lat' dir='ltr'><strong>imaginis,</strong></span> <span class='ocrx_word' id='word_1_285' title='bbox 1484 3037 1517 3097; x_wconf 92' lang='lat' dir='ltr'><strong>et</strong></span> <span class='ocrx_word' id='word_1_286' title='bbox 1530 3028 1689 3114; x_wconf 90' lang='lat' dir='ltr'><strong>muneris,</strong></span> 
     </span>
     <span class='ocr_line' id='line_1_24' title="bbox 93 3146 1690 3245; baseline -0.006 -23"><span class='ocrx_word' id='word_1_287' title='bbox 93 3154 305 3238; x_wconf 71' lang='lat' dir='ltr'><strong>aeternitatis,</strong></span> <span class='ocrx_word' id='word_1_288' title='bbox 318 3153 448 3245; x_wconf 87' lang='lat' dir='ltr'><strong>speciei,</strong></span> <span class='ocrx_word' id='word_1_289' title='bbox 464 3162 494 3221; x_wconf 89' lang='lat' dir='ltr'><strong>et</strong></span> <span class='ocrx_word' id='word_1_290' title='bbox 509 3177 601 3238; x_wconf 91' lang='lat' dir='ltr'><strong>usus,</strong></span> <span class='ocrx_word' id='word_1_291' title='bbox 613 3152 757 3220; x_wconf 88' lang='lat' dir='ltr'><strong>abditam</strong></span> <span class='ocrx_word' id='word_1_292' title='bbox 773 3159 936 3220; x_wconf 89' lang='lat' dir='ltr'><strong>scrutatus</strong></span> <span class='ocrx_word' id='word_1_293' title='bbox 949 3148 1214 3238; x_wconf 85' lang='lat' dir='ltr'><strong>intelligentiam,</strong></span> <span class='ocrx_word' id='word_1_294' title='bbox 1230 3155 1393 3239; x_wconf 88' lang='lat' dir='ltr'><strong>quantum</strong></span> <span class='ocrx_word' id='word_1_295' title='bbox 1406 3146 1512 3232; x_wconf 89' lang='lat' dir='ltr'><strong>valeo,</strong></span> <span class='ocrx_word' id='word_1_296' title='bbox 1531 3168 1599 3213; x_wconf 92' lang='lat' dir='ltr'><strong>non</strong></span> <span class='ocrx_word' id='word_1_297' title='bbox 1613 3168 1690 3213; x_wconf 91' lang='lat' dir='ltr'><strong>eum</strong></span> 
     </span>
     <span class='ocr_line' id='line_1_25' title="bbox 91 3261 1687 3359; baseline -0.006 -20"><span class='ocrx_word' id='word_1_298' title='bbox 91 3282 248 3355; x_wconf 73' lang='lat' dir='ltr'><strong>secutum</strong></span> <span class='ocrx_word' id='word_1_299' title='bbox 263 3271 405 3340; x_wconf 87' lang='lat' dir='ltr'><strong>arbitror</strong></span> <span class='ocrx_word' id='word_1_300' title='bbox 417 3272 453 3338; x_wconf 90' lang='lat' dir='ltr'><strong>in</strong></span> <span class='ocrx_word' id='word_1_301' title='bbox 467 3271 665 3338; x_wconf 70' lang='lat' dir='ltr'><strong>aeternitatis</strong></span> <span class='ocrx_word' id='word_1_302' title='bbox 678 3269 850 3355; x_wconf 79' lang='lat' dir='ltr'><strong>vocabulo,</strong></span> <span class='ocrx_word' id='word_1_303' title='bbox 865 3268 929 3336; x_wconf 91' lang='lat' dir='ltr'><strong>nisi</strong></span> <span class='ocrx_word' id='word_1_304' title='bbox 943 3266 1033 3359; x_wconf 91' lang='lat' dir='ltr'><strong>quod</strong></span> <span class='ocrx_word' id='word_1_305' title='bbox 1045 3266 1143 3334; x_wconf 84' lang='lat' dir='ltr'><strong>Pater</strong></span> <span class='ocrx_word' id='word_1_306' title='bbox 1158 3287 1225 3332; x_wconf 90' lang='lat' dir='ltr'><strong>non</strong></span> <span class='ocrx_word' id='word_1_307' title='bbox 1239 3263 1338 3331; x_wconf 88' lang='lat' dir='ltr'><strong>babet</strong></span> <span class='ocrx_word' id='word_1_308' title='bbox 1350 3271 1474 3354; x_wconf 88' lang='lat' dir='ltr'><strong>patrem</strong></span> <span class='ocrx_word' id='word_1_309' title='bbox 1488 3261 1607 3354; x_wconf 87' lang='lat' dir='ltr'><strong>dequo</strong></span> <span class='ocrx_word' id='word_1_310' title='bbox 1622 3262 1663 3329; x_wconf 89' lang='lat' dir='ltr'><strong>sit</strong></span> <span class='ocrx_word' id='word_1_311' title='bbox 1679 3287 1687 3330; x_wconf 74' lang='grc' dir='ltr'>ι</span> 
     </span>
     <span class='ocr_line' id='line_1_26' title="bbox 89 3377 1689 3478; baseline -0.005 -23"><span class='ocrx_word' id='word_1_312' title='bbox 89 3388 208 3456; x_wconf 88' lang='lat' dir='ltr'><strong>Filius</strong></span> <span class='ocrx_word' id='word_1_313' title='bbox 224 3397 334 3456; x_wconf 89' lang='lat' dir='ltr'><strong>autem</strong></span> <span class='ocrx_word' id='word_1_314' title='bbox 355 3389 396 3457; x_wconf 92' lang='lat' dir='ltr'><strong>de</strong></span> <span class='ocrx_word' id='word_1_315' title='bbox 409 3388 506 3457; x_wconf 87' lang='lat' dir='ltr'><strong>Patre</strong></span> <span class='ocrx_word' id='word_1_316' title='bbox 524 3395 627 3455; x_wconf 89' lang='lat' dir='ltr'><strong>estut</strong></span> <span class='ocrx_word' id='word_1_317' title='bbox 648 3388 708 3472; x_wconf 91' lang='lat' dir='ltr'><strong>sit,</strong></span> <span class='ocrx_word' id='word_1_318' title='bbox 725 3395 823 3478; x_wconf 86' lang='lat' dir='ltr'><strong>atque</strong></span> <span class='ocrx_word' id='word_1_319' title='bbox 844 3394 882 3453; x_wconf 91' lang='grc' dir='ltr'><strong>ιιι</strong></span> <span class='ocrx_word' id='word_1_320' title='bbox 906 3384 956 3453; x_wconf 90' lang='lat' dir='ltr'><strong>illi</strong></span> <span class='ocrx_word' id='word_1_321' title='bbox 979 3391 1160 3452; x_wconf 75' lang='lat' dir='ltr'><strong>coaternus</strong></span> <span class='ocrx_word' id='word_1_322' title='bbox 1179 3380 1230 3447; x_wconf 92' lang='lat' dir='ltr'><strong>sit.</strong></span> <span class='ocrx_word' id='word_1_323' title='bbox 1257 3379 1369 3468; x_wconf 88' lang='lat' dir='ltr'><strong>imago</strong></span> <span class='ocrx_word' id='word_1_324' title='bbox 1383 3379 1491 3464; x_wconf 90' lang='lat' dir='ltr'><strong>enim,</strong></span> <span class='ocrx_word' id='word_1_325' title='bbox 1507 3378 1536 3445; x_wconf 93' lang='lat' dir='ltr'><strong>si</strong></span> <span class='ocrx_word' id='word_1_326' title='bbox 1550 3377 1689 3468; x_wconf 79' lang='lat' dir='ltr'><strong>perfecte</strong></span> 
     </span>
     <span class='ocr_line' id='line_1_27' title="bbox 90 3495 1690 3598; baseline -0.006 -27"><span class='ocrx_word' id='word_1_327' title='bbox 90 3504 217 3598; x_wconf 90' lang='lat' dir='ltr'><strong>implet</strong></span> <span class='ocrx_word' id='word_1_328' title='bbox 230 3505 327 3591; x_wconf 90' lang='lat' dir='ltr'><strong>illud,</strong></span> <span class='ocrx_word' id='word_1_329' title='bbox 342 3504 437 3597; x_wconf 87' lang='lat' dir='ltr'><strong>eujus</strong></span> <span class='ocrx_word' id='word_1_330' title='bbox 450 3505 558 3594; x_wconf 88' lang='lat' dir='ltr'><strong>imago</strong></span> <span class='ocrx_word' id='word_1_331' title='bbox 572 3513 631 3591; x_wconf 89' lang='lat' dir='ltr'><strong>est,</strong></span> <span class='ocrx_word' id='word_1_332' title='bbox 647 3504 717 3595; x_wconf 89' lang='lat' dir='ltr'><strong>ipsa</strong></span> <span class='ocrx_word' id='word_1_333' title='bbox 730 3511 920 3595; x_wconf 72' lang='lat' dir='ltr'><strong>coaequatur</strong></span> <span class='ocrx_word' id='word_1_334' title='bbox 932 3501 974 3586; x_wconf 92' lang='lat' dir='ltr'><strong>ei,</strong></span> <span class='ocrx_word' id='word_1_335' title='bbox 986 3522 1053 3567; x_wconf 91' lang='lat' dir='ltr'><strong>non</strong></span> <span class='ocrx_word' id='word_1_336' title='bbox 1067 3497 1150 3566; x_wconf 91' lang='lat' dir='ltr'><strong>illud</strong></span> <span class='ocrx_word' id='word_1_337' title='bbox 1166 3495 1303 3584; x_wconf 87' lang='lat' dir='ltr'><strong>imagini</strong></span> <span class='ocrx_word' id='word_1_338' title='bbox 1313 3516 1380 3563; x_wconf 88' lang='lat' dir='ltr'><strong>suae</strong></span> <span class='ocrx_word' id='word_1_339' title='bbox 1394 3519 1401 3561; x_wconf 93' lang='lat'>:</span> <span class='ocrx_word' id='word_1_340' title='bbox 1418 3495 1454 3562; x_wconf 91' lang='lat' dir='ltr'><strong>in</strong></span> <span class='ocrx_word' id='word_1_341' title='bbox 1467 3518 1533 3586; x_wconf 89' lang='lat' dir='ltr'><strong>qua</strong></span> <span class='ocrx_word' id='word_1_342' title='bbox 1546 3495 1690 3583; x_wconf 89' lang='lat' dir='ltr'><strong>imagine</strong></span> 
     </span>
     <span class='ocr_line' id='line_1_28' title="bbox 88 3610 1692 3716; baseline -0.007 -26"><span class='ocrx_word' id='word_1_343' title='bbox 88 3623 249 3716; x_wconf 80' lang='lat' dir='ltr'><strong>Speciem</strong></span> <span class='ocrx_word' id='word_1_344' title='bbox 265 3623 461 3710; x_wconf 86' lang='lat' dir='ltr'><strong>nominavit,</strong></span> <span class='ocrx_word' id='word_1_345' title='bbox 478 3622 585 3708; x_wconf 91' lang='lat' dir='ltr'><strong>credo,</strong></span> <span class='ocrx_word' id='word_1_346' title='bbox 601 3630 733 3713; x_wconf 86' lang='lat' dir='ltr'><strong>propter</strong></span> <span class='ocrx_word' id='word_1_347' title='bbox 748 3618 1041 3712; x_wconf 85' lang='lat' dir='ltr'><strong>pulchritudinem,</strong></span> <span class='ocrx_word' id='word_1_348' title='bbox 1058 3614 1116 3683; x_wconf 89' lang='lat' dir='ltr'><strong>ubi</strong></span> <span class='ocrx_word' id='word_1_349' title='bbox 1133 3623 1222 3681; x_wconf 87' lang='lat' dir='ltr'><strong>tanta</strong></span> <span class='ocrx_word' id='word_1_350' title='bbox 1240 3621 1288 3681; x_wconf 89' lang='lat' dir='ltr'><strong>est</strong></span> <span class='ocrx_word' id='word_1_351' title='bbox 1300 3610 1526 3700; x_wconf 89' lang='lat' dir='ltr'><strong>congruentia,</strong></span> <span class='ocrx_word' id='word_1_352' title='bbox 1540 3619 1572 3678; x_wconf 91' lang='lat' dir='ltr'><strong>et</strong></span> <span class='ocrx_word' id='word_1_353' title='bbox 1586 3611 1692 3701; x_wconf 87' lang='lat' dir='ltr'><strong>prima</strong></span> 
     </span>
     <span class='ocr_line' id='line_1_29' title="bbox 88 3726 1693 3833; baseline -0.01 -24"><span class='ocrx_word' id='word_1_354' title='bbox 88 3740 293 3833; x_wconf 84' lang='lat' dir='ltr'><strong>aequalitas,</strong></span> <span class='ocrx_word' id='word_1_355' title='bbox 309 3749 342 3809; x_wconf 91' lang='lat' dir='ltr'><strong>et</strong></span> <span class='ocrx_word' id='word_1_356' title='bbox 358 3741 466 3833; x_wconf 90' lang='lat' dir='ltr'><strong>prima</strong></span> <span class='ocrx_word' id='word_1_357' title='bbox 480 3739 662 3807; x_wconf 89' lang='lat' dir='ltr'><strong>similitudo</strong></span> <span class='ocrx_word' id='word_1_358' title='bbox 676 3738 770 3806; x_wconf 90' lang='lat' dir='ltr'><strong>nulla</strong></span> <span class='ocrx_word' id='word_1_359' title='bbox 783 3737 819 3805; x_wconf 93' lang='lat' dir='ltr'><strong>in</strong></span> <span class='ocrx_word' id='word_1_360' title='bbox 833 3759 867 3803; x_wconf 89' lang='lat' dir='ltr'><strong>re</strong></span> <span class='ocrx_word' id='word_1_361' title='bbox 881 3734 1060 3818; x_wconf 88' lang='lat' dir='ltr'><strong>dissidens,</strong></span> <span class='ocrx_word' id='word_1_362' title='bbox 1076 3739 1109 3799; x_wconf 92' lang='lat' dir='ltr'><strong>et</strong></span> <span class='ocrx_word' id='word_1_363' title='bbox 1123 3731 1217 3799; x_wconf 91' lang='lat' dir='ltr'><strong>nullo</strong></span> <span class='ocrx_word' id='word_1_364' title='bbox 1232 3729 1329 3797; x_wconf 91' lang='lat' dir='ltr'><strong>modo</strong></span> <span class='ocrx_word' id='word_1_365' title='bbox 1343 3727 1535 3819; x_wconf 83' lang='lat' dir='ltr'><strong>inaequalis,</strong></span> <span class='ocrx_word' id='word_1_366' title='bbox 1552 3734 1585 3794; x_wconf 90' lang='lat' dir='ltr'><strong>et</strong></span> <span class='ocrx_word' id='word_1_367' title='bbox 1598 3726 1693 3794; x_wconf 90' lang='lat' dir='ltr'><strong>nulla</strong></span> 
     </span>
    </p>

    <p class='ocr_par' dir='ltr' id='par_1_9' title="bbox 86 3842 1759 4301">
     <span class='ocr_line' id='line_1_30' title="bbox 88 3842 1692 3951; baseline -0.011 -24"><span class='ocrx_word' id='word_1_368' title='bbox 88 3881 134 3927; x_wconf 85' lang='lat' dir='ltr'><strong>ex</strong></span> <span class='ocrx_word' id='word_1_369' title='bbox 158 3866 254 3951; x_wconf 90' lang='lat' dir='ltr'><strong>parte</strong></span> <span class='ocrx_word' id='word_1_370' title='bbox 267 3857 457 3943; x_wconf 82' lang='lat' dir='ltr'><strong>dissimilis,</strong></span> <span class='ocrx_word' id='word_1_371' title='bbox 473 3857 528 3925; x_wconf 88' lang='lat' dir='ltr'><strong>sed</strong></span> <span class='ocrx_word' id='word_1_372' title='bbox 548 3856 588 3924; x_wconf 91' lang='lat' dir='ltr'><strong>ad</strong></span> <span class='ocrx_word' id='word_1_373' title='bbox 608 3854 811 3922; x_wconf 88' lang='lat' dir='ltr'><strong>identitatem</strong></span> <span class='ocrx_word' id='word_1_374' title='bbox 831 3851 1030 3943; x_wconf 91' lang='lat' dir='ltr'><strong>respondens</strong></span> <span class='ocrx_word' id='word_1_375' title='bbox 1044 3848 1075 3918; x_wconf 90' lang='lat' dir='ltr'><strong>ei</strong></span> <span class='ocrx_word' id='word_1_376' title='bbox 1093 3848 1188 3942; x_wconf 80' lang='lat' dir='ltr'><strong>cujus</strong></span> <span class='ocrx_word' id='word_1_377' title='bbox 1202 3845 1311 3935; x_wconf 91' lang='lat' dir='ltr'><strong>imago</strong></span> <span class='ocrx_word' id='word_1_378' title='bbox 1326 3852 1393 3930; x_wconf 89' lang='lat' dir='ltr'><strong>est,</strong></span> <span class='ocrx_word' id='word_1_379' title='bbox 1408 3842 1466 3911; x_wconf 93' lang='lat' dir='ltr'><strong>ubi</strong></span> <span class='ocrx_word' id='word_1_380' title='bbox 1480 3850 1527 3910; x_wconf 90' lang='lat' dir='ltr'><strong>est</strong></span> <span class='ocrx_word' id='word_1_381' title='bbox 1541 3842 1647 3934; x_wconf 93' lang='lat' dir='ltr'><strong>prima</strong></span> <span class='ocrx_word' id='word_1_382' title='bbox 1660 3851 1692 3909; x_wconf 89' lang='lat' dir='ltr'><strong>et</strong></span> 
     </span>
     <span class='ocr_line' id='line_1_31' title="bbox 86 3958 1693 4059; baseline -0.012 -15"><span class='ocrx_word' id='word_1_383' title='bbox 86 3998 232 4044; x_wconf 88' lang='lat' dir='ltr'><strong>summa</strong></span> <span class='ocrx_word' id='word_1_384' title='bbox 248 3975 336 4059; x_wconf 87' lang='lat' dir='ltr'><strong>vita,</strong></span> <span class='ocrx_word' id='word_1_385' title='bbox 352 3974 405 4042; x_wconf 89' lang='lat' dir='ltr'><strong>cui</strong></span> <span class='ocrx_word' id='word_1_386' title='bbox 420 3996 487 4042; x_wconf 90' lang='lat' dir='ltr'><strong>nou</strong></span> <span class='ocrx_word' id='word_1_387' title='bbox 501 3972 593 4041; x_wconf 88' lang='lat' dir='ltr'><strong>aliud</strong></span> <span class='ocrx_word' id='word_1_388' title='bbox 607 3971 737 4056; x_wconf 89' lang='lat' dir='ltr'><strong>vivere,</strong></span> <span class='ocrx_word' id='word_1_389' title='bbox 753 3978 785 4037; x_wconf 91' lang='lat' dir='ltr'><strong>et</strong></span> <span class='ocrx_word' id='word_1_390' title='bbox 797 3969 888 4036; x_wconf 88' lang='lat' dir='ltr'><strong>aliud</strong></span> <span class='ocrx_word' id='word_1_391' title='bbox 903 3990 981 4054; x_wconf 89' lang='lat' dir='ltr'><strong>esse,</strong></span> <span class='ocrx_word' id='word_1_392' title='bbox 997 3964 1156 4034; x_wconf 90' lang='lat' dir='ltr'><strong>sedidem</strong></span> <span class='ocrx_word' id='word_1_393' title='bbox 1170 3970 1202 4032; x_wconf 90' lang='lat' dir='ltr'><strong>et</strong></span> <span class='ocrx_word' id='word_1_394' title='bbox 1220 3962 1345 4054; x_wconf 88' lang='lat' dir='ltr'><strong>primus</strong></span> <span class='ocrx_word' id='word_1_395' title='bbox 1364 3983 1401 4027; x_wconf 86' lang='lat' dir='ltr'><strong>ac</strong></span> <span class='ocrx_word' id='word_1_396' title='bbox 1421 3982 1574 4027; x_wconf 91' lang='lat' dir='ltr'><strong>summus</strong></span> <span class='ocrx_word' id='word_1_397' title='bbox 1595 3958 1693 4026; x_wconf 90' lang='lat' dir='ltr'><strong>iutel-</strong></span> 
     </span>
     <span class='ocr_line' id='line_1_32' title="bbox 86 4079 1759 4175; baseline -0.012 -14"><span class='ocrx_word' id='word_1_398' title='bbox 86 4093 215 4175; x_wconf 88' lang='lat' dir='ltr'><strong>leotus,</strong></span> <span class='ocrx_word' id='word_1_399' title='bbox 232 4092 285 4159; x_wconf 88' lang='lat' dir='ltr'><strong>eui</strong></span> <span class='ocrx_word' id='word_1_400' title='bbox 300 4114 367 4158; x_wconf 89' lang='lat' dir='ltr'><strong>non</strong></span> <span class='ocrx_word' id='word_1_401' title='bbox 381 4096 430 4158; x_wconf 91' lang='lat' dir='ltr'><strong>est</strong></span> <span class='ocrx_word' id='word_1_402' title='bbox 442 4089 532 4158; x_wconf 89' lang='lat' dir='ltr'><strong>aliud</strong></span> <span class='ocrx_word' id='word_1_403' title='bbox 547 4090 677 4172; x_wconf 90' lang='lat' dir='ltr'><strong>vivere,</strong></span> <span class='ocrx_word' id='word_1_404' title='bbox 692 4095 724 4154; x_wconf 91' lang='lat' dir='ltr'><strong>et</strong></span> <span class='ocrx_word' id='word_1_405' title='bbox 737 4085 828 4153; x_wconf 90' lang='lat' dir='ltr'><strong>aliud</strong></span> <span class='ocrx_word' id='word_1_406' title='bbox 841 4084 1042 4173; x_wconf 89' lang='lat' dir='ltr'><strong>intelligere,</strong></span> <span class='ocrx_word' id='word_1_407' title='bbox 1058 4082 1115 4151; x_wconf 91' lang='lat' dir='ltr'><strong>sed</strong></span> <span class='ocrx_word' id='word_1_408' title='bbox 1132 4081 1220 4149; x_wconf 91' lang='lat' dir='ltr'><strong>idem</strong></span> <span class='ocrx_word' id='word_1_409' title='bbox 1234 4079 1295 4148; x_wconf 89' lang='lat' dir='ltr'><strong>boo</strong></span> <span class='ocrx_word' id='word_1_410' title='bbox 1309 4101 1416 4164; x_wconf 81' lang='lat' dir='ltr'><strong>pnum</strong></span> <span class='ocrx_word' id='word_1_411' title='bbox 1440 4085 1597 4168; x_wconf 88' lang='lat' dir='ltr'><strong>tanquam</strong></span> <span class='ocrx_word' id='word_1_412' title='bbox 1619 4098 1694 4143; x_wconf 85' lang='lat' dir='ltr'><strong>ver·</strong></span> <span class='ocrx_word' id='word_1_413' title='bbox 1750 4105 1759 4116; x_wconf 63' lang='grc'><em>’</em></span> 
     </span>
     <span class='ocr_line' id='line_1_33' title="bbox 86 4191 1689 4301; baseline -0.012 -24"><span class='ocrx_word' id='word_1_414' title='bbox 86 4209 182 4279; x_wconf 91' lang='lat' dir='ltr'><strong>bum</strong></span> <span class='ocrx_word' id='word_1_415' title='bbox 204 4208 403 4301; x_wconf 84' lang='lat' dir='ltr'><strong>perlectum,</strong></span> <span class='ocrx_word' id='word_1_416' title='bbox 419 4206 473 4273; x_wconf 89' lang='lat' dir='ltr'><strong>cui</strong></span> <span class='ocrx_word' id='word_1_417' title='bbox 497 4227 564 4273; x_wconf 92' lang='lat' dir='ltr'><strong>non</strong></span> <span class='ocrx_word' id='word_1_418' title='bbox 583 4204 664 4272; x_wconf 89' lang='lat' dir='ltr'><strong>desit</strong></span> <span class='ocrx_word' id='word_1_419' title='bbox 685 4201 826 4293; x_wconf 90' lang='lat' dir='ltr'><strong>aliquid,</strong></span> <span class='ocrx_word' id='word_1_420' title='bbox 852 4209 884 4269; x_wconf 88' lang='lat' dir='ltr'><strong>et</strong></span> <span class='ocrx_word' id='word_1_421' title='bbox 904 4224 956 4268; x_wconf 92' lang='lat' dir='ltr'><strong>ars</strong></span> <span class='ocrx_word' id='word_1_422' title='bbox 974 4200 1128 4290; x_wconf 82' lang='lat' dir='ltr'><strong>quaedam</strong></span> <span class='ocrx_word' id='word_1_423' title='bbox 1149 4194 1383 4288; x_wconf 88' lang='lat' dir='ltr'><strong>omnipotentis</strong></span> <span class='ocrx_word' id='word_1_424' title='bbox 1408 4203 1440 4261; x_wconf 93' lang='lat' dir='ltr'><strong>et</strong></span> <span class='ocrx_word' id='word_1_425' title='bbox 1449 4192 1603 4284; x_wconf 89' lang='lat' dir='ltr'><strong>sapientis</strong></span> <span class='ocrx_word' id='word_1_426' title='bbox 1618 4191 1689 4277; x_wconf 84' lang='lat' dir='ltr'><strong>Dei,</strong></span> 
     </span>
    </p>
   </div>
   <div class='ocr_carea' id='block_1_7' title="bbox 86 4308 1691 4417">
    <p class='ocr_par' dir='ltr' id='par_1_10' title="bbox 86 4308 1691 4417">
     <span class='ocr_line' id='line_1_34' title="bbox 86 4308 1691 4417; baseline -0.012 -23"><span class='ocrx_word' id='word_1_427' title='bbox 86 4327 200 4417; x_wconf 88' lang='lat' dir='ltr'><strong>plena</strong></span> <span class='ocrx_word' id='word_1_428' title='bbox 213 4325 363 4394; x_wconf 91' lang='lat' dir='ltr'><strong>omnium</strong></span> <span class='ocrx_word' id='word_1_429' title='bbox 379 4323 545 4392; x_wconf 90' lang='lat' dir='ltr'><strong>rationum</strong></span> <span class='ocrx_word' id='word_1_430' title='bbox 559 4321 742 4389; x_wconf 81' lang='lat' dir='ltr'><strong>viventium</strong></span> <span class='ocrx_word' id='word_1_431' title='bbox 755 4317 1098 4400; x_wconf 86' lang='lat' dir='ltr'><strong>incommutabilium,</strong></span> <span class='ocrx_word' id='word_1_432' title='bbox 1114 4326 1146 4383; x_wconf 93' lang='lat' dir='ltr'><strong>et</strong></span> <span class='ocrx_word' id='word_1_433' title='bbox 1159 4335 1272 4382; x_wconf 91' lang='lat' dir='ltr'><strong>omnes</strong></span> <span class='ocrx_word' id='word_1_434' title='bbox 1285 4334 1391 4380; x_wconf 89' lang='lat' dir='ltr'><strong>unum</strong></span> <span class='ocrx_word' id='word_1_435' title='bbox 1405 4310 1441 4377; x_wconf 92' lang='lat' dir='ltr'><strong>in</strong></span> <span class='ocrx_word' id='word_1_436' title='bbox 1455 4332 1505 4394; x_wconf 87' lang='lat' dir='ltr'><strong>ea,</strong></span> <span class='ocrx_word' id='word_1_437' title='bbox 1521 4309 1606 4376; x_wconf 88' lang='lat' dir='ltr'><strong>sicut</strong></span> <span class='ocrx_word' id='word_1_438' title='bbox 1621 4308 1691 4399; x_wconf 90' lang='lat' dir='ltr'><strong>ipsa</strong></span> 
     </span>
    </p>
   </div>
   <div class='ocr_carea' id='block_1_8' title="bbox 86 4428 1800 4646">
    <p class='ocr_par' dir='ltr' id='par_1_11' title="bbox 86 4428 1800 4646">
     <span class='ocr_line' id='line_1_35' title="bbox 86 4428 1458 4530; baseline -0.014 -20"><span class='ocrx_word' id='word_1_439' title='bbox 86 4464 210 4510; x_wconf 92' lang='lat' dir='ltr'><strong>unum</strong></span> <span class='ocrx_word' id='word_1_440' title='bbox 223 4441 263 4509; x_wconf 90' lang='lat' dir='ltr'><strong>de</strong></span> <span class='ocrx_word' id='word_1_441' title='bbox 278 4462 358 4526; x_wconf 91' lang='lat' dir='ltr'><strong>uno,</strong></span> <span class='ocrx_word' id='word_1_442' title='bbox 369 4463 443 4510; x_wconf 86' lang='lat' dir='ltr'><strong>cum</strong></span> <span class='ocrx_word' id='word_1_443' title='bbox 457 4463 524 4530; x_wconf 89' lang='lat' dir='ltr'><strong>quo</strong></span> <span class='ocrx_word' id='word_1_444' title='bbox 538 4461 654 4507; x_wconf 89' lang='lat' dir='ltr'><strong>unum.</strong></span> <span class='ocrx_word' id='word_1_445' title='bbox 670 4437 720 4504; x_wconf 87' lang='lat' dir='ltr'><strong>lbi</strong></span> <span class='ocrx_word' id='word_1_446' title='bbox 732 4437 823 4504; x_wconf 91' lang='lat' dir='ltr'><strong>novit</strong></span> <span class='ocrx_word' id='word_1_447' title='bbox 837 4434 949 4501; x_wconf 89' lang='lat' dir='ltr'><strong>omnia</strong></span> <span class='ocrx_word' id='word_1_448' title='bbox 961 4433 1048 4501; x_wconf 85' lang='lat' dir='ltr'><strong>Deus</strong></span> <span class='ocrx_word' id='word_1_449' title='bbox 1061 4453 1136 4523; x_wconf 79' lang='lat' dir='ltr'><strong>quae</strong></span> <span class='ocrx_word' id='word_1_450' title='bbox 1146 4430 1223 4498; x_wconf 87' lang='lat' dir='ltr'><strong>lecit</strong></span> <span class='ocrx_word' id='word_1_451' title='bbox 1237 4450 1294 4519; x_wconf 86' lang='lat' dir='ltr'><strong>per</strong></span> <span class='ocrx_word' id='word_1_452' title='bbox 1311 4428 1458 4518; x_wconf 89' lang='lat' dir='ltr'><strong>ipsam...</strong></span> 
     </span>
     <span class='ocr_line' id='line_1_36' title="bbox 145 4542 1800 4646; baseline -0.012 -19"><span class='ocrx_word' id='word_1_453' title='bbox 145 4585 167 4625; x_wconf 74' lang='grc' dir='ltr'>α</span> <span class='ocrx_word' id='word_1_454' title='bbox 180 4558 239 4626; x_wconf 87' lang='lat' dir='ltr'><strong>Est</strong></span> <span class='ocrx_word' id='word_1_455' title='bbox 251 4565 361 4626; x_wconf 90' lang='lat' dir='ltr'><strong>autem</strong></span> <span class='ocrx_word' id='word_1_456' title='bbox 382 4556 559 4625; x_wconf 87' lang='lat' dir='ltr'><strong>ineffabilis</strong></span> <span class='ocrx_word' id='word_1_457' title='bbox 579 4553 714 4646; x_wconf 89' lang='lat' dir='ltr'><strong>quidam</strong></span> <span class='ocrx_word' id='word_1_458' title='bbox 735 4552 924 4644; x_wconf 80' lang='lat' dir='ltr'><strong>complexus</strong></span> <span class='ocrx_word' id='word_1_459' title='bbox 945 4549 1053 4618; x_wconf 90' lang='lat' dir='ltr'><strong>Patris</strong></span> <span class='ocrx_word' id='word_1_460' title='bbox 1075 4557 1108 4615; x_wconf 90' lang='lat' dir='ltr'><strong>et</strong></span> <span class='ocrx_word' id='word_1_461' title='bbox 1125 4545 1297 4634; x_wconf 89' lang='lat' dir='ltr'><strong>Imaginis,</strong></span> <span class='ocrx_word' id='word_1_462' title='bbox 1313 4543 1371 4635; x_wconf 89' lang='lat' dir='ltr'><strong>qui</strong></span> <span class='ocrx_word' id='word_1_463' title='bbox 1394 4564 1461 4609; x_wconf 90' lang='lat' dir='ltr'><strong>non</strong></span> <span class='ocrx_word' id='word_1_464' title='bbox 1475 4542 1605 4610; x_wconf 88' lang='lat' dir='ltr'><strong>estsine</strong></span> <span class='ocrx_word' id='word_1_465' title='bbox 1619 4563 1692 4625; x_wconf 85' lang='lat' dir='ltr'><strong>per·</strong></span> <span class='ocrx_word' id='word_1_466' title='bbox 1723 4588 1800 4632; x_wconf 47' lang='lat' dir='ltr'><strong>„Me</strong></span> 
     </span>
    </p>
   </div>
   <div class='ocr_carea' id='block_1_9' title="bbox 1751 4652 1801 4694">
    <p class='ocr_par' dir='ltr' id='par_1_12' title="bbox 1751 4652 1801 4694">
     <span class='ocr_line' id='line_1_37' title="bbox 1751 4652 1801 4694; baseline 0.04 -2"><span class='ocrx_word' id='word_1_467' title='bbox 1751 4652 1801 4694; x_wconf 86' lang='lat' dir='ltr'><strong>tritu</strong></span> 
     </span>
    </p>
   </div>
   <div class='ocr_carea' id='block_1_10' title="bbox 84 4652 1803 4882">
    <p class='ocr_par' dir='ltr' id='par_1_13' title="bbox 84 4652 1803 4882">
     <span class='ocr_line' id='line_1_38' title="bbox 85 4652 1803 4765; baseline -0.013 -21"><span class='ocrx_word' id='word_1_468' title='bbox 85 4676 271 4761; x_wconf 84' lang='lat' dir='ltr'><strong>fruitione,</strong></span> <span class='ocrx_word' id='word_1_469' title='bbox 285 4675 354 4744; x_wconf 89' lang='lat' dir='ltr'><strong>sine</strong></span> <span class='ocrx_word' id='word_1_470' title='bbox 367 4674 535 4757; x_wconf 88' lang='lat' dir='ltr'><strong>charitate,</strong></span> <span class='ocrx_word' id='word_1_471' title='bbox 551 4671 620 4738; x_wconf 91' lang='lat' dir='ltr'><strong>sine</strong></span> <span class='ocrx_word' id='word_1_472' title='bbox 634 4669 767 4759; x_wconf 89' lang='lat' dir='ltr'><strong>gaudio.</strong></span> <span class='ocrx_word' id='word_1_473' title='bbox 785 4668 846 4735; x_wconf 94' lang='lat' dir='ltr'><strong>llla</strong></span> <span class='ocrx_word' id='word_1_474' title='bbox 860 4689 938 4756; x_wconf 89' lang='lat' dir='ltr'><strong>ergo</strong></span> <span class='ocrx_word' id='word_1_475' title='bbox 949 4664 1090 4748; x_wconf 90' lang='lat' dir='ltr'><strong>dilectio,</strong></span> <span class='ocrx_word' id='word_1_476' title='bbox 1107 4672 1140 4730; x_wconf 89' lang='lat' dir='ltr'><strong>et</strong></span> <span class='ocrx_word' id='word_1_477' title='bbox 1153 4660 1340 4744; x_wconf 87' lang='lat' dir='ltr'><strong>delectatio,</strong></span> <span class='ocrx_word' id='word_1_478' title='bbox 1356 4658 1505 4742; x_wconf 82' lang='lat' dir='ltr'><strong>felicitas,</strong></span> <span class='ocrx_word' id='word_1_479' title='bbox 1521 4658 1573 4726; x_wconf 92' lang='lat' dir='ltr'><strong>vel</strong></span> <span class='ocrx_word' id='word_1_480' title='bbox 1587 4658 1690 4725; x_wconf 90' lang='lat' dir='ltr'><strong>beati·</strong></span> <span class='ocrx_word' id='word_1_481' title='bbox 1719 4652 1803 4765; x_wconf 58' lang='lat' dir='ltr'><strong>{insa</strong></span> 
     </span>
     <span class='ocr_line' id='line_1_39' title="bbox 84 4773 1796 4882; baseline -0.013 -22"><span class='ocrx_word' id='word_1_482' title='bbox 84 4791 184 4860; x_wconf 89' lang='lat' dir='ltr'><strong>tudo</strong></span> <span class='ocrx_word' id='word_1_483' title='bbox 201 4791 245 4882; x_wconf 88' lang='lat' dir='ltr'><strong>(si</strong></span> <span class='ocrx_word' id='word_1_484' title='bbox 258 4799 368 4859; x_wconf 89' lang='lat' dir='ltr'><strong>tamen</strong></span> <span class='ocrx_word' id='word_1_485' title='bbox 382 4790 493 4881; x_wconf 89' lang='lat' dir='ltr'><strong>aliqua</strong></span> <span class='ocrx_word' id='word_1_486' title='bbox 506 4788 652 4856; x_wconf 90' lang='lat' dir='ltr'><strong>bumana</strong></span> <span class='ocrx_word' id='word_1_487' title='bbox 665 4808 744 4854; x_wconf 88' lang='lat' dir='ltr'><strong>voce</strong></span> <span class='ocrx_word' id='word_1_488' title='bbox 756 4785 854 4873; x_wconf 86' lang='lat' dir='ltr'><strong>digne</strong></span> <span class='ocrx_word' id='word_1_489' title='bbox 868 4783 1002 4872; x_wconf 67' lang='lat' dir='ltr'><strong>dieitur)</strong></span> <span class='ocrx_word' id='word_1_490' title='bbox 1024 4783 1105 4848; x_wconf 84' lang='lat' dir='ltr'><strong>Usus</strong></span> <span class='ocrx_word' id='word_1_491' title='bbox 1119 4779 1161 4847; x_wconf 90' lang='lat' dir='ltr'><strong>ab</strong></span> <span class='ocrx_word' id='word_1_492' title='bbox 1176 4777 1236 4846; x_wconf 93' lang='lat' dir='ltr'><strong>illo</strong></span> <span class='ocrx_word' id='word_1_493' title='bbox 1250 4776 1412 4868; x_wconf 86' lang='lat' dir='ltr'><strong>appellata</strong></span> <span class='ocrx_word' id='word_1_494' title='bbox 1426 4782 1474 4842; x_wconf 91' lang='lat' dir='ltr'><strong>est</strong></span> <span class='ocrx_word' id='word_1_495' title='bbox 1486 4773 1642 4857; x_wconf 88' lang='lat' dir='ltr'><strong>breviter,</strong></span> <span class='ocrx_word' id='word_1_496' title='bbox 1659 4780 1692 4840; x_wconf 90' lang='lat' dir='ltr'><strong>et</strong></span> <span class='ocrx_word' id='word_1_497' title='bbox 1730 4788 1796 4829; x_wconf 60' lang='lat' dir='ltr'><strong>tem</strong></span> 
     </span>
    </p>
   </div>
   <div class='ocr_carea' id='block_1_11' title="bbox 85 4889 1810 4996">
    <p class='ocr_par' dir='ltr' id='par_1_14' title="bbox 85 4889 1810 4996">
     <span class='ocr_line' id='line_1_40' title="bbox 85 4889 1810 4996; baseline -0.013 -19"><span class='ocrx_word' id='word_1_498' title='bbox 85 4918 147 4978; x_wconf 89' lang='lat' dir='ltr'><strong>est</strong></span> <span class='ocrx_word' id='word_1_499' title='bbox 171 4909 207 4975; x_wconf 90' lang='lat' dir='ltr'><strong>in</strong></span> <span class='ocrx_word' id='word_1_500' title='bbox 229 4907 389 4975; x_wconf 90' lang='lat' dir='ltr'><strong>Trinitate</strong></span> <span class='ocrx_word' id='word_1_501' title='bbox 406 4904 549 4996; x_wconf 85' lang='lat' dir='ltr'><strong>Spiritus</strong></span> <span class='ocrx_word' id='word_1_502' title='bbox 566 4911 696 4972; x_wconf 85' lang='lat' dir='ltr'><strong>sanctus</strong></span> <span class='ocrx_word' id='word_1_503' title='bbox 716 4924 784 4971; x_wconf 92' lang='lat' dir='ltr'><strong>non</strong></span> <span class='ocrx_word' id='word_1_504' title='bbox 805 4899 955 4990; x_wconf 90' lang='lat' dir='ltr'><strong>genitus,</strong></span> <span class='ocrx_word' id='word_1_505' title='bbox 971 4897 1026 4966; x_wconf 89' lang='lat' dir='ltr'><strong>sed</strong></span> <span class='ocrx_word' id='word_1_506' title='bbox 1040 4896 1198 4986; x_wconf 89' lang='lat' dir='ltr'><strong>genitoris</strong></span> <span class='ocrx_word' id='word_1_507' title='bbox 1212 4893 1378 4984; x_wconf 88' lang='lat' dir='ltr'><strong>genitique</strong></span> <span class='ocrx_word' id='word_1_508' title='bbox 1392 4891 1547 4977; x_wconf 82' lang='lat' dir='ltr'><strong>suavitas,</strong></span> <span class='ocrx_word' id='word_1_509' title='bbox 1564 4889 1695 4979; x_wconf 91' lang='lat' dir='ltr'><strong>ingenti</strong></span> <span class='ocrx_word' id='word_1_510' title='bbox 1718 4903 1810 4947; x_wconf 69' lang='lat' dir='ltr'><strong>dicatur·</strong></span> 
     </span>
    </p>
   </div>
   <div class='ocr_carea' id='block_1_12' title="bbox 82 5103 1694 5546">
    <p class='ocr_par' dir='ltr' id='par_1_15' title="bbox 82 5103 1694 5546">
     <span class='ocr_line' id='line_1_41' title="bbox 127 5103 1680 5183; baseline -0.013 -11"><span class='ocrx_word' id='word_1_511' title='bbox 127 5125 140 5160; x_wconf 89' lang='lat'><strong>¹</strong></span> <span class='ocrx_word' id='word_1_512' title='bbox 154 5121 245 5183; x_wconf 71' lang='lat' dir='ltr'><strong>ttilar,</strong></span> <span class='ocrx_word' id='word_1_513' title='bbox 258 5119 289 5169; x_wconf 87' lang='lat' dir='ltr'><strong>de</strong></span> <span class='ocrx_word' id='word_1_514' title='bbox 300 5118 378 5178; x_wconf 71' lang='lat' dir='ltr'><strong>liin,</strong></span> <span class='ocrx_word' id='word_1_515' title='bbox 393 5116 438 5167; x_wconf 89' lang='lat' dir='ltr'><strong>lib.</strong></span> <span class='ocrx_word' id='word_1_516' title='bbox 450 5116 487 5180; x_wconf 84' lang='lat' dir='ltr'><strong>tt,</strong></span> <span class='ocrx_word' id='word_1_517' title='bbox 500 5130 527 5166; x_wconf 91' lang='lat' dir='ltr'><strong>n.</strong></span> <span class='ocrx_word' id='word_1_518' title='bbox 541 5121 570 5179; x_wconf 86' lang='lat' dir='ltr'><strong>t,</strong></span> <span class='ocrx_word' id='word_1_519' title='bbox 584 5115 610 5165; x_wconf 91' lang='lat' dir='ltr'><strong>in</strong></span> <span class='ocrx_word' id='word_1_520' title='bbox 625 5117 684 5166; x_wconf 89' lang='lat' dir='ltr'><strong>tine.</strong></span> <span class='ocrx_word' id='word_1_521' title='bbox 698 5140 730 5152; x_wconf 93' lang='lat'><em>-</em></span> <span class='ocrx_word' id='word_1_522' title='bbox 744 5115 757 5149; x_wconf 84' lang='lat'><strong>¹</strong></span> <span class='ocrx_word' id='word_1_523' title='bbox 774 5116 851 5178; x_wconf 69' lang='lat' dir='ltr'><strong>Aug,</strong></span> <span class='ocrx_word' id='word_1_524' title='bbox 865 5112 895 5162; x_wconf 81' lang='lat' dir='ltr'><strong>de</strong></span> <span class='ocrx_word' id='word_1_525' title='bbox 907 5113 985 5172; x_wconf 69' lang='lat' dir='ltr'><strong>Tria,</strong></span> <span class='ocrx_word' id='word_1_526' title='bbox 998 5111 1044 5161; x_wconf 88' lang='lat' dir='ltr'><strong>lib.</strong></span> <span class='ocrx_word' id='word_1_527' title='bbox 1065 5111 1098 5162; x_wconf 87' lang='lat' dir='ltr'><strong>Vt</strong></span> <span class='ocrx_word' id='word_1_528' title='bbox 1105 5147 1114 5173; x_wconf 93' lang='lat'><strong>,</strong></span> <span class='ocrx_word' id='word_1_529' title='bbox 1127 5124 1150 5160; x_wconf 91' lang='lat' dir='ltr'><strong>c.</strong></span> <span class='ocrx_word' id='word_1_530' title='bbox 1163 5120 1193 5173; x_wconf 86' lang='lat' dir='ltr'><strong>x,</strong></span> <span class='ocrx_word' id='word_1_531' title='bbox 1206 5123 1235 5158; x_wconf 87' lang='lat' dir='ltr'><strong>n.</strong></span> <span class='ocrx_word' id='word_1_532' title='bbox 1246 5105 1306 5159; x_wconf 62' lang='grc' dir='ltr'>ιι*</span> <span class='ocrx_word' id='word_1_533' title='bbox 1320 5106 1398 5157; x_wconf 81' lang='lat' dir='ltr'><strong>iliter.</strong></span> <span class='ocrx_word' id='word_1_534' title='bbox 1409 5144 1418 5170; x_wconf 92' lang='lat'><strong>,</strong></span> <span class='ocrx_word' id='word_1_535' title='bbox 1432 5103 1463 5154; x_wconf 80' lang='lat' dir='ltr'><strong>de</strong></span> <span class='ocrx_word' id='word_1_536' title='bbox 1477 5104 1585 5164; x_wconf 69' lang='lat' dir='ltr'><strong>rante,</strong></span> <span class='ocrx_word' id='word_1_537' title='bbox 1600 5104 1647 5153; x_wconf 92' lang='lat' dir='ltr'><strong>lib.</strong></span> <span class='ocrx_word' id='word_1_538' title='bbox 1659 5104 1680 5153; x_wconf 90' lang='lat' dir='ltr'><strong>tt</strong></span> 
     </span>
     <span class='ocr_line' id='line_1_42' title="bbox 82 5179 1694 5263; baseline -0.014 -11"><span class='ocrx_word' id='word_1_539' title='bbox 82 5217 120 5252; x_wconf 88' lang='lat' dir='ltr'><strong>n.</strong></span> <span class='ocrx_word' id='word_1_540' title='bbox 142 5204 170 5263; x_wconf 86' lang='lat' dir='ltr'><strong>t,</strong></span> <span class='ocrx_word' id='word_1_541' title='bbox 184 5199 211 5248; x_wconf 92' lang='lat' dir='ltr'><strong>in</strong></span> <span class='ocrx_word' id='word_1_542' title='bbox 224 5198 287 5261; x_wconf 82' lang='lat' dir='ltr'><strong>tine3</strong></span> <span class='ocrx_word' id='word_1_543' title='bbox 303 5195 386 5246; x_wconf 89' lang='lat' dir='ltr'><strong>omnis</strong></span> <span class='ocrx_word' id='word_1_544' title='bbox 400 5195 430 5244; x_wconf 83' lang='lat' dir='ltr'><strong>de</strong></span> <span class='ocrx_word' id='word_1_545' title='bbox 443 5193 557 5258; x_wconf 76' lang='lat' dir='ltr'><strong>synodis,</strong></span> <span class='ocrx_word' id='word_1_546' title='bbox 572 5208 676 5257; x_wconf 85' lang='lat' dir='ltr'><strong>propos.</strong></span> <span class='ocrx_word' id='word_1_547' title='bbox 688 5204 695 5242; x_wconf 92' lang='lat'>1</span> <span class='ocrx_word' id='word_1_548' title='bbox 706 5207 732 5242; x_wconf 92' lang='lat' dir='ltr'><strong>n.</strong></span> <span class='ocrx_word' id='word_1_549' title='bbox 751 5193 780 5242; x_wconf 86' lang='lat'><strong>13</strong></span> <span class='ocrx_word' id='word_1_550' title='bbox 797 5206 803 5239; x_wconf 95' lang='lat'><strong>:</strong></span> <span class='ocrx_word' id='word_1_551' title='bbox 821 5207 834 5236; x_wconf 82' lang='lat' dir='ltr'><strong>o</strong></span> <span class='ocrx_word' id='word_1_552' title='bbox 844 5192 931 5255; x_wconf 88' lang='lat' dir='ltr'><strong>imago</strong></span> <span class='ocrx_word' id='word_1_553' title='bbox 941 5189 1011 5253; x_wconf 88' lang='lat' dir='ltr'><strong>ejus,</strong></span> <span class='ocrx_word' id='word_1_554' title='bbox 1024 5188 1144 5252; x_wconf 80' lang='lat' dir='ltr'><strong>adquam</strong></span> <span class='ocrx_word' id='word_1_555' title='bbox 1158 5185 1358 5249; x_wconf 81' lang='lat' dir='ltr'><strong>coimaginetur,</strong></span> <span class='ocrx_word' id='word_1_556' title='bbox 1371 5181 1470 5246; x_wconf 86' lang='lat' dir='ltr'><strong>species</strong></span> <span class='ocrx_word' id='word_1_557' title='bbox 1482 5179 1631 5229; x_wconf 79' lang='lat' dir='ltr'><strong>indifferens</strong></span> <span class='ocrx_word' id='word_1_558' title='bbox 1646 5182 1694 5230; x_wconf 78' lang='lat' dir='ltr'><strong>est.</strong></span> 
     </span>
     <span class='ocr_line' id='line_1_43' title="bbox 82 5251 1694 5334; baseline -0.014 -12"><span class='ocrx_word' id='word_1_559' title='bbox 82 5275 191 5334; x_wconf 85' lang='lat' dir='ltr'><strong>Neque</strong></span> <span class='ocrx_word' id='word_1_560' title='bbox 206 5270 274 5319; x_wconf 87' lang='lat' dir='ltr'><strong>enim</strong></span> <span class='ocrx_word' id='word_1_561' title='bbox 289 5269 343 5331; x_wconf 86' lang='lat' dir='ltr'><strong>ipse</strong></span> <span class='ocrx_word' id='word_1_562' title='bbox 362 5266 411 5316; x_wconf 88' lang='lat' dir='ltr'><strong>sibi</strong></span> <span class='ocrx_word' id='word_1_563' title='bbox 424 5266 559 5330; x_wconf 84' lang='lat' dir='ltr'><strong>quisquam</strong></span> <span class='ocrx_word' id='word_1_564' title='bbox 583 5265 668 5328; x_wconf 86' lang='lat' dir='ltr'><strong>imago</strong></span> <span class='ocrx_word' id='word_1_565' title='bbox 683 5269 743 5314; x_wconf 85' lang='lat' dir='ltr'><strong>est:</strong></span> <span class='ocrx_word' id='word_1_566' title='bbox 759 5263 803 5312; x_wconf 89' lang='lat' dir='ltr'><strong>sed</strong></span> <span class='ocrx_word' id='word_1_567' title='bbox 827 5275 902 5324; x_wconf 89' lang='lat' dir='ltr'><strong>cum,</strong></span> <span class='ocrx_word' id='word_1_568' title='bbox 929 5260 1000 5322; x_wconf 77' lang='lat' dir='ltr'><strong>citius</strong></span> <span class='ocrx_word' id='word_1_569' title='bbox 1017 5259 1104 5323; x_wconf 83' lang='lat' dir='ltr'><strong>imago</strong></span> <span class='ocrx_word' id='word_1_570' title='bbox 1127 5261 1183 5321; x_wconf 88' lang='lat' dir='ltr'><strong>est,</strong></span> <span class='ocrx_word' id='word_1_571' title='bbox 1201 5269 1308 5307; x_wconf 81' lang='lat' dir='ltr'><strong>necesse</strong></span> <span class='ocrx_word' id='word_1_572' title='bbox 1327 5259 1367 5305; x_wconf 86' lang='lat' dir='ltr'><strong>est</strong></span> <span class='ocrx_word' id='word_1_573' title='bbox 1382 5259 1410 5305; x_wconf 90' lang='lat' dir='ltr'><strong>nt</strong></span> <span class='ocrx_word' id='word_1_574' title='bbox 1421 5253 1506 5317; x_wconf 86' lang='lat' dir='ltr'><strong>imago</strong></span> <span class='ocrx_word' id='word_1_575' title='bbox 1530 5251 1694 5301; x_wconf 85' lang='lat' dir='ltr'><strong>demonstret.</strong></span> 
     </span>
     <span class='ocr_line' id='line_1_44' title="bbox 83 5321 1694 5405; baseline -0.014 -13"><span class='ocrx_word' id='word_1_576' title='bbox 83 5346 193 5405; x_wconf 84' lang='lat' dir='ltr'><strong>imago</strong></span> <span class='ocrx_word' id='word_1_577' title='bbox 206 5341 290 5403; x_wconf 84' lang='lat' dir='ltr'><strong>itaque</strong></span> <span class='ocrx_word' id='word_1_578' title='bbox 304 5343 343 5388; x_wconf 86' lang='lat' dir='ltr'><strong>est</strong></span> <span class='ocrx_word' id='word_1_579' title='bbox 356 5338 394 5386; x_wconf 90' lang='lat' dir='ltr'><strong>rei</strong></span> <span class='ocrx_word' id='word_1_580' title='bbox 405 5337 437 5387; x_wconf 90' lang='lat' dir='ltr'><strong>ad</strong></span> <span class='ocrx_word' id='word_1_581' title='bbox 450 5350 505 5386; x_wconf 88' lang='lat' dir='ltr'><strong>rem</strong></span> <span class='ocrx_word' id='word_1_582' title='bbox 520 5336 686 5398; x_wconf 73' lang='lat' dir='ltr'><strong>coaequandae</strong></span> <span class='ocrx_word' id='word_1_583' title='bbox 701 5335 840 5398; x_wconf 88' lang='lat' dir='ltr'><strong>imaginata</strong></span> <span class='ocrx_word' id='word_1_584' title='bbox 851 5337 877 5383; x_wconf 92' lang='lat' dir='ltr'><strong>et</strong></span> <span class='ocrx_word' id='word_1_585' title='bbox 894 5331 1032 5380; x_wconf 89' lang='lat' dir='ltr'><strong>indiscreta</strong></span> <span class='ocrx_word' id='word_1_586' title='bbox 1051 5328 1197 5380; x_wconf 84' lang='lat' dir='ltr'><strong>similitude.</strong></span> <span class='ocrx_word' id='word_1_587' title='bbox 1216 5330 1260 5379; x_wconf 85' lang='lat' dir='ltr'><strong>Est</strong></span> <span class='ocrx_word' id='word_1_588' title='bbox 1273 5341 1334 5392; x_wconf 86' lang='lat' dir='ltr'><strong>ergo</strong></span> <span class='ocrx_word' id='word_1_589' title='bbox 1344 5328 1427 5388; x_wconf 86' lang='lat' dir='ltr'><strong>Pater,</strong></span> <span class='ocrx_word' id='word_1_590' title='bbox 1439 5328 1478 5375; x_wconf 90' lang='lat' dir='ltr'><strong>est</strong></span> <span class='ocrx_word' id='word_1_591' title='bbox 1491 5327 1516 5373; x_wconf 88' lang='lat' dir='ltr'><strong>et</strong></span> <span class='ocrx_word' id='word_1_592' title='bbox 1527 5323 1620 5385; x_wconf 83' lang='lat' dir='ltr'><strong>Filius,</strong></span> <span class='ocrx_word' id='word_1_593' title='bbox 1634 5321 1694 5385; x_wconf 84' lang='lat' dir='ltr'><strong>quia</strong></span> 
     </span>
     <span class='ocr_line' id='line_1_45' title="bbox 82 5392 1690 5476; baseline -0.015 -11"><span class='ocrx_word' id='word_1_594' title='bbox 82 5416 190 5476; x_wconf 77' lang='lat' dir='ltr'><strong>irriago</strong></span> <span class='ocrx_word' id='word_1_595' title='bbox 203 5411 284 5462; x_wconf 87' lang='lat' dir='ltr'><strong>Patris</strong></span> <span class='ocrx_word' id='word_1_596' title='bbox 296 5415 335 5460; x_wconf 89' lang='lat' dir='ltr'><strong>est</strong></span> <span class='ocrx_word' id='word_1_597' title='bbox 347 5409 425 5459; x_wconf 89' lang='lat' dir='ltr'><strong>Filius</strong></span> <span class='ocrx_word' id='word_1_598' title='bbox 437 5424 443 5457; x_wconf 94' lang='lat'><strong>:</strong></span> <span class='ocrx_word' id='word_1_599' title='bbox 456 5413 482 5459; x_wconf 92' lang='lat' dir='ltr'><strong>et</strong></span> <span class='ocrx_word' id='word_1_600' title='bbox 492 5408 552 5469; x_wconf 80' lang='lat' dir='ltr'><strong>quia</strong></span> <span class='ocrx_word' id='word_1_601' title='bbox 562 5408 647 5467; x_wconf 76' lang='lat' dir='ltr'><strong>imago</strong></span> <span class='ocrx_word' id='word_1_602' title='bbox 659 5411 714 5466; x_wconf 88' lang='lat' dir='ltr'><strong>est,</strong></span> <span class='ocrx_word' id='word_1_603' title='bbox 732 5410 760 5455; x_wconf 90' lang='lat' dir='ltr'><strong>ut</strong></span> <span class='ocrx_word' id='word_1_604' title='bbox 773 5404 811 5454; x_wconf 86' lang='lat' dir='ltr'><strong>rei</strong></span> <span class='ocrx_word' id='word_1_605' title='bbox 825 5404 911 5466; x_wconf 83' lang='lat' dir='ltr'><strong>imago</strong></span> <span class='ocrx_word' id='word_1_606' title='bbox 926 5402 974 5465; x_wconf 88' lang='lat' dir='ltr'><strong>sit,</strong></span> <span class='ocrx_word' id='word_1_607' title='bbox 992 5401 1104 5466; x_wconf 87' lang='lat' dir='ltr'><strong>speeiem</strong></span> <span class='ocrx_word' id='word_1_608' title='bbox 1118 5414 1224 5454; x_wconf 85' lang='lat' dir='ltr'><strong>neeesse</strong></span> <span class='ocrx_word' id='word_1_609' title='bbox 1236 5403 1291 5466; x_wconf 82' lang='lat' dir='ltr'><strong>est,</strong></span> <span class='ocrx_word' id='word_1_610' title='bbox 1315 5392 1690 5460; x_wconf 65' lang='lat' dir='ltr'><strong>etnaturanr,et1essentiani,</strong></span> 
     </span>
     <span class='ocr_line' id='line_1_46' title="bbox 84 5476 810 5546; baseline -0.018 -10"><span class='ocrx_word' id='word_1_611' title='bbox 84 5483 247 5536; x_wconf 79' lang='lat' dir='ltr'><strong>secuudum</strong></span> <span class='ocrx_word' id='word_1_612' title='bbox 261 5481 330 5546; x_wconf 87' lang='lat' dir='ltr'><strong>quod</strong></span> <span class='ocrx_word' id='word_1_613' title='bbox 342 5480 427 5543; x_wconf 84' lang='lat' dir='ltr'><strong>irnago</strong></span> <span class='ocrx_word' id='word_1_614' title='bbox 438 5480 495 5543; x_wconf 68' lang='lat' dir='ltr'><strong>estf,</strong></span> <span class='ocrx_word' id='word_1_615' title='bbox 507 5479 534 5529; x_wconf 87' lang='lat' dir='ltr'><strong>in</strong></span> <span class='ocrx_word' id='word_1_616' title='bbox 548 5491 575 5527; x_wconf 89' lang='lat' dir='ltr'><strong>se</strong></span> <span class='ocrx_word' id='word_1_617' title='bbox 588 5477 681 5527; x_wconf 88' lang='lat' dir='ltr'><strong>babent</strong></span> <span class='ocrx_word' id='word_1_618' title='bbox 691 5476 810 5527; x_wconf 87' lang='lat' dir='ltr'><strong>auctoris.</strong></span> 
     </span>
    </p>
   </div>
   <div class='ocr_carea' id='block_1_13' title="bbox 0 0 2054 6300">
    <p class='ocr_par' dir='ltr' id='par_1_16' title="bbox 0 0 2054 6300">
     <span class='ocr_line' id='line_1_47' title="bbox 0 0 2054 6300; baseline 0 0"><span class='ocrx_word' id='word_1_619' title='bbox 0 0 2054 6300; x_wconf 95' lang='lat' dir='ltr'><strong> </strong></span> 
     </span>
    </p>
   </div>
  </div>
 </body>
</html>
