4100 6300
657 450 754 516 oisr.
777 455 801 517 1.
822 449 914 516 aar.
937 449 977 517 11.
1000 449 1152 530 ouen.
1177 449 1200 514 1.
1695 447 1733 526 se

131 585 900 670 voluntatisest.sstioaiiadiftlnitioueprobatur

131 696 275 780 idipsum
287 693 452 760 similiter:
469 694 557 777 Frui,
570 698 618 762 est
629 695 676 759 nti
691 712 766 759 curn
776 689 907 776 gaudio.

132 803 298 870 Gaudium
306 809 416 870 autem
429 804 469 870 ad
482 804 680 870 voluntatem
699 802 827 890 proprie
839 819 909 885 per·

133 911 228 978 tinet.

176 1019 275 1102 Item,
298 1021 476 1088 ostenditur
498 1019 640 1101 ratione,
662 1018 739 1104 quia
757 1017 909 1084 fruitione

132 1128 331 1196 delectamur
341 1150 350 1193 ε
360 1128 416 1194 sed
428 1128 622 1204 delectabile,
632 1126 811 1192 secundum
821 1126 909 1210 quod

133 1235 333 1318 delectabile,
347 1240 395 1302 esi
406 1235 585 1301 differentia
598 1234 690 1315 honi,
705 1253 783 1299 cum
799 1232 841 1298 sit
853 1234 910 1298 bo·

133 1362 218 1409 num
240 1345 412 1410 honestum
434 1343 620 1421 conferens,
644 1346 677 1408 et
700 1341 907 1407 delectabile:

133 1451 389 1532 bonumautem,
399 1451 562 1534 objectum
570 1453 618 1515 est
627 1448 909 1534 voluntatiszergo

134 1558 217 1640 frui,
232 1562 280 1624 est
292 1558 390 1624 solius
402 1557 589 1650 voluntatis.

177 1666 276 1744 ltem,
290 1686 328 1732 eo
341 1666 499 1744 fruimur,
517 1683 581 1749 quo
604 1663 810 1749 quietamur¹
825 1682 835 1729 ι
853 1665 910 1730 sed

134 1772 909 1862 qrrietatiorsspicitrationemftnis,ettinisretio·

134 1901 212 1949 nem
220 1884 479 1964 ooni,etoonum
489 1879 905 1964 estohjectumvoluntatis:

136 2009 217 2075 ergo
231 1990 358 2070 fruitio,
370 2009 443 2075 quae
459 1989 584 2054 ordinat
596 1988 736 2068 adillud,
751 1987 907 2053 similiter.

20 2123 66 2168 ne
78 2136 123 2182 ψ
177 2097 239 2165 Sed
252 2101 384 2168 contra:
401 2104 430 2162 Ι.
450 2096 562 2163 Omnis
574 2095 680 2162 virtus
692 2095 810 2179 appetit
823 2095 910 2161 uniri

1 2200 54 2232 m.

134 2225 198 2272 suo
211 2208 352 2292 objecto,
366 2224 431 2291 quo
443 2204 552 2270 habito
573 2202 765 2282 delectatur,
784 2202 812 2267 si
831 2221 910 2286 cog-

135 2315 251 2395 noscit,
264 2319 296 2381 et
306 2314 462 2399 quiescit:
478 2331 558 2395 ergo
575 2315 682 2376 motus
694 2329 769 2375 cum
782 2310 910 2396 quieta·

136 2423 224 2489 tione
242 2426 275 2488 et
294 2420 519 2501 delectatione,
535 2424 583 2484 est
601 2419 752 2484 omnium
764 2419 907 2485 virium:

136 2549 233 2615 ergo,
247 2549 323 2596 cum
333 2529 453 2595 talissit
463 2527 589 2608 fruitio,
603 2527 713 2593 fruitio
725 2527 785 2593 erit
795 2527 830 2593 in
843 2545 911 2593 om·

136 2642 248 2723 nibus,
263 2659 331 2707 non
344 2643 472 2706 tantum
483 2639 520 2704 in
532 2638 709 2704 voluntate.

177 2755 208 2816 Ι.
230 2750 328 2828 Item,
340 2748 486 2814 absentie
506 2746 554 2812 rei
570 2749 686 2811 amatre
704 2746 813 2829 potius
830 2764 910 2812 con-

135 2860 242 2926 tristat
253 2860 435 2936 amantem,
451 2873 550 2939 quam
562 2854 709 2938 delectet;
724 2855 811 2939 quod
822 2854 910 2920 enim

134 2967 271 3033 delectat
282 2966 407 3051 ipsum,
421 2964 483 3029 hoc
494 2967 556 3045 est,
570 2962 752 3048 quodvidet
765 2963 911 3048 ipsamet

137 3076 236 3142 habet
250 3097 259 3141 ι
270 3075 301 3160 si
317 3092 396 3157 ergo
408 3077 516 3139 motus
528 3071 689 3137 fruitionis
703 3075 751 3136 est
766 3090 841 3136 cum
854 3072 910 3137 de·

136 3184 327 3264 testatione,
342 3182 395 3247 vel
412 3185 459 3247 est
478 3181 548 3264 ipsa
561 3178 739 3261 delectatio,
754 3198 833 3264 ergo
849 3181 911 3249 hoo

137 3292 294 3359 delectare
318 3293 391 3372 ast,
413 3289 492 3374 quia
512 3287 599 3359 ridet
623 3287 702 3353 illud
724 3289 759 3353 in
777 3307 842 3372 quo
864 3293 911 3354 est

2 3414 11 3435 ·
137 3402 209 3487 ipsa
225 3399 388 3469 delectatio
411 3420 420 3464 ι
442 3396 498 3469 aed
517 3395 598 3465 risio
619 3395 747 3480 respicit
773 3397 911 3480 cogniti-

137 3528 216 3578 vum
233 3530 241 3573 z
256 3526 351 3591 ergo,
366 3509 426 3572 etc.

179 3621 210 3681 3.
227 3615 306 3682 ltem
318 3612 568 3697 Augustinus¹2
587 3635 603 3693 r
621 3610 697 3677 Haec
716 3616 764 3678 est
782 3632 912 3681 summa

137 3743 272 3807 meroes,
283 3724 397 3807 utipso
406 3706 716 3811 perfruamur.sSed
724 3739 821 3806 super
830 3723 910 3789 illud

137 3832 257 3900 Psalmi
269 3838 293 3913 ³,
310 3830 484 3900 Ostendam
504 3829 730 3912 introtulere,
748 3832 820 3911 etc,
836 3831 912 3897 dicit

138 3943 266 4023 Glossa,
281 3939 368 4023 quod
380 3939 462 4005 visio
472 3942 519 4004 est
529 3942 595 4004 tota
606 3956 729 4004 merces
744 3956 753 4005 z
770 3957 867 4022 ergo,
883 3939 911 4004 si

137 4049 249 4117 fruitio
261 4052 308 4115 est
319 4064 452 4125 meroes,
465 4045 574 4115 fruitio
586 4049 635 4111 est
645 4046 727 4113 visio
739 4065 797 4131 per
807 4065 911 4114 essen·

137 4159 220 4226 tiam
236 4176 245 4222 ε
259 4155 314 4223 sed
329 4155 410 4223 visio
422 4155 517 4221 estin
530 4154 710 4239 cognitiva,
726 4154 843 4222 sivein
858 4176 911 4222 ra-

138 4268 228 4334 tione
243 4284 253 4330 t
267 4283 365 4348 ergo,
379 4267 438 4328 etc.

180 4380 212 4440 Ι.
221 4374 313 4453 ltem,
323 4372 488 4456 fideetspe
500 4368 704 4435 tendimusin
716 4369 830 4437 ileum.
844 4372 912 4438 Aut

138 4500 221 4566 ergo
233 4479 385 4559 fruendo,
400 4483 456 4547 aut
469 4477 587 4544 utendo
606 4478 682 4544 :sed
695 4497 762 4543 non
775 4479 920 4581 utendo,

139 4609 218 4659 cum
236 4589 301 4659 lieo
321 4606 389 4653 non
407 4588 447 4652 sit
464 4585 620 4651 utendum
635 4603 644 4652 z
659 4604 738 4669 ergo
750 4587 910 4655 fruendo:

139 4717 222 4783 ergo
235 4697 308 4778 fide,
323 4700 355 4761 et
375 4713 431 4780 spe
450 4694 613 4759 fruimur:
634 4694 688 4759 sed
701 4693 780 4759 tides
793 4695 913 4761 estha·

138 4813 228 4880 bitus
245 4808 378 4877 rationis
397 4805 570 4890 cognitiva
586 4829 594 4872 :
610 4805 665 4872 sed
682 4808 775 4890 cuijus
787 4812 836 4873 est
851 4808 911 4873 ha-

138 4919 248 5001 bitus,
266 4918 338 5003 eius
357 4921 406 4981 est
423 4918 530 4981 actus:
546 4932 626 4996 ergo
643 4917 733 4979 actas
753 4914 915 4981 fruitionis

139 5030 192 5094 est
202 5029 293 5093 actus
305 5023 458 5090 rauonn:
477 5021 622 5088 similiter
635 5021 764 5089 videtur
776 5021 815 5088 de
831 5022 913 5091 iras·

138 5134 248 5203 uniti:
258 5152 350 5218 ergo,
363 5136 424 5199 etc.

177 5260 286 5316 sarisa..
302 5258 387 5309 arte.
399 5258 445 5310 lib.
465 5258 516 5322 ΙΙΙ,
535 5272 558 5308 c.
573 5256 646 5318 lrset
662 5268 700 5308 xr.
714 5282 747 5295 ·-
765 5258 828 5310 ¹lic
843 5259 912 5310 Dect.

141 5333 252 5393 Christ„
267 5330 311 5381 lib.
330 5331 540 5394 l,o.xu11,u.
560 5330 602 5380 ao.
615 5355 648 5368 -
661 5329 674 5364 ⁸
687 5327 814 5394 Μία,
830 5333 869 5382 16.
881 5356 914 5370 -

141 5406 199 5458 ane
215 5403 320 5462 furuit,
331 5402 377 5453 lib.
386 5403 419 5466 x,
429 5416 453 5452 c.
468 5413 506 5466 11,
518 5415 546 5451 n.
559 5403 598 5452 ΙΙ.
613 5401 712 5452 -102
724 5402 796 5453 Dect.
807 5402 915 5468 Christ,

174 5486 211 5552 (e)
224 5484 288 5538 Cet.
301 5482 364 5536 edit.
378 5481 581 5537 delectationem.

1220 633 1475 703 concussio.

964 783 1028 841 Frui
1039 799 1090 859 per
1104 786 1244 841 mortium
1256 786 1296 840 eet
1308 785 1384 840 actus
1396 781 1565 848 uoluntatis,
1580 780 1643 837 ticet
1659 779 1736 835 cetra

1080 874 1201 931 ctionem
1211 874 1314 929 atrium
1327 871 1364 929 ed
1377 873 1446 929 tuuc
1459 871 1617 943 deposcat.

1005 1017 1100 1101 llesp.
1122 1016 1163 1083 ad
1183 1016 1263 1099 Arg.
1289 1015 1472 1081 Secundum
1493 1013 1633 1098 aliquos,
1655 1011 1737 1078 Frui
1776 1034 1856 1093 opinio

964 1126 1101 1211 pertinet
1110 1125 1150 1190 ad
1164 1142 1276 1189 omnes
1288 1122 1390 1203 vires3
1406 1126 1438 1187 et
1450 1122 1513 1187 hoc
1525 1121 1646 1198 dicunt,
1658 1120 1737 1203 quia
1749 1099 1850 1145 ‘'¹⁰¹³‘’

964 1252 1076 1300 omnes
1096 1234 1182 1300 vires
1204 1232 1499 1297 remunerabuntur
1522 1229 1605 1314 :qui
1626 1226 1737 1292 dicunt

965 1342 1063 1409 etiam
1073 1341 1160 1426 quod
1177 1340 1211 1405 in
1229 1339 1333 1422 gloria
1345 1339 1406 1404 erit
1418 1338 1522 1421 magis
1539 1336 1667 1422 proprie
1683 1353 1736 1399 ra·

964 1450 1080 1531 donn,
1099 1449 1176 1533 qiua
1196 1448 1381 1514 immediate
1402 1466 1436 1513 se
1459 1447 1556 1513 habet
1575 1445 1616 1511 ad
1637 1442 1736 1512 visio-

963 1577 1040 1624 nem
1050 1557 1105 1643 (α).
1116 1556 1177 1622 Sed
1190 1556 1281 1621 aliter
1292 1555 1420 1622 videtur
1433 1554 1605 1621 dicendum
1617 1571 1736 1618 secun-

966 1668 1045 1734 dum
1056 1666 1292 1750 augustinum,
1307 1665 1426 1729 scilicet
1438 1664 1524 1749 quod
1536 1664 1578 1728 sit
1588 1667 1677 1729 actus
1689 1664 1737 1746 ip-
1791 1693 1819 1722 ιω
1847 1702 1857 1712 ·

963 1776 1034 1841 sius
1045 1775 1230 1841 voluntatis.
1244 1773 1324 1840 Cum
1339 1773 1427 1838 enim
1446 1777 1509 1838 tres
1522 1773 1639 1837 dentur
1653 1771 1735 1836 diffi-
1753 1753 1803 1787 '¹¹⁶¹'

963 1884 1101 1950 uitiones
1110 1883 1149 1949 de
1161 1884 1257 1963 Frui,
1270 1901 1381 1948 omnes
1393 1883 1510 1948 dantur
1520 1899 1618 1965 penes
1628 1881 1737 1944 ectum

964 1990 1156 2072 voluntatis,
1174 2009 1273 2075 quem
1286 1990 1451 2075 tripliciter
1465 1992 1513 2054 est
1525 1988 1734 2054 considerare.
1746 2071 1754 2083 ·

966 2099 1075 2165 Primo
1094 2100 1190 2164 modo
1214 2097 1443 2179 communiter,
1457 2102 1553 2182 prout
1573 2098 1651 2164 dicit
1663 2116 1736 2164 mo-

965 2211 1036 2273 tum
1048 2227 1123 2273 cum
1137 2207 1343 2273 delectatione
1353 2227 1362 2287 ;
1374 2209 1405 2272 et
1417 2206 1461 2271 sic
1475 2206 1592 2273 diffinit
1600 2206 1737 2290 Augus÷

963 2317 1095 2382 tinus⁸:
1114 2314 1241 2397 «Frui,
1263 2315 1378 2381 astuti
1399 2334 1475 2380 cum
1497 2315 1658 2398 gaudio.»
1677 2315 1737 2382 Se·

965 2424 1082 2504 cunda,
1097 2428 1194 2509 prout
1206 2424 1282 2489 dicit
1293 2427 1418 2490 motum
1432 2443 1506 2490 cum
1522 2424 1735 2507 quietatione,

965 2533 1067 2599 ethoc
1076 2532 1172 2598 modo
1181 2533 1336 2598 diffinitur
1346 2532 1387 2598 ab
1396 2532 1597 2615 Augustino⁸
1612 2553 1620 2597 :
1634 2532 1737 2598 «Frui

965 2647 1013 2706 est
1026 2660 1135 2707 amore
1153 2641 1312 2706 inhaerere
1329 2642 1426 2707 alicui
1443 2641 1490 2705 rei
1508 2643 1637 2725 propter
1650 2640 1737 2724 seip-

965 2769 1052 2830 sem3
1063 2773 1079 2810 s
1091 2754 1123 2815 et
1134 2751 1197 2815 hoc
1208 2750 1303 2815 modo
1316 2749 1471 2834 accipitur
1483 2750 1622 2834 proprie.
1631 2748 1736 2838 Tertio

966 2859 1061 2923 modo
1080 2858 1245 2943 accipitur,
1258 2861 1356 2943 prout
1373 2858 1594 2942 complectitur
1606 2862 1737 2923 utrum-

965 2985 1029 3052 que
1040 3016 1049 3048 ,
1062 2967 1178 3032 scilicet
1189 2967 1417 3052 quietationem
1430 2970 1462 3032 et
1474 2965 1734 3047 delectationem

964 3073 1167 3142 ethocmodo
1179 3075 1335 3140 diffinitur
1344 3074 1570 3158 ahdugustino
1579 3082 1591 3117 ⁸
1601 3096 1608 3140 ε
1618 3097 1633 3136 u
1644 3074 1735 3158 Frui,

964 3188 1012 3250 est
1027 3183 1189 3267 quiescere
1210 3184 1244 3249 in
1264 3184 1401 3266 cognitis
1421 3184 1586 3249 voluntate
1607 3188 1737 3271 propter

964 3310 998 3357 se
1016 3292 1186 3372 delectata3
1200 3314 1216 3353 o
1232 3295 1265 3357 et
1276 3292 1323 3357 sic
1339 3292 1493 3376 accipitur
1506 3293 1735 3377 propriissime.

965 3399 1048 3479 Quia
1060 3418 1139 3482 ergo
1151 3401 1235 3467 Frui
1247 3400 1425 3465 secundnm
1438 3419 1568 3466 omnem
1583 3402 1737 3487 acceptio-

964 3527 1041 3574 nem
1062 3507 1138 3573 dicit
1156 3507 1415 3588 delectationem,
1434 3508 1488 3573 vel
1509 3509 1667 3593 quietem,
1684 3511 1737 3577 vel

964 3622 1153 3701 utrumque,
1161 3604 1194 3682 et
1200 3636 1296 3682 omne
1305 3618 1366 3682 tale
1376 3617 1472 3683 habet
1480 3617 1638 3683 rationem
1647 3620 1735 3702 boni,

965 3728 996 3790 et
1002 3725 1065 3790 hoc
1073 3729 1121 3790 est
1129 3726 1290 3809 objectum
1301 3726 1492 3806 voluntatis3
1508 3726 1591 3808 ideo,
1605 3726 1738 3812 loquen-

964 3832 1005 3898 do
1028 3835 1254 3912 essentialiter,
1276 3836 1364 3902 litet
1379 3839 1426 3899 est
1448 3839 1538 3900 actus
1552 3835 1736 3902 voluntatis.

965 3941 1039 4025 Sed,
1057 3943 1134 4027 quia
1146 3942 1295 4008 voluntas
1306 3962 1367 4008 nec
1378 3943 1562 4024 delectatur,
1576 3964 1637 4011 nec
1649 3947 1738 4030 quie-

965 4054 1063 4133 tatur,
1078 4051 1140 4116 nisi
1159 4051 1194 4115 in
1213 4069 1251 4117 eo
1272 4053 1358 4136 quod
1372 4053 1546 4136 cognoscit,
1561 4054 1614 4119 vel
1625 4073 1682 4138 per
1694 4056 1738 4120 fi-

965 4160 1057 4241 dem,
1074 4161 1128 4226 vel
1138 4179 1196 4247 per
1204 4179 1311 4246 spem,
1325 4172 1357 4226 et
1369 4162 1405 4226 in
1416 4179 1454 4227 eo
1468 4161 1554 4246 quod
1567 4162 1664 4228 habet
1681 4182 1738 4251 per

964 4287 1056 4353 spem
1070 4269 1123 4335 vel
1142 4269 1178 4335 in
1196 4288 1247 4350 re;
1262 4270 1334 4336 ideo
1351 4273 1441 4336 acuis
1458 4270 1596 4336 aliarum
1613 4271 1737 4338 virium

965 4364 1007 4444 ad
1025 4378 1114 4444 hunc
1133 4378 1325 4461 disponunt,
1340 4397 1408 4445 non
1425 4381 1534 4445 tamen
1551 4384 1628 4447 sunt
1639 4381 1736 4461 Frui,

966 4486 1175 4553 essentialiter
1187 4486 1357 4571 loquendo.

1006 4595 1054 4661 Ex
1069 4596 1131 4661 hoc
1142 4599 1228 4681 patet
1240 4595 1392 4661 resolutio
1407 4596 1449 4661 ad
1461 4595 1540 4661 illud
1553 4597 1640 4681 quod
1652 4617 1739 4665 com·

966 4706 1109 4770 maniter
1129 4705 1295 4771 consuevit
1315 4706 1437 4788 quaeri,
1460 4724 1560 4789 quare
1578 4707 1659 4775 Frui
1671 4727 1739 4776 non

966 4814 1122 4879 diffinitur
1135 4831 1194 4897 per
1204 4816 1312 4878 actum
1326 4813 1532 4897 cognitionis,
1548 4814 1629 4880 sicut
1639 4817 1740 4882 delec-

965 4920 1111 5003 tationis,
1128 4940 1203 4986 cum
1216 4920 1287 4987 haec
1300 4922 1435 5006 quaesuo
1446 4922 1579 4988 fundata
1592 4924 1633 4988 sit
1643 4944 1739 5011 super

966 5029 1096 5096 falsum.
1110 5029 1314 5114 Augustinus
1326 5030 1345 5069 ⁷>
1354 5030 1439 5095 enim
1450 5030 1541 5114 ponit
1552 5031 1587 5095 in
1597 5033 1741 5113 notifica·

967 5139 1054 5204 tione
1067 5137 1234 5221 una'quod
1251 5141 1299 5202 est
1318 5138 1529 5222 cognitionis,
1545 5120 1620 5204 cum
1641 5140 1737 5207 dicit:

971 5246 1080 5313 «Frui
1096 5249 1144 5312 est
1161 5246 1323 5331 qrriescere
1339 5248 1375 5312 in
1390 5247 1545 5331 cognitis3
1561 5270 1578 5309 a
1595 5248 1678 5316 cadit
1689 5253 1739 5315 ta-

967 5412 1012 5463 tib.
1024 5412 1049 5474 l,
1065 5411 1243 5461 c.1r·.-⁸De
1259 5410 1360 5473 Trinit,
1372 5409 1417 5461 lib.
1431 5410 1449 5461 ii
1457 5446 1467 5474 ‚
1482 5425 1505 5461 c.
1517 5420 1534 5461 x
1542 5446 1551 5477 ,
1564 5424 1591 5463 n.
1602 5415 1641 5477 it,
1655 5412 1740 5482 quoad

969 5480 1216 5539 sensum-iltuit.
