4100 6300
449 539 545 606 otsr.
567 540 646 608 itta.
669 540 786 608 PART.
809 540 833 607 1.
856 539 946 605 altr.
969 540 993 605 1.
1017 538 1166 617 Quasi.
1189 540 1240 606 tv.
1573 543 1628 604 331

54 670 133 751 talis,
149 671 322 736 secundum
341 674 426 756 quod
439 674 514 740 dicit
525 674 680 757 Hilarius,
697 680 729 742 et
742 675 810 741 lla-
863 675 925 740 hoc
937 675 1022 759 quod
1037 679 1084 741 est
1097 693 1164 741 esse
1177 676 1210 739 in
1224 674 1333 753 Patrc;
1347 673 1518 738 dicendum
1531 672 1630 755 quod,

54 780 146 862 gister
158 779 277 844 inducit
288 779 322 844 in
334 780 448 846 littera.
863 782 945 848 sicut
958 782 1058 847 sancti
1074 783 1233 860 innuunt,
1247 781 1330 846 sieut
1342 780 1465 863 aequale
1477 779 1553 844 dicit
1564 797 1632 843 res·

37 867 41 896 '
90 885 261 951 l.lldillud
270 905 348 969 ergo
357 888 441 971 quod
453 887 611 973 objicitur,
624 891 708 975 quod
719 890 810 956 Pater
864 893 992 971 poclum
1009 889 1186 954 secundum
1202 890 1357 953 unitatem
1378 881 1580 970 quantitatis,
1599 890 1632 950 et

51 1000 95 1058 εει
106 994 139 1058 iu
149 992 239 1070 Filio,
254 998 286 1058 et
296 993 394 1059 Filius
407 996 442 1059 in
454 995 556 1077 Patre,
572 1015 650 1080 ergo
663 997 754 1061 Pater
763 1001 810 1063 est
863 996 965 1060 simile
985 995 1162 1060 secundum
1174 995 1332 1060 unitatem
1344 994 1523 1076 qualitatis,
1545 992 1632 1056 simi·

51 1102 83 1164 in
106 1119 154 1181 se,
179 1100 290 1166 dicunt
312 1102 443 1185 quidam
467 1104 552 1187 quod
579 1108 809 1187 argumentum
862 1102 1111 1187 literbocquod
1131 1105 1264 1166 estesse
1286 1103 1321 1164 in
1340 1099 1431 1164 Patro
1455 1099 1630 1164 secundum

49 1207 298 1290 nonvalel,quia
310 1212 453 1273 mutatur
462 1210 615 1276 habitudo
628 1213 710 1294 ejus,
724 1213 809 1295 quod
863 1209 1018 1274 unitatem
1042 1208 1238 1273 substantiae.
1266 1205 1374 1285 Unde,
1400 1206 1482 1270 sicut
1507 1204 1631 1288 aequale

49 1320 92 1380 est
109 1318 161 1395 in3
178 1316 255 1399 quia
267 1317 302 1380 in
315 1335 382 1382 uno
396 1316 470 1383 dicit
479 1318 703 1384 habitudinem
719 1320 808 1402 prin-
862 1316 960 1380 simul
972 1315 1124 1398 importat
1140 1312 1351 1378 substantiam
1371 1330 1445 1377 eum
1461 1311 1629 1386 relatione,

48 1423 148 1507 cipiali
158 1423 196 1487 cd
211 1423 421 1508 principium,
437 1427 471 1490 in
487 1426 548 1491 alia
560 1431 667 1492 autem
681 1427 808 1492 habitu·
862 1423 944 1486 sicut
957 1422 1077 1505 patebit
1085 1421 1177 1492 inira,
1191 1421 1236 1483 ita
1244 1424 1275 1484 ει
1286 1420 1440 1502 hocquod
1449 1421 1568 1484 estesse
1579 1420 1630 1484 ia.

48 1532 149 1595 dinem
174 1530 323 1615 principii
350 1532 391 1597 ad
421 1534 658 1617 principiatum.
688 1534 809 1599 Tamen
862 1529 901 1594 Et
914 1529 1083 1606 sieuthoc,
1098 1526 1389 1612 quodestoequutis
1405 1527 1509 1603 Patri,
1524 1530 1630 1589 arcu-

48 1637 120 1702 illud
135 1656 199 1701 non
211 1643 335 1721 oportet
348 1638 461 1719 dicere,
479 1641 564 1722 quia,
579 1641 660 1705 sicut
667 1643 737 1724 jam
751 1660 809 1724 pa·
861 1640 916 1701 tur
929 1637 968 1700 ad
984 1636 1134 1701 standum
1155 1654 1213 1719 pro
1232 1635 1301 1698 aliis
1318 1634 1481 1716 personis,
1496 1633 1540 1696 ita
1554 1637 1584 1697 et
1598 1633 1633 1697 in

47 1744 134 1824 tebit,
157 1746 194 1811 io
214 1764 281 1809 non
302 1745 376 1810 dicit
399 1746 558 1812 diversam
575 1747 806 1812 habitudinem.
861 1743 1023 1827 proposito
1042 1742 1297 1825 intelligendum.

48 1850 106 1914 Nec
120 1855 223 1916 tamen
237 1853 396 1936 sequitur,
415 1855 516 1918 immo
531 1858 578 1918 est
590 1854 733 1918 accidens
745 1855 805 1935 ibi,
902 1853 931 1913 5.
956 1850 1005 1913 Ad
1025 1849 1104 1914 illud
1126 1849 1213 1932 quod
1234 1848 1406 1932 quaritur,
1426 1853 1538 1912 utrum
1566 1848 1632 1910 im·

47 1977 82 2022 eu
98 1959 180 2041 quod
199 1962 237 2026 io
255 1964 343 2025 notat
361 1962 614 2038 distinctionem,
636 1964 717 2026 sicut
730 1963 808 2026 aeci·
861 1960 1008 2041 portetur
1030 1957 1141 2021 eadem
1164 1957 1338 2037 habitudo,
1366 1954 1536 2019 dicendum
1562 1954 1631 2018 sine

47 2065 118 2152 dens
134 2071 180 2130 est
196 2066 252 2132 hic
269 2087 277 2131 :
301 2092 317 2129 a
330 2067 441 2133 Petrus
457 2074 504 2134 est
521 2070 634 2133 similis
648 2069 762 2149 Paulo,
777 2074 809 2134 et
862 2064 1048 2148 praejudicio
1059 2063 1145 2144 quod
1159 2064 1214 2141 sie,
1229 2067 1386 2146 mantum
1398 2066 1444 2126 est
1455 2063 1494 2127 de
1509 2062 1632 2127 ratione

48 2171 268 2253 PaulusPetro,
280 2193 359 2257 ergo
367 2173 479 2242 Petrus
487 2180 534 2240 est
543 2176 658 2240 similis
667 2175 803 2242 Patron>
861 2170 1035 2234 nominis¹.
1057 2168 1145 2234 Sicut
1157 2171 1244 2235 enim
1261 2188 1336 2234 cum
1353 2169 1491 2234 dicitur:
1510 2168 1633 2235 «Pater

45 2279 84 2343 ita
97 2283 127 2344 et
139 2280 172 2343 iu
185 2282 347 2364 proposito
360 2282 615 2364 intelligendum.
862 2277 1039 2340 estsimilis
1057 2276 1152 2354 Filio,
1172 2299 1188 2338 n
1209 2283 1241 2341 et
1260 2295 1278 2341 e
1296 2295 1464 2353 converso,
1485 2294 1551 2341 non
1570 2278 1632 2340 im-

81 2390 110 2450 i.
132 2387 180 2451 Ad
200 2387 281 2453 illud
303 2389 389 2471 quod
413 2388 588 2472 obiicitur:
608 2413 623 2450 a
647 2389 808 2474 Simplicia
861 2388 1006 2469 portatur
1019 2385 1081 2450 alia
1095 2386 1199 2450 ctalia
1212 2386 1382 2464 habitud03
1394 2386 1628 2467 itaneciuhoc,

46 2494 134 2558 simul
150 2495 318 2560 existentia
336 2496 576 2561 contunduntur
595 2497 630 2561 in
651 2517 802 2577 unum3u
861 2493 948 2577 quod
960 2497 1008 2557 est
1026 2509 1090 2559 esse
1109 2495 1167 2573 itt,
1182 2494 1258 2576 quia
1276 2495 1426 2577 importat
1444 2494 1631 2559 relationem

45 2601 206 2666 dicendum
230 2604 319 2687 quod
343 2603 422 2668 illud
448 2621 563 2669 verum
585 2609 650 2681 est,
679 2606 807 2689 quando
859 2601 1050 2681 identitatis,
1076 2603 1143 2666 sive
1171 2601 1511 2666 consubstantialitatis.
1541 2599 1629 2666 Unde

44 2707 191 2792 simplicia
217 2710 340 2774 babent
364 2709 519 2792 distingui
544 2729 642 2795 penes
668 2712 746 2776 illud
772 2712 807 2777 in
860 2709 943 2774 sieut
955 2709 982 2772 si
996 2710 1141 2774 dicatur:
1160 2708 1282 2774 «Pater
1301 2713 1348 2774 est
1363 2708 1475 2772 similis
1488 2707 1588 2787 Filio,
1610 2729 1626 2767 ε

44 2834 102 2897 quc
120 2822 210 2898 sunt,
225 2817 311 2880 sieut
333 2819 470 2900 punctus
483 2820 515 2883 et
535 2819 642 2883 unitas
660 2820 701 2884 ab
718 2838 755 2884 eo
771 2822 806 2885 in
860 2822 891 2881 et
902 2837 920 2882 e
933 2835 1099 2897 converso,
1114 2835 1179 2881 non
1193 2817 1308 2881 dieitur
1321 2816 1384 2881 alia
1394 2814 1565 2893 babitud03
1581 2814 1627 2878 sic

44 2928 175 3004 quaest,
186 2923 239 2988 sed
253 2923 381 3007 quando
397 2924 507 3007 seipsis
519 2925 763 3006 distinguuntur
775 2932 807 2991 et
860 2925 895 2988 in
915 2926 1093 3008 proposito,
1108 2926 1184 3008 quia
1198 2923 1356 3007 significat
1375 2923 1454 3002 boc,
1475 2922 1561 3006 quod
1580 2923 1627 2985 est

44 3030 75 3093 in
97 3031 202 3115 seipsis
226 3030 535 3109 substantificantur,
561 3036 637 3095 tunc
658 3033 806 3115 quamvis
859 3035 972 3099 esseio
986 3033 1101 3112 Patre,
1113 3031 1197 3096 idem
1213 3030 1299 3114 quod
1311 3034 1358 3096 est
1374 3046 1439 3096 esse
1451 3030 1543 3096 Petri
1554 3044 1627 3096 con·

43 3136 100 3200 siut
111 3136 225 3216 simul,
239 3157 308 3202 non
322 3137 577 3219 contunduntur,
596 3141 628 3204 et
641 3139 718 3204 tales
730 3143 806 3205 sunt
858 3137 1109 3206 substantialem.
1125 3138 1163 3204 Et
1174 3138 1376 3204 uniformiter
1387 3137 1541 3220 accipitur
1551 3155 1625 3201 con·

42 3242 217 3326 hypostases
234 3245 367 3310 divinaess
379 3242 417 3309 Et
430 3245 530 3329 hujus
541 3246 643 3311 simile
654 3247 806 3329 quamvis
858 3246 1089 3323 substantialis,
1102 3265 1177 3310 cum
1192 3246 1308 3311 dicitur
1318 3246 1357 3310 de
1369 3245 1461 3309 Patre
1472 3247 1504 3310 et
1516 3243 1598 3309 Filio
1615 3266 1624 3309 ε

43 3352 167 3432 perlecto
192 3370 261 3416 non
283 3351 382 3434 possit
409 3351 445 3417 iu
471 3356 616 3416 creatura
644 3353 802 3434 inveniri,
859 3356 889 3416 et
902 3351 964 3416 hoc
974 3355 1075 3435 patet,
1090 3351 1168 3434 quia
1179 3352 1206 3415 si
1218 3370 1285 3416 non
1298 3353 1415 3417 diceret
1428 3349 1625 3416 consimilem

42 3461 142 3521 tamen
162 3458 334 3542 Dionysius
353 3460 363 3495 ¹
383 3459 473 3542 ponit
495 3461 680 3543 exemplum
695 3461 730 3524 in
750 3460 804 3525 lu·
857 3457 1626 3537 habitudinem,nonessetcircumincessic,sicut

42 3564 187 3647 minibus,
212 3585 290 3650 quae
316 3567 418 3631 mulia
439 3571 516 3631 sunt
537 3566 573 3630 in
597 3569 708 3633 eodem
731 3587 803 3634 aere
857 3583 917 3630 nec
932 3566 1120 3648 estquando
1133 3565 1485 3630 dieiturcreaturaesse
1498 3564 1621 3644 inlleo,

41 3670 196 3738 inconfusa
208 3692 217 3737 z
228 3677 264 3739 et
270 3672 370 3756 hujus
379 3673 511 3756 siguum
519 3678 576 3753 est,
590 3675 666 3757 quia
676 3676 803 3758 quando
857 3679 889 3737 et
902 3672 985 3737 Deus
995 3692 1063 3737 esse
1076 3675 1110 3737 in
1119 3678 1279 3751 creatura,
1299 3674 1375 3756 quia
1388 3673 1450 3738 alia
1471 3674 1625 3757 importa-

41 3775 190 3844 luminare
203 3780 361 3858 aufertur,
372 3779 469 3844 trahit
481 3780 592 3845 lumen
603 3799 713 3860 suum,
722 3783 803 3847 nihil
856 3784 910 3845 tur
923 3780 1077 3845 habitudo
1091 3782 1124 3845 in
1140 3785 1288 3864 utroque.

41 3884 76 3949 de
87 3887 154 3951 aliis
166 3887 351 3952 convellens
366 3910 373 3952 :
388 3891 420 3952 el
433 3886 514 3952 ratio
527 3888 629 3970 hujus
641 3894 703 3966 est,
724 3891 803 3973 quia
896 3891 927 3951 6.
943 3887 992 3952 Ad
1009 3887 1088 3951 illud
1101 3889 1187 3971 quod
1204 3888 1360 3972 quaeritur
1380 3888 1418 3954 de
1438 3888 1519 3970 hoc,
1535 3890 1624 3972 quod

41 3990 155 4056 lumina
167 3992 202 4057 in
221 4010 295 4058 aere
307 4011 374 4058 non
392 3993 636 4076 distinguuntur
655 4013 753 4078 penes
770 3997 802 4062 id
853 3977 904 4060 est
916 3994 1016 4077 epod,
1031 3999 1103 4075 etc,
1114 3996 1282 4061 dicendum
1292 3996 1626 4080 quodquaedamprae·

42 4097 155 4182 inquo.
855 4102 1026 4185 positiones
1045 4103 1084 4186 (a)
1103 4103 1276 4185 important
1287 4103 1507 4168 habitudinem
1521 4122 1623 4187 repu-

77 4211 104 4271 3.
118 4208 165 4273 Ad
185 4207 266 4272 illud
278 4207 364 4291 quod
382 4208 545 4292 objicitur,
561 4210 647 4291 qnod
667 4211 802 4276 essentia
856 4210 1009 4292 gnuutiae,
1024 4214 1199 4285 utcontra,
1222 4211 1370 4294 quendam
1389 4211 1569 4291 distende,
1586 4214 1625 4275 ut

40 4330 98 4376 non
120 4316 210 4379 estin
230 4315 367 4380 essentia
385 4315 446 4379 nisi
463 4334 520 4398 per
539 4317 705 4400 illapsum,
720 4323 799 4398 etc.;
855 4316 917 4380 hoc
936 4316 1021 4398 quod
1035 4320 1081 4380 est
1095 4315 1139 4381 ad
1153 4319 1185 4380 et
1197 4332 1312 4399 prope:
1330 4317 1478 4400 quedam
1497 4336 1624 4398 causan,

40 4420 199 4486 dicendum
213 4423 300 4506 quod
316 4441 383 4487 non
396 4427 443 4487 est
455 4423 575 4502 simile,
591 4424 671 4506 quia
683 4425 740 4488 ubi
755 4431 802 4490 est
855 4427 893 4487 ut
903 4423 943 4489 de
956 4426 988 4487 et
1000 4439 1060 4493 ec:
1074 4424 1223 4506 quandam
1235 4424 1475 4504 convenientia,
1489 4428 1525 4489 ut
1538 4427 1575 4492 io
1589 4428 1621 4490 et

39 4528 240 4594 essentiarum
255 4530 439 4611 diversitas,
453 4530 480 4595 si
498 4549 565 4595 una
577 4533 624 4595 est
636 4530 671 4595 in
684 4531 798 4613 altera,
855 4546 939 4596 cum.
960 4529 1077 4595 Primae
1099 4533 1131 4594 et
1151 4531 1298 4596 secundae
1317 4532 1407 4596 nullo
1426 4531 1521 4597 modo
1540 4532 1621 4597 reci·

39 4639 153 4715 oportet
166 4637 253 4720 quod
266 4656 334 4702 una
346 4637 387 4701 sit
397 4638 504 4720 aliquo
519 4637 614 4703 modo
630 4639 801 4703 materialis
855 4637 998 4721 piuutur,
1012 4638 1067 4703 sed
1080 4638 1179 4702 tertiae
1193 4640 1356 4721 elquartae
1368 4640 1412 4704 sic
1426 4662 1434 4704 :
1449 4624 1550 4704 tertiae
1561 4639 1620 4719 sic,

39 4742 137 4822 alteri;
152 4745 369 4828 sedquoniam
381 4764 525 4828 personae
535 4745 697 4821 differunt,
713 4747 801 4810 salva
855 4745 940 4827 quod
952 4762 1019 4809 non
1028 4745 1204 4808 conversim
1214 4764 1223 4824 3
1234 4747 1288 4811 sed
1296 4751 1420 4830 quartae
1429 4748 1619 4828 conversim,

39 4851 174 4916 essentlae
187 4851 321 4931 incitate,
335 4871 402 4917 una
415 4853 509 4917 estin
519 4852 593 4930 alia,
606 4852 681 4936 quia
693 4871 800 4917 essen·
854 4852 931 4935 quia
944 4852 1167 4916 convenientia
1177 4856 1225 4917 est
1237 4853 1348 4918 relatio
1366 4853 1620 4938 aequiparantias.

38 4955 79 5020 lia
96 4958 191 5024 unius
213 4962 261 5024 est
283 4960 419 5025 essentia
438 4960 591 5024 alterius:
612 4961 644 5023 ει
659 4959 704 5022 ita
718 4959 801 5024 sicut
895 4965 933 5023 7:
945 4959 994 5023 Ad
1012 4958 1165 5024 ultimum
1185 4961 1373 5026 solvendum
1393 4961 1479 5045 quod
1497 4961 1557 5026 iste
1576 4966 1624 5027 est

38 5064 116 5130 idem
128 5085 193 5132 non
202 5068 344 5134 illabitur
355 5068 427 5149 sibi,
445 5067 605 5132 itanullus
620 5071 800 5149 potestesse
854 5064 1028 5147 singularis
1041 5065 1155 5131 modus
1171 5068 1293 5132 essendi
1312 5070 1351 5135 io
1364 5069 1419 5152 qui
1432 5087 1497 5133 non
1517 5070 1623 5134 cunti·

38 5170 230 5259 ibidlupsus.
854 5182 948 5240 netur
960 5177 1044 5241 inter
1056 5177 1138 5258 illos,
1155 5197 1215 5243 nec
1230 5182 1333 5262 potest
1343 5179 1477 5263 reperiri
1494 5180 1623 5264 proprie

75 5282 103 5343 l.
118 5282 165 5347 Ad
179 5281 260 5348 illud
271 5284 355 5367 quod
369 5282 537 5368 quaeritur,
553 5283 630 5367 quid
643 5283 800 5367 significet
854 5283 888 5347 in
900 5283 1066 5347 creaturis.

69 5441 160 5495 'Dion
174 5448 310 5510 Areopcg,
328 5444 359 5495 de
371 5446 431 5497 Diu.
445 5446 531 5497 Nom..
549 5460 606 5511 cap.
620 5456 650 5509 tt,
663 5459 690 5511 p.
704 5450 715 5499 l
732 5446 799 5499 eirea

40 5511 104 5564 mod.
113 5541 144 5556 -
155 5517 166 5551 ¹
179 5518 207 5569 S.
216 5517 307 5569 Tuom.
318 5517 440 5570 conscrib
453 5531 511 5570 curu
526 5519 552 5571 S.
566 5518 663 5570 Bauer.
886 5517 918 5584 (a)
934 5517 995 5570 cut.
1006 5516 1067 5569 edit.
1086 5516 1286 5583 propositiones.
