4100 6300
376 515 454 561 tvm
726 492 776 558 llil
795 488 968 557 scalptis
992 490 1024 555 S.
1048 484 1352 554 BONAVENTURAE
1372 481 1619 548 A‘l'l'lllBUTlS.

375 630 497 695 anullo
511 630 574 694 alio
583 630 719 693 Auctore
732 628 909 711 profectum
923 626 1029 702 tuisse,
1045 641 1143 707 quam
1158 641 1177 685 a
1191 620 1244 686 Fr.
1259 619 1382 685 Joanne
1394 618 1560 698 Richardo‚
1576 636 1646 698 seu,
1663 621 1700 682 ut
1712 618 1899 696 aliivoeant,
1910 619 1948 683 lli·

375 738 482 821 galdo‚
496 740 593 820 gente
607 735 704 814 Gallo,
721 734 912 818 professione
928 731 1094 811 Minorita,
1108 731 1165 813 qui
1180 728 1313 794 loannis
1328 727 1411 792 XXII
1425 727 1622 810 temporibus
1642 744 1776 791 summa
1789 744 1864 789 cnm
1875 726 1949 793 laude

374 846 499 910 claruit.
514 843 632 909 Praesto
646 842 742 908 Nobis
753 846 800 907 est
812 844 1015 924 pervetustus
1030 838 1135 903 Codex
1147 856 1222 918 ms,
1240 855 1337 919 quem
1350 837 1385 899 in
1398 835 1577 899 Colbertiua
1587 833 1795 913 bibliotheca,
1810 835 1948 898 snbnun.

374 949 760 1027 addecimamus
782 949 891 1013 scribit
908 947 1054 1013 Oudinus
1067 954 1090 1025 ¹,
1106 947 1165 1029 qui
1178 945 1266 1009 hune
1281 944 1410 1027 pratert
1429 942 1559 1007 titulum
1575 961 1585 1005 ε
1608 942 1746 1009 Ioannis
1769 940 1849 1007 ort.
1864 942 1949 1009 nuo

373 1076 446 1126 ram
460 1060 686 1143 compendium
700 1058 873 1141 Tbeotoytoe
883 1071 1072 1138 pauperum.
1087 1053 1251 1135 Inscriptio
1263 1071 1301 1116 ea
1319 1056 1390 1116 est:
1407 1050 1587 1117 anenata
1601 1050 1693 1116 Patri
1706 1066 1745 1115 oc
1764 1065 1826 1115 suc
1842 1051 1950 1115 bonon

373 1166 552 1251 sptrttaott,
569 1167 704 1234 Domino
716 1165 891 1245 eonardo,
906 1182 943 1231 ac
957 1161 1147 1245 Apostoltcc
1162 1160 1250 1227 sedis
1267 1159 1473 1242 procidentia
1493 1158 1738 1240 Arciteptscopo
1755 1156 1949 1234 Neroneo,

373 1292 452 1341 eoos
463 1274 578 1355 titios„
595 1275 735 1356 tammus
749 1281 780 1341 et
794 1274 944 1340 aermnae
957 1273 1060 1353 trater
1073 1272 1212 1338 loannes
1227 1266 1361 1350 atquae·
1375 1264 1511 1332 Ordinis
1525 1267 1698 1342 Minorem,
1718 1264 1866 1346 ejusdem
1882 1264 1951 1331 eata

373 1384 563 1465 apostolico
576 1383 842 1449 Poertttentt’attas
855 1381 1024 1463 indignus,
1042 1382 1101 1442 etc.
1118 1376 1223 1441 Prima
1232 1375 1370 1440 Robrica
1381 1395 1389 1440 τ
1404 1374 1494 1449 and
1506 1374 1672 1456 theologia
1683 1375 1730 1441 so
1744 1375 1895 1452 attonio,
1904 1378 1949 1437 etc.

373 1490 431 1553 Hic
448 1509 543 1573 porro
556 1489 737 1554 Bernardus
757 1488 969 1553 Narbonensis
988 1485 1272 1568 archiepiscopus,
1296 1484 1348 1546 cui
1370 1502 1403 1547 se
1418 1500 1580 1565 suumque
1598 1481 1836 1563 Compendium
1855 1480 1951 1544 addicit

373 1597 536 1680 Rigaldua
551 1598 579 1660 is
590 1597 720 1680 quidem
733 1602 795 1677 est,
810 1597 865 1680 qui
880 1594 980 1677 vulgo
996 1595 1035 1660 de
1054 1595 1173 1675 Foryis
1186 1591 1289 1654 dietus
1301 1590 1377 1675 tuit,
1392 1591 1513 1673 quique
1534 1588 1775 1653 Narbonensem
1799 1586 1950 1652 Ecclesiam

372 1706 454 1769 rexit
466 1706 507 1768 ab
518 1724 572 1770 an.
595 1710 670 1770 1311
692 1724 794 1788 usque
815 1705 854 1768 ad
873 1723 926 1768 an.
949 1707 1039 1768 1310.
1060 1701 1127 1766 Sub
1149 1701 1221 1762 baee
1238 1698 1349 1761 floruit
1364 1697 1502 1762 loannes
1525 1696 1696 1777 bigamus,
1712 1695 1788 1776 qui,
1810 1700 1848 1760 ut
1862 1702 1951 1760 monet

371 1810 590 1876 Ferdinandus
603 1811 768 1894 Ughellus,
785 1811 1039 1877 llraconariensis
1055 1809 1228 1891 Episcopus
1240 1805 1447 1869 renunciatus
1459 1805 1563 1868 luerat
1576 1822 1628 1866 an.
1646 1807 1726 1868 teca
1741 1814 1764 1867 ¹.

412 1920 460 1984 Ad
473 1921 571 2001 nujus
580 1919 794 1984 Codicisidem
808 1919 927 1983 accedit
934 1917 1155 1983 testimouium
1165 1912 1217 1977 Fr.
1233 1911 1362 1976 Henrici
1374 1911 1478 1976 Willot
1493 1933 1500 1975 :
1517 1911 1677 1976 aloannes
1691 1909 1949 1992 dimmitteret,

371 2026 544 2110 Episcopus
558 2027 763 2091 [traconensis
777 2027 873 2091 edidit
886 2026 1118 2109 compendium
1126 2019 1311 2101 Theologiae
1320 2020 1342 2082 ⁸.
1359 2040 1374 2077 n
1388 2018 1516 2083 Henrici
1525 2020 1646 2084 dictum
1657 2018 1787 2101 excepit
1798 2016 1853 2082 Fr.
1868 2017 1950 2081 Lucas

370 2132 579 2215 Waddingus,
594 2135 701 2199 diceus
716 2137 750 2198 ⁸:
770 2135 935 2199 «loannes
948 2133 1076 2215 Rigaldi
1089 2130 1213 2212 scripsit
1225 2126 1456 2208 Compendium
1471 2126 1667 2208 limingis,
1683 2127 1819 2209 elegans
1838 2124 1949 2209 quiden

370 2238 457 2322 Opus
468 2242 558 2305 libris
572 2247 693 2325 septem
706 2243 909 2319 distinctum,
924 2242 1008 2325 quod
1022 2240 1126 2304 habeo
1148 2236 1206 2301 Ms.
1224 2234 1360 2317 pulchro
1373 2233 1575 2309 charactere,
1592 2239 1624 2297 et
1644 2234 1757 2313 minio,
1782 2234 1949 2314 auratisque

370 2349 556 2431 maJuscutn
569 2354 748 2414 exaratum.
763 2372 778 2409 a
796 2349 853 2414 Sui
871 2349 985 2413 deinde
1002 2348 1092 2413 velut
1111 2347 1229 2410 oblitus
1246 2341 1387 2423 idipsum
1408 2341 1638 2422 Compendium
1649 2343 1719 2424 jam
1733 2345 1812 2405 ante
1826 2340 1948 2421 adscrip-

369 2456 454 2515 serat
466 2452 575 2516 Alensi
591 2475 599 2516 ε
617 2452 876 2536 «Compendinm
898 2449 1003 2515 Saerae
1018 2450 1202 2531 Theologiae
1215 2449 1271 2513 bb.
1294 2447 1361 2511 Vll.
1380 2449 1444 2512 luc.
1466 2448 1586 2515 Veteris
1601 2465 1639 2515 oe
1660 2463 1753 2515 aoooe
1766 2449 1849 2531 lepis
1863 2448 1949 2513 conti-

369 2556 525 2634 nentiam,
545 2558 605 2618 etc.
620 2555 728 2619 Habeo
741 2573 839 2638 penes
851 2572 902 2618 me
918 2553 975 2617 bis.
990 2572 1044 2618 an.
1058 2557 1137 2617 1105
1151 2560 1330 2620 exaratum.
1345 2578 1360 2614 n

372 2796 702 2880 llbdompeadiosum
717 2798 918 2881 Princtptorn
930 2801 969 2864 tn
981 2799 1079 2865 libros
1090 2798 1337 2866 Sententiarum.
1347 2798 1412 2862 lnc.
1431 2799 1553 2882 cyrum
1568 2800 1638 2867 cett
1653 2801 1795 2867 otrcetm'
1811 2801 1888 2879 solo,
1900 2802 1946 2863 etc

409 2986 503 3052 Nulla
517 2988 602 3070 apud
617 2989 760 3053 cordatos
777 2989 945 3071 scriptores
957 2987 1088 3052 mentio.
1111 2987 1304 3054 Summatim
1325 2993 1559 3073 pertractantur
1583 3008 1638 3067 ea,
1660 3009 1734 3072 qnae
1759 2992 1796 3054 in
1814 2990 1946 3055 omuibus

367 3090 604 3156 Sententiarum
626 3091 717 3155 libris
741 3091 896 3174 explicata
911 3090 1049 3156 fuerant.
1070 3089 1131 3156 Sed
1152 3098 1261 3161 omnia
1279 3098 1325 3161 ita
1347 3098 1524 3181 ingyrum
1544 3097 1707 3180 compellit
1730 3100 1864 3173 Auctor,
1878 3102 1945 3162 utse

366 3199 457 3281 gyris
470 3199 612 3281 plenum,
628 3204 685 3263 aut
696 3199 722 3262 si
734 3199 849 3275 mavis,
864 3216 1072 3281 gyrogavum
1084 3198 1304 3280 caputbabere
1314 3201 1473 3265 videatur.
1488 3198 1604 3276 Pauca,
1619 3201 1645 3263 si
1654 3201 1768 3283 placet,
1780 3202 1943 3266 audiamus.

364 3304 443 3370 Dicit
455 3324 534 3387 ergo
550 3330 557 3371 :
575 3308 721 3390 adytum
733 3307 809 3372 Goeli
822 3308 961 3372 circuiet
969 3306 1049 3386 solo,
1060 3312 1120 3370 eto.
1134 3307 1239 3388 Gyrus
1253 3306 1323 3372 eoeli
1335 3308 1430 3372 babet
1439 3308 1691 3390 quadriformem
1699 3309 1942 3390 intelligentiam,

363 3417 502 3496 quatuor
515 3413 604 3477 libris
618 3415 855 3478 Sententiarum
868 3414 1150 3497 proportionaliter
1173 3414 1428 3496 respondentem.
1446 3413 1551 3498 Gyrus
1572 3415 1643 3479 coeli
1666 3415 1785 3480 dicitur
1798 3413 1944 3498 spirantis

363 3522 501 3586 ambitus
512 3522 600 3602 coeli,
615 3522 706 3586 idest
726 3539 871 3585 convexa
890 3522 1074 3603 superficies
1090 3520 1226 3602 sphaerae
1246 3522 1330 3586 coeii.
1350 3521 1454 3604 Gyrus
1478 3522 1548 3586 coeli
1563 3522 1678 3586 dieitur
1692 3525 1799 3604 major
1819 3520 1942 3586 circulus

363 3628 499 3709 sphaerae
512 3628 594 3706 eoeli,
608 3646 673 3710 quo
687 3646 751 3693 non
765 3633 812 3691 est
825 3627 941 3709 aliquis
954 3630 1058 3708 major
1069 3628 1103 3715 in
1117 3627 1245 3709 sphaera
1259 3628 1341 3709 areli,
1353 3634 1385 3693 et
1396 3629 1508 3693 transit
1520 3648 1578 3711 per
1586 3634 1736 3693 centrum
1749 3635 1857 3707 terrra,
1870 3633 1940 3691 etc.»

363 3733 440 3810 Quis
452 3734 512 3799 hos
524 3753 623 3818 gyros
636 3754 656 3798 a
670 3734 903 3799 Beneventurae
926 3734 1028 3816 eapite
1044 3734 1212 3815 profluisse
1231 3735 1364 3800 credat?
1375 3754 1472 3801 nemo
1486 3754 1574 3801 sane.
1595 3737 1770 3818 ingenium
1792 3736 1877 3801 euim
1889 3749 1941 3797 non

229 3857 231 3866 ⁴
362 3840 407 3905 ita
418 3842 563 3906 versatile
575 3842 698 3921 habuit,
712 3842 797 3906 utin
810 3859 932 3925 gyrum
943 3859 1071 3923 semper
1084 3842 1209 3906 abierit.
1225 3842 1287 3907 Sed
1299 3842 1371 3907 haee
1385 3842 1552 3907 hactenus.

1056 4072 1258 4116 ostantartort.

394 4210 433 4266 Ge
445 4208 517 4266 n'est
529 4225 583 4284 pas
595 4226 651 4286 par
663 4226 721 4268 une
733 4210 919 4286 plaisanterie
934 4212 1025 4287 qu’on
1038 4229 1150 4288 pourra
1166 4213 1283 4271 enlever
1297 4215 1316 4269 a
1332 4213 1408 4270 saint
1426 4216 1627 4271 bonaventura
1642 4229 1683 4270 un
1695 4214 1842 4288 opusculo
1855 4210 1939 4286 qu'ont

358 4324 411 4366 cru
426 4307 529 4365 devoir
541 4307 584 4366 lui
598 4309 738 4367 attribuer
750 4309 793 4367 les
805 4327 908 4383 graves
922 4316 1040 4369 auteurs
1052 4312 1089 4370 de
1102 4311 1239 4370 l'edition
1250 4312 1292 4368 du
1304 4312 1434 4385 vatican,
1450 4316 1478 4370 et
1492 4315 1647 4388 apresens
1660 4312 1798 4369 l'editeur
1812 4313 1848 4369 de
1861 4314 1936 4383 lyon,

360 4407 436 4464 1117.
455 4409 492 4464 Le
505 4410 573 4465 tour
589 4408 630 4465 du
643 4408 699 4466 ciel
712 4409 765 4466 des
778 4409 874 4467 Livres
889 4410 1074 4484 sapientiaux
1095 4411 1206 4468 offrant
1225 4413 1328 4485 quatre
1346 4427 1412 4468 sens
1427 4411 1624 4486 allegoriques
1640 4415 1657 4467 a
1674 4411 1802 4468 l'auteur
1816 4410 1856 4468 dn
1875 4409 1937 4464 too·

354 4505 514 4579 peadtosum
530 4509 710 4580 Principiam,
724 4523 762 4564 ne
774 4509 906 4582 presente
919 4508 983 4566 rien
997 4508 1034 4566 de
1048 4508 1117 4583 plus
1129 4508 1272 4581 singulier
1286 4511 1304 4565 a
1319 4508 1429 4583 l'esprit
1443 4526 1500 4585 qne
1514 4509 1557 4567 les
1569 4513 1673 4584 quatre
1687 4525 1794 4582 gentes
1807 4510 1844 4568 de
1853 4519 1936 4565 causa

356 4606 474 4662 trouves
487 4620 542 4679 par
555 4605 632 4662 saint
644 4609 863 4673 bonaventura.
884 4622 923 4663 au
937 4606 1030 4664 debut
1044 4607 1082 4665 de
1096 4622 1152 4665 son
1169 4607 1383 4665 commentaire
1398 4624 1448 4664 sur
1466 4607 1509 4666 les
1527 4609 1682 4665 Sentems
1689 4649 1699 4679 ,
1716 4607 1793 4665 dans
1807 4625 1847 4666 un
1859 4603 1936 4662 venet

356 4703 398 4761 dn
409 4704 497 4778 ehep.
509 4720 602 4762 xxvru
616 4705 653 4763 de
671 4704 738 4763 tob.

519 4938 571 5003 tv.
587 4938 722 5005 Sammo
735 4938 774 5006 de
787 4943 928 5008 caseon
943 4948 973 5008 et
986 4944 1202 5010 immensitate
1221 4942 1288 5008 liet.
1306 4941 1597 5024 loc-Omnipotens
1613 4943 1709 5020 Dan,
1726 4945 1786 5007 ete.

394 5125 462 5189 Hoc
474 5131 511 5190 ut
524 5126 721 5209 Opusculum
733 5129 818 5193 inter
835 5132 1037 5213 supposititia
1055 5149 1283 5210 numeremus,
1299 5132 1475 5196 suademur
1489 5131 1630 5194 maxime
1649 5121 1932 5213 apraestantissimit

360 5230 542 5296 Editoribus
563 5252 697 5315 operum
722 5234 755 5299 S.
780 5236 968 5317 Augustini.
993 5238 1083 5302 Hanc
1109 5238 1155 5301 illi
1177 5256 1347 5303 censuram
1371 5239 1472 5302 iecere
1494 5260 1501 5301 :
1526 5261 1542 5299 c
1565 5236 1638 5303 Nou
1661 5239 1720 5302 uui
1746 5224 1928 5320 anguem}

385 5395 476 5445 ¹Tom.
491 5396 522 5446 lll
534 5432 541 5457 ,
555 5394 604 5446 eol.
615 5397 671 5448 188.
680 5395 797 5445 —²ltol.
808 5411 884 5458 soen,
899 5401 962 5449 tom.
975 5400 1048 5462 Vlll,
1062 5401 1163 5463 Romo,
1181 5401 1248 5464 tota,
1262 5399 1313 5450 col.
1324 5401 1380 5450 ldl.
1389 5425 1417 5436 -
1428 5400 1476 5448 ³111
1491 5397 1582 5449 Attea.
1595 5399 1734 5462 Francisc„
1747 5414 1775 5465 p.
1785 5401 1841 5451 att.

385 5465 434 5518 ‘ln
449 5464 549 5530 Syllob.
563 5466 657 5531 Sertpt.
676 5466 736 5517 Ord.
748 5467 824 5532 itta,
838 5482 864 5532 p.
877 5471 933 5520 221.
