4100 6300
654 461 657 474 ·
759 439 895 506 sutrio
916 441 970 506 ΙΙΙ.
1610 465 1664 512 ext

79 582 219 666 exemplo
230 579 284 645 Fr.
300 579 473 644 Alexandri
487 578 627 658 Alensis,
644 577 701 660 qui
714 577 864 660 quamvis
877 577 998 642 liberti
1012 577 1121 660 Magni
1134 596 1253 643 nomen
1269 580 1534 647 etauctoritatem
1550 601 1664 667 perop-

79 696 152 757 time
170 692 329 767 noscerei,
345 688 416 770 eius
429 689 538 750 temen
555 703 674 750 nomen
686 684 797 749 citasse
815 703 882 749 non
894 685 1032 749 videtur.
1049 685 1083 749 ld
1097 685 1183 767 quod
1197 686 1293 750 etiam
1307 688 1477 753 observare
1496 693 1543 753 esi
1555 690 1590 753 in
1603 688 1665 755 Bo·

80 804 272 882 narentura,
286 796 344 878 qui
364 794 559 858 strictissimo
581 793 655 857 licet
672 792 915 868 necessitudinis
933 811 1022 857 nexu
1036 811 1111 857 cum
1124 792 1284 876 Aquinate
1304 799 1495 877 conjunctus
1514 778 1612 877 esset,
1626 799 1667 861 ab

81 908 162 972 illius
174 911 280 970 tamen
293 902 424 967 nomine
437 902 563 966 citando
577 900 730 965 abstinuit
743 919 787 964 se.
804 900 874 977 Quo
888 900 985 982 probe
998 901 1076 976 fixo,
1091 901 1257 965 videamus
1270 903 1381 977 modo,
1397 922 1478 967 num
1492 908 1583 969 iisse
1597 924 1669 986 ges-

82 1016 153 1080 serit
165 1017 274 1078 auctor
286 1010 430 1094 opusculi
443 1010 553 1092 hujus.
566 1008 643 1086 Adi,
659 1009 686 1071 si
702 1012 805 1084 vacat,
820 1012 916 1090 ceput
934 1027 946 1070 1
963 1007 1001 1073 dc
1019 1008 1330 1091 Ineputoritotitus,
1344 1018 1439 1093 atque
1453 1011 1668 1094 dispensatio

82 1123 230 1200 nibuqet
242 1119 402 1203 ipsissima
414 1118 586 1200 aliquando
600 1115 794 1181 videaslicei
805 1114 905 1178 verba
918 1117 973 1178 Fr.
989 1115 1177 1196 Ropmuttdt'
1193 1117 1232 1182 de
1249 1121 1451 1198 Pennoiorit',
1466 1125 1495 1186 et
1508 1120 1670 1186 Bernordi

83 1228 256 1308 Presbyteri
279 1224 540 1308 compostellani,
559 1223 615 1305 qui
634 1221 869 1286 Bonsventurae
892 1226 984 1285 aetate
1004 1223 1152 1287 floruere.
1173 1223 1255 1300 Quid
1274 1226 1360 1307 quod
1379 1227 1511 1290 citatum
1530 1227 1670 1291 vidimus

84 1335 274 1399 Gauiredum
289 1335 328 1398 de
341 1332 446 1397 Trano
457 1330 541 1414 Juris
560 1349 658 1413 quum
679 1330 819 1393 maxime
838 1331 976 1412 peritum
986 1381 996 1411 ,
1005 1313 1066 1414 'qui
1086 1331 1205 1395 Nicolsi
1219 1332 1261 1396 IV
1270 1335 1368 1414 jussu·
1377 1332 1544 1398 Summam
1563 1335 1597 1398 in
1611 1335 1671 1399 lle·

83 1443 210 1508 cretales
222 1443 442 1507 Romanorum
456 1440 649 1506 Pontificum
668 1439 868 1504 elucubravit
885 1458 970 1502 anno
984 1444 1075 1503 1290.
1088 1438 1208 1504 Videsis
1228 1441 1267 1503 de
1290 1440 1497 1534 hacSumma
1515 1442 1672 1506 disseren-

85 1557 147 1615 tem
161 1551 307 1615 Gurolum
319 1549 509 1614 Dulrenium
521 1549 717 1631 intinget
731 1547 818 1627 Ergo
829 1551 998 1629 postquam
1009 1546 1236 1612 Bonaventura
1248 1554 1383 1612 mortem
1394 1550 1484 1629 obiit,
1498 1548 1673 1614 (leufredus

83 1679 173 1724 suam
186 1659 366 1743 composuit
378 1649 557 1726 Summam.

492 1899 544 2000 IX.
564 1900 731 1983 &eentum
744 1900 872 1965 anime.
888 1898 955 1963 lnc.
969 1899 1072 1966 Arbor
1085 1898 1188 1980 molo,
1203 1904 1262 1965 eto.

123 2091 257 2174 Iniquus
269 2090 310 2154 sii
322 2108 443 2171 censor,
457 2091 513 2174 qui
527 2091 647 2156 morale
660 2091 723 2155 hoc
734 2088 909 2173 Speculum
921 2088 962 2153 ad
974 2088 1163 2172 quisquilias
1176 2109 1241 2154 non
1255 2090 1391 2173 ableget.
1406 2089 1508 2155 Nemo
1521 2094 1570 2156 est
1581 2099 1675 2173 corte,

87 2199 140 2282 qui
148 2199 220 2263 licet
231 2199 271 2262 in
281 2183 516 2263 Bonaventurae
531 2198 662 2281 Scriptis
673 2202 817 2262 versatus
830 2198 880 2276 sii,
893 2195 981 2260 haud
993 2196 1131 2278 ignoret,
1148 2196 1403 2262 Bonerenturam
1414 2198 1532 2281 injure
1545 2199 1678 2264 dicendo

89 2306 130 2371 ita
142 2325 292 2371 severum
305 2306 420 2387 luisse,
436 2311 474 2371 ut
487 2326 506 2371 a
519 2311 604 2371 recta
617 2324 745 2370 morum
760 2304 875 2385 regula
888 2322 1057 2386 nunquam
1071 2304 1243 2368 recesserit.
1258 2304 1349 2381 Quod
1366 2306 1484 2369 lactum
1497 2325 1564 2371 non
1578 2312 1626 2370 est
1638 2307 1679 2372 ab

88 2413 154 2490 illo,
171 2414 227 2496 qui
242 2414 458 2479 stramineum
476 2414 538 2478 hoc
555 2414 729 2497 Speculum
748 2412 911 2476 contexuit
927 2434 935 2474 ι
950 2430 1027 2474 nam
1046 2413 1148 2494 capite
1168 2412 1288 2494 primo,
1309 2413 1379 2478 illos
1393 2431 1412 2476 a
1426 2413 1519 2497 culpo
1538 2414 1680 2480 eximere

89 2521 221 2601 videtur,
238 2521 299 2604 qui
317 2522 462 2586 duellum
483 2521 609 2586 crudele
628 2525 659 2585 ei
673 2521 845 2585 exitiosum
861 2518 1049 2601 suscipiunt.
1065 2543 1081 2580 u
1095 2518 1241 2583 Duellum
1252 2568 1260 2597 ,
1273 2520 1395 2602 inquit,
1411 2503 1589 2585 secundum
1603 2523 1680 2603 jura

92 2633 135 2692 est
146 2628 347 2711 prohibitum
361 2652 369 2693 :
383 2635 415 2693 et
428 2631 604 2693 secundum
618 2629 791 2703 rationem,
807 2628 904 2691 habet
915 2627 1073 2691 rationem
1088 2627 1267 2691 mortalis...
1281 2627 1395 2692 Dicunt
1408 2632 1517 2694 tamen
1529 2631 1680 2712 quidam,

92 2736 171 2818 quod
185 2737 384 2801 consuetudo
394 2741 525 2801 excuset
538 2736 573 2800 in
583 2737 646 2800 hoc
660 2736 740 2800 iacto
755 2758 763 2799 ε
776 2757 791 2794 ι
805 2736 842 2798 in
854 2753 952 2817 quam
964 2735 1083 2798 malam
1097 2735 1359 2800 consuetudinem
1371 2737 1505 2801 minime
1519 2737 1684 2803 invehitur
1716 2760 1718 2762 ’

91 2842 247 2924 benignus
265 2843 418 2924 casuiste,
434 2845 491 2927 qui
505 2849 543 2909 ut
562 2844 677 2927 scripto
694 2862 753 2908 suo
772 2843 989 2907 auctoritatem
1005 2843 1212 2924 adjungeret,
1231 2841 1310 2907 illud
1332 2844 1436 2908 invito
1449 2842 1684 2910 Bonaventurae

93 2949 265 3033 adscripsit.
281 2950 341 3016 Me.
358 2952 432 3017 Cod.
451 2956 553 3017 exstat
569 2951 604 3015 in
618 2950 699 3015 Bibl.
717 2949 810 3015 Paul.
825 2949 924 3034 lips,
944 2968 979 3014 n.
993 2948 1082 3028 Xlll,
1101 2949 1214 3033 Repos.
1229 2948 1338 3015 Thool.
1354 2949 1406 3033 lv,
1428 2951 1496 3017 Ser.
1512 2951 1573 3034 lll,
1592 2958 1629 3018 ut
1644 2972 1686 3018 ex

94 3059 159 3138 ejus
170 3056 323 3141 Gatalogo
333 3060 356 3124 2.

372 3302 410 3369 X.
428 3303 813 3387 expositiunculae.
832 3304 977 3372 ciricius
991 3305 1148 3371 assitens
1160 3305 1331 3385 Potitios,
1345 3311 1404 3387 etc.

133 3490 224 3558 Haud
237 3493 373 3558 omnino
384 3495 629 3573 contemnenda3
645 3493 699 3559 sed
711 3511 816 3558 unum
827 3492 967 3558 continet
979 3492 1120 3576 palmare
1131 3496 1291 3573 erratum,
1304 3494 1391 3577 quod
1404 3498 1488 3560 certe
1499 3494 1690 3580 Seraphicus

97 3600 208 3687 Doctor
224 3619 293 3664 non
309 3600 400 3666 dixit.
415 3600 475 3665 Ubi
490 3603 620 3679 Auctor,
636 3620 705 3684 csp.
721 3600 753 3679 l,
769 3602 808 3665 de
826 3600 1021 3664 indumentis
1038 3602 1122 3682 egit,
1137 3602 1254 3683 quibus
1269 3602 1373 3666 utitur
1389 3604 1603 3682 sacerdos‚·in
1620 3604 1690 3669 haec

100 3710 235 3793 erumpit
250 3710 403 3791 :siquis
417 3725 458 3775 eor
477 3708 743 3776 inindumentis
762 3705 1021 3790 periussionem
1041 3708 1172 3790 aliquid
1185 3711 1358 3790 omitteret,
1379 3712 1519 3794 praviter
1536 3718 1689 3792 peccaret.

100 3813 241 3881 Haeccine
254 3816 483 3881 Bonaventura
494 3817 594 3899 digna
606 3816 784 3881 sententiat
799 3816 871 3899 quis
883 3820 950 3880 tam
962 3815 1066 3896 rudis,
1081 3816 1137 3899 qui
1151 3818 1286 3895 nesciat,
1302 3835 1398 3882 omne
1410 3819 1451 3882 ab
1463 3818 1566 3884 invito
1582 3821 1692 3902 procul

100 3923 205 3989 obesse
218 3925 367 3989 lacinus?

859 4116 880 4207 ξ
902 4114 945 4183 Π.

434 4284 648 4378 supposititia
659 4237 882 4354 discutiuntur
894 4286 1021 4378 Scripta
1033 4285 1070 4355 in
1084 4284 1121 4355 S.
1138 4285 1355 4379 Scripturam.

351 4483 375 4548 l.
390 4484 594 4566 Principium
608 4484 640 4548 S.
659 4484 843 4566 scripture.
859 4483 924 4549 lnc.
943 4484 1090 4552 Ostendit
1105 4484 1188 4550 initi
1203 4486 1374 4563 Dominus,
1389 4489 1449 4550 etc.

144 4644 183 4711 ii
195 4645 348 4730 Opusculi
364 4645 465 4728 hujus
482 4646 595 4710 iaciem
612 4646 732 4710 intueri
753 4645 870 4729 possis,
884 4664 949 4710 non
964 4647 1025 4710 erit
1041 4646 1097 4710 abs
1116 4665 1167 4725 re,
1183 4646 1244 4710 hoc
1262 4665 1336 4710 cum
1350 4646 1483 4711 indubio
1496 4647 1697 4732 Breuiloquio

109 4755 262 4832 conferre,
277 4754 313 4817 in
327 4772 364 4817 ea
378 4754 518 4818 maxime
532 4757 635 4836 parte,
654 4754 688 4817 in
703 4772 767 4837 quo
780 4754 820 4818 de
833 4753 1018 4838 praestantia
1032 4754 1066 4819 S.
1083 4752 1257 4837 Scripturae
1271 4755 1393 4837 agitur.

265 4955 716 5041 eerrooemioureiitoquii.
1069 4958 1128 5023 Ec
1141 4959 1306 5041 principio
1322 4960 1354 5022 S.
1370 4958 1563 5042 Scriptura.

153 5104 287 5191 «Huius
306 5127 404 5173 sscrae
422 5108 593 5194 Scripturae
611 5109 677 5174 fine
694 5109 874 5192 concupito,
914 5174 917 5181 ,
976 5104 1061 5169 «Est
1074 5104 1705 5190 enimsacraeScripturaeiuoiiiupibiiis

80 5300 82 5305 ⁴
112 5218 142 5278 et
155 5215 290 5295 intento,
304 5219 336 5281 ei
348 5217 506 5300 principio
518 5216 637 5281 credito
651 5215 764 5296 simul,
779 5220 812 5281 et
824 5217 876 5282 in·
892 5278 894 5281 .
932 5214 1077 5293 altitudo,
1092 5220 1222 5299 propter
1232 5217 1453 5282 auctoritatem
1464 5217 1706 5285 inviolabilem:

113 5327 237 5405 uocato,
254 5323 411 5399 videndus
430 5328 478 5390 est
496 5341 702 5407 progressus,
718 5329 877 5406 quantum
933 5322 1200 5391 ineslousiibilis
1220 5325 1400 5409 pleniurdo,
1422 5330 1551 5410 propter
1568 5326 1706 5409 protun-

143 5450 236 5501 ¹lndec
249 5452 393 5516 Διιιονυιιι,
407 5464 486 5517 quem
496 5450 606 5516 prefixit
618 5451 745 5503 (lusorio
758 5449 844 5501 medio
857 5454 882 5501 et
894 5449 989 5515 infimo
1002 5449 1150 5513 latinitatis,
1165 5450 1215 5502 col.
1228 5454 1283 5503 ttl.
1292 5476 1324 5490 -
1338 5452 1422 5519 ’Pap
1436 5455 1494 5506 tot.
