4100 6300
648 489 745 560 DIST.
764 489 830 561 vll.
856 482 1006 573 QUAEST.
1029 491 1054 558 l.
1589 487 1644 556 iti

63 628 105 695 lta
126 629 221 714 posse
243 648 414 714 generare,
440 630 528 715 quod
548 631 713 696 manifesto
732 635 831 713 negat
885 647 976 714 posse
998 646 1170 712 generare,
1197 627 1314 704 Filium
1337 643 1429 710 posse
1451 613 1560 709 gigni,
1584 643 1651 690 ηοη

62 736 214 820 Magister
228 761 236 804 ε
249 738 468 821 ergodieitad
480 737 631 822 aliquid:
643 742 830 821 ergoetpo·
884 737 954 802 dieo
973 736 1061 802 aliud
1081 739 1114 801 et
1132 735 1221 801 aliud
1239 752 1351 818 posse,
1373 733 1427 799 sed
1448 732 1588 798 alterins.
1611 731 1651 797 Et

62 845 256 930 tentia,quae
271 848 351 913 inest
362 846 828 928 seeundumillamzergo,ete.
883 844 1071 928 hujusmodi
1095 843 1260 927 positionis
1287 842 1348 907 fuit
1373 840 1540 922 Magister,
1569 840 1651 904 sieut

884 952 1047 1018 evidenter
1059 953 1189 1035 apparet
1206 948 1241 1014 in
1258 949 1373 1014 littera.
1394 947 1484 1014 Unde
1500 948 1551 1012 isti
1566 948 1650 1012 diee-

336 1093 559 1165 CONGLUSIO·
883 1059 1074 1143 bant,quod
1088 1076 1180 1142 posse
1192 1075 1347 1140 generare
1358 1075 1426 1122 nou
1438 1059 1565 1121 tantum
1576 1055 1652 1120 dieit

884 1167 980 1251 quid,
994 1167 1156 1233 sedetiam
1168 1167 1347 1249 respectum
1360 1164 1405 1232 ad
1417 1164 1650 1248 aliquidquid

61 1259 501 1365 praedamnatorium
518 1255 660 1360 ‘Qum
677 1257 830 1330 ΨΜ
885 1280 932 1340 est
954 1275 1118 1340 essentiale
1140 1278 1279 1340 tractum
1304 1274 1344 1338 ad
1361 1291 1541 1357 personam.
1571 1273 1652 1338 Cum

96 1348 444 1496 ffltwffffiiffiuz
454 1347 618 1495 “gtffld'
638 1362 728 1405 ”m
741 1351 831 1406 mmm
884 1382 971 1447 enim
982 1400 1048 1447 non
1061 1383 1102 1447 sit
1109 1382 1302 1447 omnimodae
1312 1381 1540 1464 abstractionis,
1550 1383 1652 1464 potest

261 1455 296 1564 pu
445 1480 457 1512 '
579 1478 586 1491 ’
884 1490 925 1556 ad
941 1508 1111 1574 personam
1131 1489 1226 1555 trahi.
1246 1488 1286 1554 ut
1304 1489 1365 1553 ista
1381 1489 1494 1572 positio
1517 1489 1653 1554 satisest

19 1628 39 1659 a
100 1602 195 1687 lteop.
211 1603 251 1668 od
266 1603 347 1685 Arg.
369 1601 555 1680 limandum,
570 1601 753 1685 quodcirca
768 1603 831 1667 hoo
883 1594 1055 1677 probabilis
1074 1616 1082 1659 ι
1102 1597 1135 1660 et
1151 1593 1229 1659 satis
1249 1594 1332 1659 bene
1352 1592 1481 1658 videtur
1501 1592 1652 1658 sustineri

19 1708 26 1721 ‘
60 1709 227 1793 problema
245 1712 310 1774 tres
331 1710 462 1774 luerunt
481 1708 663 1792 positiones.
686 1707 831 1774 Fuerrmt
883 1720 985 1784 posse.
1378 1780 1380 1782 ¹

59 1817 195 1901 qnidam
217 1817 274 1900 qni
293 1816 508 1883 distinxerunt
531 1816 705 1900 potentiam
730 1834 830 1899 gene-
923 1808 1068 1875 Fuenmt
1094 1807 1190 1874 etiam
1215 1808 1301 1873 tertii
1329 1806 1566 1889 moderniores,
1594 1809 1650 1892 qni
1690 1817 1764 1890 tofta

58 1925 166 2006 randi,
180 1925 319 1990 dieentes
332 1925 417 2010 qnod
432 1924 572 2009 potentia
589 1925 763 2007 generandi
777 1943 831 2009 po·
883 1916 1055 1995 dixerunt,
1070 1915 1155 2000 quod
1168 1915 1309 1999 polenii&
1324 1915 1500 1997 generandi
1518 1914 1594 1981 dicii
1605 1916 1651 1983 ad
1664 1883 1750 1938 W

59 2035 121 2098 test
133 2032 197 2098 diei
214 2032 355 2116 potentia
374 2032 476 2114 nuda,
494 2032 548 2100 vel
563 2032 704 2116 potentia
723 2032 830 2116 dispo-
884 2023 1013 2107 dionis
1023 2025 1060 2088 in
1073 2022 1189 2089 divinis
1200 2024 1240 2089 de
1253 2041 1302 2103 se;
1316 2026 1349 2087 et
1364 2023 1448 2088 ratio
1460 2041 1574 2089 eorum
1587 2028 1649 2104 est,

59 2139 121 2204 sita
136 2163 145 2205 :
160 2140 187 2204 si
200 2139 323 2205 dicatur
333 2140 472 2224 potentia
482 2140 586 2218 nuda,
602 2141 646 2204 sie
656 2140 831 2205 voluerunt
884 2132 1038 2216 quoniam
1044 2130 1184 2215 potentie
1195 2129 1500 2196 dieithabitudinem
1511 2130 1651 2214 origina-

59 2247 162 2331 aliqui
174 2247 288 2329 dicere,
301 2249 387 2332 quod
398 2247 473 2313 dieit
484 2247 577 2332 quid,
591 2248 667 2312 etin
680 2249 830 2313 omnibus
883 2239 923 2304 lis
943 2239 1094 2324 principii
1110 2239 1151 2304 sd
1167 2238 1394 2323 plincipistum
1409 2259 1417 2302 t
1433 2240 1481 2318 ei,
1497 2240 1651 2322 quoniam

58 2356 207 2440 personia
218 2359 276 2435 ost,
292 2355 524 2439 quoniamhaeo
537 2355 677 2440 potentia
688 2356 735 2421 sio
746 2356 830 2422 diota
883 2348 1036 2413 habitudo
1049 2349 1152 2430 petest
1171 2364 1239 2411 esse
1257 2363 1402 2430 personae
1423 2344 1463 2411 ad
1481 2365 1652 2430 personam

59 2463 270 2548 consequitur
280 2468 440 2529 naturam.
456 2463 556 2543 Unde,
572 2483 647 2529 eum
660 2466 777 2529 natura
789 2465 831 2528 sit
885 2458 926 2537 (et
937 2459 1013 2521 ωηο
1024 2473 1101 2520 vere
1113 2457 1162 2519 est
1172 2452 1352 2536 habitudo),
1362 2454 1548 2519 etessentiee
1560 2454 1597 2539 (bl
1609 2455 1650 2520 ad

58 2571 93 2635 in
118 2570 264 2655 qualibet
282 2588 435 2654 persona,
461 2571 608 2636 similiter
633 2574 664 2636 et
690 2572 830 2654 potentia
883 2561 1652 2642 ereaturam,ettuneseeundummodumdieendi

58 2677 260 2761 hujusmodi.
275 2676 459 2744 Secundum
472 2682 580 2744 autem
592 2679 678 2761 quod
688 2678 764 2743 dieii
775 2696 829 2760 po
882 2671 952 2736 sive
964 2670 1165 2753 intelligendi
1169 2688 1181 2753 ;
1197 2670 1274 2734 hine
1287 2668 1429 2752 estquod
1442 2668 1649 2753 principium,

58 2785 194 2850 tentiam
207 2784 402 2869 dispositam,
417 2785 493 2870 quia
505 2804 573 2851 ηοη
585 2786 683 2852 habet
696 2786 830 2869 disposi-
881 2778 922 2843 de
947 2779 1000 2843 sui
1021 2780 1165 2857 ratione,
1186 2795 1254 2843 noa
1272 2780 1399 2842 tantum
1420 2781 1467 2842 est
1485 2778 1651 2843 essentiale

57 2887 566 2967 tionemneceonvenientiam,ut
575 2890 668 2954 exeat
677 2889 712 2953 in
720 2890 829 2952 aetum
881 2886 1123 2970 appropriatum
1147 2903 1205 2969 per
1228 2884 1441 2963 additionem,
1465 2883 1531 2949 imo
1553 2883 1651 2949 etiam

56 2994 288 3078 generationis,
301 2994 362 3059 nisi
375 2995 410 3059 in
421 2994 489 3060 sola
500 3013 636 3079 persona
645 2995 756 3077 Patris,
769 3013 827 3060 ro·
882 2993 957 3059 dieit
969 2995 1136 3078 proprium
1150 3011 1306 3077 persone.
1327 2991 1400 3058 Pari
1414 2991 1555 3073 ratione,
1574 3011 1650 3059 eum

55 3103 192 3169 luerunt
207 3104 329 3182 dmere,
348 3104 433 3188 quod
448 3104 524 3170 dicit
542 3103 589 3173 ad
604 3102 744 3188 aliquid.
766 3100 829 3169 Sed
881 3101 1021 3185 potentia
1031 3100 1113 3167 dieat
1125 3099 1316 3184 originalem
1328 3099 1548 3166 habitudinem
1563 3123 1570 3166 :
1583 3118 1650 3167 ηοη

55 3212 156 3277 verba
163 3210 259 3276 istius
266 3210 431 3295 positionis
440 3231 506 3278 non
513 3213 664 3279 videntur
672 3229 760 3288 vere,
769 3228 828 3275 nee
880 3212 1007 3275 tantum
1019 3209 1225 3275 essentialiter
1238 3209 1368 3287 dieitur,
1385 3209 1439 3276 vel
1453 3209 1592 3275 trahitur
1609 3210 1650 3276 ad

55 3338 146 3386 sana.
165 3318 257 3397 Non,
276 3318 428 3402 inquam,
449 3338 542 3397 vera,
559 3319 712 3403 quoniam
735 3321 828 3401 eujus
880 3335 1065 3401 personam,
1085 3320 1122 3382 ut
1138 3316 1221 3382 dieat
1235 3316 1403 3381 assentiam
1423 3316 1646 3407 personaliter;

54 3426 202 3509 potentia
215 3431 262 3491 est
276 3427 380 3508 nuda,
395 3431 471 3492 nata
487 3431 535 3491 est
546 3426 667 3510 pariter
678 3425 828 3510 disposita
880 3425 946 3490 imo
959 3425 1034 3492 dioit
1046 3424 1230 3509 propriam,
1246 3427 1277 3488 et
1289 3424 1334 3488 ita
1344 3422 1390 3490 ad
1403 3423 1532 3507 aliquid
1547 3425 1646 3491 dese.

55 3552 143 3599 esse:
158 3535 188 3599 si
203 3552 282 3615 ergo
295 3533 394 3599 trium
408 3537 455 3598 est
472 3534 615 3617 potentia
632 3533 824 3615 generandi,
880 3531 919 3596 lit
930 3532 1043 3617 positio
1063 3533 1123 3597 ista
1144 3533 1213 3597 sine
1230 3531 1415 3616 praejudieio
1428 3531 1556 3597 videtur
1569 3551 1647 3616 pro·
1752 3598 1753 3601 ,

54 3646 149 3707 ntert
162 3640 306 3725 potentia
314 3640 413 3721 nuda,
423 3639 570 3704 similiter
580 3644 612 3705 et
624 3640 785 3723 disposite,
795 3644 828 3707 et
880 3640 1024 3706 habilior.
1049 3640 1132 3705 Nam
1151 3639 1292 3723 potentia
1311 3640 1488 3721 generandi
1506 3658 1573 3706 ηοη
1596 3642 1647 3709 ri·

55 3749 99 3815 ita
113 3748 271 3833 quaehoet
283 3752 389 3830 posset
405 3765 571 3829 generare.
587 3746 744 3813 Praeterea
759 3767 826 3813 non
880 3748 974 3825 detur
999 3749 1103 3815 dicere
1127 3748 1191 3813 nisi
1214 3747 1451 3817 ioecunditatem
1475 3748 1648 3816 adactum

55 3858 212 3923 ridentur
227 3855 268 3939 (a)
286 3872 387 3920 sana:
409 3873 528 3938 ponere
546 3855 633 3920 enim
651 3856 827 3938 potentiam
880 3857 1111 3937 generationis,
1125 3860 1157 3921 et
1170 3856 1225 3921 illa
1237 3858 1284 3923 est
1297 3858 1464 3940 proprium
1479 3875 1645 3941 personae:

55 3963 178 4029 nudam
191 3979 269 4046 qnae
279 3961 424 4028 similiter
432 3980 466 4026 se
476 3962 574 4041 habet
585 3962 625 4027 ad
638 3981 706 4027 esse
719 3967 750 4028 et
760 3982 827 4028 ηοη
879 3963 966 4028 unde
979 3963 1125 4028 similiter
1143 3966 1176 4028 et
1189 3964 1341 4046 potentia.
1354 3963 1419 4029 Nec
1432 3968 1480 4030 est
1493 3966 1596 4031 simile
1608 3966 1648 4032 de

55 4090 140 4151 esse,
156 4072 306 4153 respectu
326 4069 556 4151 generationis,
575 4087 673 4153 quam
694 4071 827 4136 omnino
877 4086 970 4155 pesse
983 4075 1016 4137 et
1028 4087 1111 4153 ease,
1124 4071 1187 4136 nisi
1199 4071 1384 4137 unomodo.
1396 4072 1464 4139 Hoe
1476 4072 1649 4142 enimver-

53 4177 276 4244 neeessarium
296 4181 344 4241 est
361 4194 443 4254 esse,
458 4194 525 4241 uon
538 4176 665 4242 videtur
677 4196 753 4244 sane
766 4179 827 4243 dio·
879 4179 977 4261 bum,
992 4183 1057 4260 est,
1072 4179 1243 4263 aliquando
1257 4198 1359 4263 perse
1371 4181 1573 4264 praediestm,
1588 4183 1648 4248 ali-

53 4289 126 4350 tum
139 4303 232 4362 esse,
249 4284 317 4351 sive
337 4283 475 4367 proprie.
879 4285 1211 4371 quaudoesttertium
1222 4288 1381 4371 addacem
1396 4288 1530 4368 Quando
1543 4309 1648 4375 perse

19 4424 32 4455 ο
93 4393 247 4458 Fuerunt
269 4392 366 4457 etiam
389 4391 442 4456 alii
465 4389 522 4474 qui
546 4391 697 4457 dixerunt
721 4394 823 4476 quod,
879 4395 1012 4473 dieitur,
1031 4398 1110 4459 tune
1128 4394 1205 4460 dieit
1219 4398 1326 4460 aetum
1345 4396 1545 4478 absolutum,
1570 4400 1648 4485 quia

52 4520 129 4566 eum
141 4502 181 4565 in
193 4498 313 4566 didas
324 4498 458 4564 sitidem
472 4516 563 4581 posse
574 4503 608 4564 et
620 4517 704 4578 esse,
719 4503 752 4565 et
767 4518 827 4583 ρο-
879 4501 955 4567 dicit
966 4505 1074 4567 aetum
1089 4502 1170 4567 entis
1189 4502 1312 4569 ratione
1333 4505 1477 4571 aasentias
1493 4527 1501 4572 ε
1519 4510 1550 4572 et
1568 4513 1647 4574 tune

52 4610 153 4675 tentia
168 4613 204 4674 et
216 4606 367 4685 essentia,
386 4607 472 4690 quod
484 4607 754 4690 quemadmodum
765 4626 827 4693 ρο-
879 4613 1020 4693 oportet¹
1032 4610 1118 4693 quod
1127 4610 1251 4676 dicetur
1262 4610 1417 4695 absolute,
1431 4614 1557 4698 etquod
1563 4614 1647 4682 dieat

52 4716 153 4783 tentia
165 4720 200 4781 et
213 4715 351 4779 essentia
362 4713 473 4779 dieunt
485 4713 584 4797 puid,
600 4714 744 4780 similiter
759 4733 827 4782 esse
880 4717 975 4801 puid-
989 4715 1122 4795 Quando
1134 4736 1212 4784 vero
1226 4722 1273 4784 est
1285 4720 1418 4786 tertium
1431 4721 1593 4806 edJaoens,
1608 4729 1647 4791 ut

52 4828 84 4890 et
96 4842 202 4907 posse.
215 4820 256 4887 Et
264 4821 547 4906 quemadmodum,
559 4839 633 4887 eum
642 4821 711 4887 diro
723 4840 828 4889 essen·
880 4824 1011 4909 quando
1021 4824 1147 4907 dieitur,
1164 4825 1285 4892 «Pater
1295 4832 1343 4893 est
1352 4832 1479 4911 patena
1494 4833 1572 4896 tune
1583 4832 1647 4897 hoe

52 4932 132 4997 tiam
153 4930 281 5009 Patris,
301 4932 333 4994 et
347 4930 518 4997 essentiam
531 4928 622 5010 Filii,
643 4932 675 4994 et
691 4929 827 5014 Spiritus
880 4934 1029 5011 verbum,
1044 4938 1102 5014 est,
1114 4934 1190 5000 dicit
1199 4935 1420 5002 habitudinem
1432 4937 1646 5021 praedieatiad

54 5040 173 5120 saneti;
189 5037 260 5104 sive
280 5057 348 5105 esse
365 5036 508 5121 Patrem,
529 5038 597 5105 sive
614 5056 682 5103 esse
695 5037 825 5119 Filium,
880 5043 1072 5126 subjeetum.
1084 5042 1286 5125 thuoniam
1297 5045 1512 5129 potestdioere
1520 5046 1648 5116 habitu.

54 5148 122 5214 sive
133 5165 208 5212 esse
222 5145 377 5230 Spiritum
395 5150 556 5226 sanetum
569 5164 636 5211 ηοη
648 5146 719 5213 dieo
731 5147 827 5213 aliam
880 5151 988 5216 dinem
1001 5150 1042 5215 ad
1054 5150 1264 5234 praedlratum
1278 5154 1458 5237 essentiale,
1473 5154 1522 5222 rel
1534 5172 1646 5241 perso-

54 5255 229 5321 sssentiam
247 5272 306 5319 nee
323 5253 410 5319 aliud
421 5271 507 5334 esse,
526 5253 582 5319 sed
595 5253 724 5319 alterius
739 5278 747 5320 ι
763 5256 825 5338 ita,
880 5259 970 5341 nale3
989 5259 1061 5323 ideo
1081 5262 1183 5342 potest
1203 5256 1307 5325 disere
1328 5280 1396 5328 esse
1414 5265 1599 5349 essentiale,
1616 5272 1648 5335 et

55 5362 187 5447 quando
201 5360 275 5427 dieo
289 5361 462 5445 potentiam
480 5359 599 5440 Patris,
620 5360 688 5427 sive
701 5360 827 5429 Patrem
881 5367 1014 5433 modum
1028 5367 1152 5433 essenffl
1173 5369 1383 5451 personalem.
1405 5371 1499 5439 Posse
1516 5379 1645 5458 autem,

88 5486 199 5552 ¹A1r'st„
212 5484 247 5537 de
261 5486 403 5553 interpret„
414 5487 459 5540 lib.
475 5488 513 5552 ll,
526 5500 552 5538 e.
564 5498 583 5539 r.
915 5489 948 5557 (a)
962 5490 1032 5545 Edit.
1046 5490 1104 5545 Ver.
1113 5492 1222 5547 ridetur.
1232 5494 1305 5562 -(b]
1317 5497 1411 5566 supple
1423 5498 1526 5552 divinas.
