4100 6300
505 534 798 603 ulsT1NdT.v111.
820 535 937 600 PART.
959 535 985 599 l.
1006 533 1099 599 ART.
1119 533 1144 598 l.
1168 531 1319 610 QUAEST.
1342 533 1381 598 ll.
1684 540 1743 601 {lo

181 673 213 735 d.
228 670 308 736 Item
317 688 441 755 quaero,
451 670 530 756 quid
544 674 593 736 est
603 671 721 753 dicere,
736 670 838 736 Deum
847 690 914 737 non
968 670 1057 735 mine
1086 668 1343 748 comprehendi3
1377 668 1422 733 ite
1445 686 1633 751 nunquam,
1666 670 1744 752 quio

137 796 232 862 posse
254 778 388 860 cogitari
410 797 477 844 non
493 780 584 844 esse?
599 778 723 864 Siquis
734 797 801 844 non
812 781 915 863 potest
968 782 1061 855 esset,
1078 780 1201 861 poteret
1214 776 1370 859 ignorari.
1385 775 1494 853 »Quis
1505 794 1585 858 ergo
1601 776 1743 842 intellec-

138 874 248 968 eliqno
264 884 359 950 modo
373 885 524 968 cogitari,
541 904 601 951 nec
620 905 717 965 vere,
740 905 800 952 nec
822 887 910 968 lslse,
967 890 1020 950 tus
1041 890 1150 951 noster
1174 902 1345 967 nunquam
1372 883 1478 949 deficit
1499 883 1536 948 in
1560 884 1743 967 cognitione

136 992 218 1058 illud
238 995 287 1057 est
306 993 474 1058 manifeste
492 993 620 1059 falsum.
635 994 668 1059 Si
682 994 837 1078 quianon
850 1014 911 1079 po-
966 993 1021 1059 Dei
1037 994 1064 1057 si
1078 998 1144 1071 est,
1166 992 1237 1057 ideo
1257 1010 1316 1057 nec
1339 995 1441 1075 potest
1462 993 1615 1073 ignorare
1633 992 1742 1076 ipsum
1766 999 1770 1007 ’

134 1103 200 1165 test
212 1117 306 1180 vere,
321 1101 466 1166 similiter
482 1119 543 1166 nee
562 1102 763 1189 enims,nec
780 1102 909 1182 coelum,
966 1119 1052 1181 esse,
1076 1099 1223 1164 similiter
1239 1117 1306 1164 non
1322 1099 1464 1181 cogitare
1477 1117 1544 1163 non
1556 1118 1635 1165 esse.
1659 1099 1742 1177 Quis

134 1213 170 1272 et
182 1212 297 1281 caetere
309 1207 509 1291 hujusmodi.
625 1250 627 1255 -
965 1226 1043 1272 vero
1056 1207 1404 1290 delicitincognitione
1418 1207 1498 1290 quid
1516 1211 1575 1283 est,
1591 1206 1663 1273 ideo
1676 1209 1741 1273 tre-

178 1320 209 1379 6.
223 1315 320 1396 Item,
336 1317 423 1400 quod
442 1317 601 1400 contingit
614 1318 814 1402 exprimere,
829 1335 910 1382 oon-
964 1318 1101 1398 quenter
1113 1315 1233 1397 cogitet
1246 1313 1348 1379 Deum
1362 1333 1430 1380 csse
1443 1313 1529 1398 quod
1541 1332 1608 1378 non
1624 1320 1682 1394 est,
1696 1315 1739 1379 si·

132 1422 233 1504 tingit
256 1428 288 1488 et
308 1425 450 1506 cogitare
468 1448 476 1491 ε
492 1425 547 1491 sed
560 1426 717 1509 contingit
729 1426 910 1510 exprimere
964 1427 1018 1487 out
1044 1422 1186 1499 idolum,
1203 1422 1257 1489 vel
1280 1441 1348 1487 non
1371 1441 1439 1487 esse
1458 1422 1545 1505 quod
1567 1424 1634 1502 est,
1657 1422 1740 1488 sicut

135 1529 286 1595 divinum
309 1532 385 1597 Esse
401 1552 468 1598 non
490 1552 559 1599 esse
575 1557 582 1600 :
598 1553 678 1617 ergo
700 1538 732 1600 et
753 1536 908 1619 cogitare.
964 1529 1065 1596 Deum
1077 1549 1144 1596 non
1154 1533 1301 1614 justum:
1314 1528 1738 1613 etquiaquicogitetlleum

107 1632 114 1639 ’
137 1636 231 1716 Quod
251 1640 435 1722 continget,
448 1642 510 1706 hoc
528 1646 630 1726 petet,
642 1661 717 1708 cum
734 1643 853 1709 dicitur
873 1644 908 1709 in
963 1659 1030 1706 non
1043 1660 1111 1707 esse
1124 1640 1211 1725 quod
1223 1644 1292 1721 est,
1306 1644 1423 1706 utnon
1435 1642 1572 1724 justum,
1588 1659 1646 1724 per
1659 1660 1737 1706 con·
1759 1664 1857 1772 εἶξαι.

133 1745 286 1829 speciali:
304 1747 417 1812 «Deus
437 1767 505 1813 non
525 1754 591 1827 est3
610 1754 671 1815 set
683 1751 718 1815 in
736 1752 905 1834 generali:
939 1793 940 1796 =
962 1767 1100 1832 sequens
1117 1749 1237 1830 cogitet
1253 1749 1361 1831 ipsum
1380 1766 1447 1813 non
1471 1767 1559 1829 esse;
1574 1749 1665 1830 ideo,
1680 1768 1736 1815 ra·
1760 1739 1804 1834 29,
1823 1742 1848 1772 ‘¹'

138 1851 257 1918 «Nihil
268 1858 315 1919 est
326 1875 336 1935 3
348 1876 365 1916 o
378 1858 411 1921 et
422 1855 632 1940 quodnsutrs
645 1859 780 1924 istorum
793 1860 907 1926 inferet
961 1858 1048 1922 tione
1062 1858 1203 1922 deiectus
1222 1856 1419 1936 intellectus,
1434 1855 1517 1921 Deus
1530 1861 1632 1942 potest
1645 1859 1736 1941 cogi-

133 1959 237 2025 Deum
250 1980 330 2043 esse,
342 1966 439 2045 putet,
453 1963 531 2047 quie
543 1966 724 2050 oppositum
734 1985 800 2032 non
811 1969 908 2033 infert
960 1966 1021 2030 teri
1035 1983 1101 2030 non
1115 1983 1202 2045 esse,
1217 1965 1286 2031 sive
1309 1983 1438 2030 summa
1456 1965 1592 2043 veritus,
1607 1984 1675 2031 non
1691 1970 1737 2031 le·

132 2069 338 2152 oppositum3
362 2076 394 2136 et
418 2072 504 2155 quod
524 2072 606 2137 nihil
624 2075 715 2157 ponit
743 2077 797 2155 (o),
824 2076 906 2141 nihil
961 2092 1037 2138 men
1059 2073 1267 2157 simpliciter,
1288 2073 1357 2139 sive
1378 2073 1591 2156 generaliter,
1613 2074 1669 2139 sed
1694 2092 1737 2140 ex

132 2174 231 2241 interl
246 2198 254 2241 :
269 2178 420 2261 quaelibet
433 2184 543 2245 eutem
559 2180 694 2246 uterum
707 2182 789 2247 nihil
802 2184 904 2268 ponit.
960 2182 1187 2265 consequenti,
1209 2181 1292 2247 sicut
1311 2182 1368 2265 qui
1389 2184 1488 2264 neget
1505 2181 1736 2247 beatitudinem

958 2288 1162 2368 esseinlieo,
1175 2291 1449 2371 negeteemessc.
1463 2288 1531 2354 Hoc
1543 2292 1654 2354 summ
1667 2307 1736 2355 mo·

404 2413 630 2483 coNfflJfflo,
959 2401 1001 2465 do
1016 2401 1194 2484 procedunt
1214 2400 1356 2466 rationes
1375 2402 1548 2485 probantes
1568 2401 1655 2485 quod
1674 2402 1735 2467 ali-

131 2572 216 2628 mum
229 2583 283 2628 eoo
295 2570 524 2643 etruscorum,
539 2571 612 2643 quod
622 2586 677 2629 non
687 2574 778 2646 poem
788 2576 906 2646 sopitas
959 2508 1384 2681 ffifflffloffit'
1397 2510 1451 2578 vel
1463 2509 1597 2592 mari
1617 2511 1732 2593 νοω)

451 2675 585 2718 norece
1356 2664 1365 2681 ·

498 2759 501 2763 ·
998 2724 1072 2790 Alio
1083 2724 1178 2790 modo
1189 2728 1293 2808 potest
1303 2722 1438 2807 cogitari
1449 2722 1572 2807 aliquid
1583 2741 1733 2791 nonesse

173 2827 268 2911 llesp.
283 2826 417 2910 edArg.
432 2827 710 2912 liicendum'quod
723 2829 905 2914 sliquidco-
958 2835 1089 2915 propter
1114 2832 1273 2898 delectum
1296 2851 1316 2898 a
1339 2834 1429 2916 perte
1452 2831 1679 2913 intelligibilis,
1700 2837 1732 2900 et

130 2937 237 3019 gitere
258 2954 324 3001 non
344 2953 432 3016 esse,
447 2940 495 3001 est
511 2937 680 3021 dupliciter
695 2960 703 3002 :
720 2940 777 3002 sut
799 2939 834 3002 in
851 2958 903 3004 re·
958 2940 1145 3022 hujusmodi
1164 2940 1305 3005 deiectus
1324 2944 1428 3024 potest
1446 2956 1514 3004 esse
1530 2939 1697 3022 dupliciter
1719 2960 1730 3007 z

130 3044 219 3109 tione
231 3044 318 3122 falsi,
332 3044 415 3108 sicut
428 3045 535 3126 cogito
548 3044 587 3110 de
599 3045 685 3109 hec:
705 3045 837 3111 «Homo
857 3023 905 3111 est
958 3051 1015 3111 sut
1035 3047 1175 3112 deiectus
1196 3048 1393 3132 praesentiae3
1418 3051 1476 3113 eut
1496 3047 1637 3112 deiectus
1660 3049 1732 3115 evi-

130 3153 263 3230 ssinus;
290 3175 307 3213 s
336 3153 451 3218 etheo
477 3154 617 3235 cogitare
637 3154 722 3218 nihil
744 3154 831 3220 eliud
857 3159 905 3220 est
958 3155 1086 3221 dentiae.
1121 3155 1266 3221 Deiectus
1287 3155 1482 3240 praesentiae,
1509 3159 1633 3240 utpote,
1654 3156 1732 3241 quis
1787 3142 1789 3152 ¹

129 3278 250 3344 qiam,
272 3260 350 3344 quid
370 3263 418 3325 est
438 3260 525 3345 quod
547 3261 680 3342 dicitur,
703 3261 901 3344 intelligere:
957 3281 1023 3327 non
1046 3282 1182 3347 semper,
1207 3264 1285 3348 quia
1306 3283 1374 3329 non
1397 3264 1535 3347 ubique;
1556 3268 1614 3329 aut
1635 3265 1729 3347 quie,

130 3369 193 3433 hoc
217 3367 312 3434 modo
334 3372 438 3452 potest
458 3369 592 3451 eogitari
613 3388 681 3435 non
700 3388 768 3435 esse
784 3371 904 3438 veritas
957 3371 1108 3452 quumvis
1122 3390 1249 3455 semper
1267 3374 1300 3437 et
1316 3371 1452 3455 ubique,
1469 3390 1537 3437 non
1549 3372 1671 3455 ubique
1685 3376 1732 3438 to-

130 3475 329 3542 divisisse.
956 3478 1072 3543 taliter.
1087 3479 1168 3557 Quis
1180 3497 1247 3544 non
1258 3497 1385 3563 semper
1403 3479 1656 3563 est,sliqusndo
1670 3484 1729 3560 est,

45 3606 65 3649 s
171 3583 351 3650 Aliomodo
364 3582 563 3665 estcogitere
576 3603 651 3651 cum
664 3603 806 3667 assensu,
822 3587 904 3653 sicut
957 3585 1128 3669 aliquando
1138 3585 1348 3652 non:etideo
1359 3585 1532 3670 aliquando
1542 3605 1618 3653 vere
1628 3590 1731 3671 potest

13 3683 65 3776 ξζζῗ
76 3681 105 3711 '¹‘
129 3690 237 3773 cogito
255 3690 373 3774 aliquid
395 3708 462 3756 non
477 3709 556 3768 esse,
577 3696 609 3756 et
620 3693 714 3758 credo
725 3712 792 3757 non
804 3713 872 3759 esse
892 3717 900 3760 ε
952 3695 1092 3777 cogitari
1103 3713 1171 3761 non
1189 3713 1269 3761 esse.
1283 3694 1438 3761 Similiter
1456 3695 1496 3761 de
1508 3714 1548 3761 eo
1563 3694 1649 3779 quod
1656 3675 1730 3761 'non

129 3804 162 3862 et
176 3798 238 3862 hoc
250 3799 345 3864 modo
362 3798 483 3881 aliquid
496 3800 639 3881 cogitare
656 3818 724 3874 non
737 3802 903 3885 essequod
955 3805 1004 3867 est
1019 3803 1159 3886 ubique,
1173 3803 1251 3888 quie
1269 3802 1380 3868 eedem
1396 3803 1521 3868 ratione
1540 3821 1606 3886 qua
1627 3807 1730 3886 potest

130 3909 200 3986 est,
222 3909 324 3990 potest
344 3905 457 3970 venire
477 3909 533 3970 aut
563 3925 605 3971 ex
631 3907 756 3972 deiectu
782 3909 903 3975 intelli·
955 3910 1090 3990 cogitari
1110 3928 1177 3975 non
1203 3927 1270 3975 esse
1294 3909 1361 3990 hic,
1383 3912 1486 3993 potest
1506 3909 1641 3992 cogitari
1661 3927 1729 3975 non

129 4013 262 4096 gentis,
289 4017 346 4078 sut
369 4031 411 4078 ex
434 4001 561 4078 deiectu
587 4014 809 4097 intelligibilis.
838 4017 902 4082 lle-
956 4035 1024 4081 esse
1041 4017 1129 4082 alibi.
1154 4016 1306 4084 Similiter
1324 4018 1365 4084 de
1387 4037 1425 4083 eo
1446 4017 1530 4102 quod
1549 4017 1727 4082 secundum
1769 4051 1843 4097 M,

128 4119 230 4184 lectus
256 4124 364 4184 sutem
386 4119 593 4202 intelligentis
621 4127 668 4187 est
696 4125 819 4189 caecitos
849 4127 902 4192 vel
956 4128 1081 4207 purtem
1089 4125 1188 4207 adest,
1203 4126 1382 4192 secundum
1393 4130 1517 4211 partem
1529 4126 1626 4192 abest.
1644 4124 1727 4191 Deus
1750 4116 1848 4221 3⁰2¹ssss

128 4227 333 4310 ignorantia,
359 4227 401 4291 oh
428 4246 547 4311 quom,
571 4228 649 4313 quie
672 4229 900 4313 ignoratum,
956 4235 1066 4297 sutem
1085 4237 1133 4297 est
1151 4252 1278 4317 semper
1291 4235 1476 4318 elabique,
1492 4238 1726 4299 ettonis-sem·
1750 4239 1841 4285 mione·

128 4334 202 4400 ideo
215 4335 334 4418 cogitet
345 4334 448 4418 ipsum
461 4353 527 4400 non
539 4353 618 4401 esse.
630 4335 785 4403 Convenit
793 4344 903 4406 eutem
956 4346 1068 4424 peret
1099 4341 1222 4424 ubique
1246 4341 1349 4407 :ideo
1374 4361 1442 4408 non
1464 4345 1567 4425 potest
1582 4343 1727 4425 cogitari

128 4442 296 4526 dupliciter
315 4461 384 4508 esse
405 4442 632 4526 cogitationem
647 4444 685 4510 de
696 4446 806 4529 aliquo
817 4452 901 4530 ente,
955 4466 1022 4513 non
1033 4467 1111 4514 esse.
1128 4448 1217 4513 Hanc
1230 4450 1387 4515 rationem
1400 4449 1543 4533 assignet
1555 4450 1728 4516 Anselmus

129 4550 275 4615 videlicet
296 4550 323 4614 si
343 4555 412 4628 est,
433 4554 465 4615 et
482 4549 560 4634 quid
574 4555 631 4616 est.
650 4551 830 4618 Intellectus
842 4575 903 4622 su·
955 4555 991 4619 in
1004 4555 1087 4621 libro
1100 4557 1220 4624 Contra
1233 4559 1463 4642 insipientem·
1480 4580 1488 4624 :
1505 4556 1604 4622 «Non
1624 4558 1729 4624 solum

128 4661 194 4723 tem
216 4662 324 4724 noster
342 4658 449 4723 deficit
460 4658 495 4722 in
506 4659 699 4741 cogitatione
712 4660 833 4729 divinae
848 4681 903 4730 ve-
956 4668 1087 4747 propter
1104 4664 1262 4730 deiectum
1274 4665 1466 4750 praeseniiae,
1479 4668 1583 4749 potest
1592 4664 1729 4748 cogitari

128 4765 249 4843 rium,
264 4768 425 4848 quantum
446 4766 488 4830 ad
508 4767 725 4848 cognitionem
745 4770 822 4854 quid
836 4775 900 4855 est3
956 4770 1080 4856 aliquid
1093 4790 1160 4837 non
1178 4791 1265 4855 esse;
1289 4773 1460 4839 sedetiam
1479 4773 1730 4858 propterdeiec-

129 4877 238 4939 temen
249 4891 316 4937 non
326 4871 432 4936 deficit
444 4875 665 4955 quantumied
685 4877 901 4959 cognitionem
956 4883 1029 4944 tum
1043 4880 1229 4959 evidentis,
1251 4881 1328 4964 quis
1339 4899 1407 4945 non
1425 4885 1473 4946 est
1486 4881 1617 4947 evidens
1630 4882 1666 4947 in
1678 4900 1728 4963 se,

129 4979 157 5045 si
169 4985 228 5046 est.
244 4978 333 5045 Unde
344 4978 459 5062 Hugo¹
475 5002 484 5045 ι
502 5003 518 5043 s
533 4980 617 5046 Deus
629 4982 670 5047 ab
683 4983 775 5049 initio
786 4985 833 5051 sic
845 5006 903 5053 co-
957 5006 1017 5052 nec
1030 4991 1078 5053 eet
1087 4989 1219 5055 evidens
1231 4990 1267 5055 in
1278 4989 1454 5074 probando.
1465 4988 1528 5055 Sed
1540 4989 1641 5056 divini
1654 4989 1731 5056 Esse

129 5086 308 5170 Snffifflfflm
322 5105 414 5153 mm
429 5088 464 5152 5¹¹
477 5088 610 5155 hOmiflfl
631 5093 838 5174 imperavit,
853 5099 901 5177 ut,
957 5106 1075 5170 veritas
1085 5105 1273 5172 estevidens
1285 5111 1317 5171 et
1327 5106 1363 5170 in
1373 5124 1419 5186 se,
1430 5108 1463 5171 et
1472 5106 1507 5170 in
1517 5106 1682 5189 probando
1693 5106 1727 5171 ⁸:

129 5194 212 5259 sicut
224 5213 397 5278 nunquam
407 5243 417 5274 ,
431 5196 510 5280 quid
529 5201 630 5275 esset,
644 5202 768 5281 poteret
783 5202 824 5266 ab
845 5203 904 5267 ho·
956 5213 991 5277 in
1009 5231 1062 5290 ss,
1085 5213 1162 5296 quia
1177 5213 1259 5278 sicut
1271 5213 1430 5297 principis
1450 5212 1675 5296 cognoscimus
1694 5213 1730 5278 in

164 5357 251 5420 eflug,
271 5356 303 5406 de
318 5356 346 5407 s,
358 5355 435 5420 pict„
448 5356 479 5406 d,
493 5357 617 5419 gamm„
635 5357 680 5410 fib·
695 5360 722 5422 1,
736 5374 763 5425 p·
775 5363 826 5428 m,
846 5379 870 5416 c·
882 5379 901 5418 1.
957 5343 998 5389 est
1015 5338 1171 5402 concipienti
1190 5339 1317 5390 terminos
1335 5338 1383 5390 sub
1397 5337 1540 5390 rationibus
1557 5337 1682 5403 propriis,
1702 5340 1731 5389 nt

129 5428 180 5466 ..s
190 5426 316 5491 Anselm,
330 5427 402 5478 dont.
414 5429 502 5494 incip„
515 5428 543 5479 in
556 5429 708 5495 princip·
720 5431 797 5494 cnop
811 5449 903 5489 „mm
957 5412 1027 5533 ἕξω
1037 5409 1107 5533 (Vi1d.
1117 5411 1343 5513 Scot.,diet.11,q.
1353 5422 1387 5474 υς
1399 5409 1530 5495 llichsrd,
1540 5410 1599 5495 dist
1610 5422 1650 5495 ur,
1660 5420 1729 5494 4133

163 5536 197 5601 tal
211 5534 285 5588 scre.
301 5533 359 5587 ten.
377 5537 436 5590 ner
449 5535 517 5590 deest
526 5537 590 5589 nisu
604 5538 686 5603 ponit.
958 5495 1061 5620 p-,ffigg
1073 5496 1188 5622 affl:
1201 5485 1379 5611 3333&
1389 5487 1476 5536 sutem
1489 5498 1512 5535 ⁸¹
1524 5488 1629 5537 termus
1641 5496 1729 5536 0⁰¹1ss-
