4100 6300
681 484 905 554 ENCYCLlCAE
924 480 1115 557 Lll'lEltAE.
1662 509 1697 555 χι

108 616 294 706 theologica
307 619 472 691 facultatis
485 622 672 712 magisterio
689 623 935 712 excelluerunt,
958 624 1166 712 habendum,
1182 647 1220 693 ac
1232 625 1458 695 venerandum
1470 647 1538 695 esse
1552 625 1697 694 decerni-

107 773 189 837 mus,
202 758 236 820 et
247 752 471 843 declaramns3
487 764 586 849 atque
599 758 641 825 oh
651 780 722 826 eam
731 780 864 827 causam
878 766 1047 850 sperantes
1060 759 1095 826 in
1109 759 1250 828 Domino
1262 760 1363 852 hujus
1376 760 1536 853 seraphici
1550 760 1699 829 Doctoris

106 887 348 957 lucubrationes
361 890 401 959 ad
414 890 608 978 doctrinam,
620 901 653 961 et
665 893 885 978 devotionem,
897 915 997 983 quarn
1008 882 1156 978 inclara,
1169 895 1358 986 populoque
1368 895 1547 964 christiano
1563 916 1700 984 magno·

105 1042 178 1114 pere
195 1022 307 1091 lucere
328 1032 360 1093 et
376 1026 489 1095 ardere
508 1028 678 1120 cupimus,
704 1029 847 1097 maximo
862 1027 1052 1120 adjumento
1069 1028 1156 1112 fore,
1173 1028 1266 1097 illius
1284 1029 1406 1116 libros,
1427 1030 1698 1115 commentarios,

104 1156 275 1248 opuscula,
288 1179 386 1250 opera
397 1159 539 1252 denique
548 1163 671 1249 omnia,
687 1171 786 1255 prout
799 1185 840 1231 ex
850 1169 961 1231 nostra
975 1161 1193 1254 typographia
1204 1162 1376 1250 Vaticana,
1389 1186 1491 1256 quarn
1501 1165 1698 1234 emendatis-

102 1291 195 1379 sima,
214 1300 365 1384 utsupra
377 1293 502 1362 dictum
511 1302 573 1382 est,
589 1296 797 1383 emittuntur,
814 1304 852 1365 ut
867 1297 1010 1365 aliorum
1023 1297 1173 1365 Ecclesiae
1186 1296 1383 1383 Doctorum,
1399 1299 1459 1390 qui
1471 1299 1586 1368 eximii
1600 1307 1698 1385 sunt,

103 1449 170 1494 non
184 1428 284 1496 modo
297 1429 469 1519 privatim,
486 1429 543 1499 scd
556 1430 686 1524 publice
699 1431 734 1498 in
749 1431 944 1523 gymnasiis,
961 1431 1148 1517 academiis,
1165 1431 1296 1517 scholis,
1312 1431 1476 1521 collegiis,
1492 1432 1699 1521 lectionibus,

104 1560 398 1652 disputationibus,
417 1565 757 1655 interpretationibus,
773 1566 1003 1652 concionibus,
1028 1566 1256 1652 sermonibus,
1274 1566 1496 1659 omnibusque
1510 1567 1584 1636 aliis
1603 1566 1703 1635 ecele-

104 1695 242 1765 siasticis
253 1697 383 1785 studiis,
397 1698 650 1790 christianisque
663 1699 949 1768 exercitationibus
962 1699 1077 1786 citari,
1094 1700 1255 1791 proferri,
1271 1708 1385 1792 atque,
1402 1723 1478 1769 cnm
1493 1723 1544 1769 res
1559 1701 1705 1793 postula-

105 1832 201 1917 verit,
217 1832 368 1901 adhiheri
380 1835 548 1920 volumus,
564 1841 596 1902 et
607 1834 824 1903 decernimus.
841 1833 882 1902 Et
894 1833 1127 1921 nihilominus,
1144 1842 1182 1902 ut
1195 1833 1426 1926 sapientissimi
1441 1833 1543 1926 hujus
1556 1833 1705 1903 Doctoris

105 1965 459 2055 gloriosarecordatio,
482 1968 510 2036 si
532 1990 598 2037 non
615 1991 675 2059 pro
689 1969 792 2060 ipsius
802 1969 980 2059 dignitate,
996 1977 1030 2038 at
1043 1970 1158 2039 saltem
1180 1993 1239 2062 pro
1260 1970 1408 2039 hnmana
1421 1969 1580 2038 tenuitate
1594 1970 1637 2038 oh
1651 1968 1704 2038 in·

107 2102 213 2189 gentia
230 2103 326 2173 illius
342 2104 459 2172 merita
476 2104 655 2173 ardentiori
672 2104 781 2173 studio
800 2105 981 2188 recolatur,
1003 2104 1060 2172 fel.
1077 2103 1203 2173 record.
1226 2104 1501 2195 predecessorum
1514 2110 1703 2174 nostrorum

107 2236 267 2306 Bonifacii
279 2238 376 2329 Papa
390 2237 487 2324 Vlll,
503 2238 562 2330 qui
575 2237 616 2306 de
629 2238 747 2308 sanctis
760 2248 903 2330 quatuor
916 2238 1120 2324 Ductoribus,
1137 2247 1169 2307 et
1182 2239 1235 2307 Pii
1248 2240 1346 2330 Papa
1359 2239 1404 2324 V,
1420 2238 1479 2330 qui
1492 2238 1533 2306 de
1548 2238 1703 2330 praedicto

110 2370 143 2439 S.
154 2371 285 2440 Thoma
294 2371 405 2441 eadem
414 2381 649 2466 preceperunt,
663 2374 813 2466 exemplo
823 2374 968 2459 adducti,
980 2373 1198 2466 praecipimus,
1207 2380 1246 2442 ut
1255 2373 1400 2464 ejusdem
1414 2372 1449 2441 S.
1462 2372 1703 2444 Bonaventurae
1773 2352 1776 2359 ⁴

109 2504 172 2574 dies
188 2507 295 2575 festus
316 2507 352 2575 in
368 2508 521 2576 omnibus
541 2507 710 2576 christiani
730 2508 819 2578 orbis
844 2508 993 2601 partibus
1010 2509 1073 2577 sub
1091 2508 1216 2600 duplici
1236 2508 1343 2577 officio
1367 2531 1387 2577 a
1409 2508 1535 2576 cunetis
1557 2508 1703 2600 personis

106 2640 343 2728 ecclesiasticis,
358 2642 586 2727 sacularibus,
612 2650 644 2710 et
664 2643 859 2735 quorumvis
872 2642 1028 2712 ordinum
1043 2643 1252 2732 regularibus
1270 2651 1338 2710 tam
1356 2642 1503 2735 publice,
1519 2664 1621 2735 quam
1635 2642 1701 2736 pri-

105 2776 205 2845 vatim
219 2776 328 2868 pridie
341 2777 420 2847 ldus
431 2777 451 2846 J
455 2778 526 2866 ulii,
536 2796 604 2848 non
614 2780 761 2848 obstante
774 2779 928 2870 predicta
940 2777 1028 2846 Sixti
1042 2778 1089 2847 lV
1107 2776 1314 2847 ordinatione
1327 2778 1366 2846 de
1376 2779 1518 2847 secunda
1531 2777 1702 2845 Dominica

107 2910 181 2980 dicti
195 2912 332 3002 mensis,
348 2913 505 2982 celebrari
517 2924 617 3006 atque
630 2914 666 2982 in
679 2913 887 2983 Kalendariis
900 2935 976 2981 eum
992 2913 1139 2981 [lectoris
1153 2913 1299 3001 nomine,
1316 2920 1348 2980 et
1358 2913 1432 2981 festi
1446 2913 1586 3004 duplicis
1598 2911 1703 3002 adjec-

107 3046 193 3115 tione
206 3046 349 3117 describi
371 3057 404 3117 et
419 3049 567 3141 imprimi
588 3048 722 3135 debeat,
748 3049 875 3118 etiamsi
886 3097 889 3100 -
902 3049 937 3116 in
955 3047 1142 3116 novissimis
1155 3048 1336 3134 Breviorii,
1356 3057 1389 3116 et
1401 3047 1542 3116 Missalis
1559 3046 1705 3115 Romani

106 3183 396 3253 reformationibus
408 3186 504 3254 aliter
516 3186 710 3278 dispositum
721 3186 833 3271 luerit,
848 3208 957 3276 neque
966 3208 1058 3253 secus
1073 3191 1171 3276 atque
1185 3181 1323 3268 auchie,
1335 3191 1373 3250 ut
1386 3203 1499 3275 supra,
1514 3182 1703 3252 ordinatum

105 3317 186 3404 fnit,
203 3341 266 3411 per
278 3342 503 3414 quoscumque
520 3323 637 3415 quavis
649 3322 841 3392 anctoritate
853 3321 1016 3414 preditos,
1035 3319 1179 3405 censeri,
1195 3324 1254 3386 aut
1267 3316 1475 3408 interpretari
1489 3340 1580 3409 posse
1594 3316 1704 3384 decer-

105 3455 237 3542 nimus,
263 3455 430 3526 hortantes
448 3459 619 3528 universos
638 3459 813 3551 utriusque
832 3478 930 3525 sexus
949 3453 1070 3523 Christi
1091 3453 1205 3521 fideles
1222 3451 1363 3520 civitatis
1379 3450 1606 3539 balneoregii,
1630 3470 1703 3539 quae

104 3589 328 3659 clarissimum
346 3591 408 3660 hoc
424 3593 525 3662 edidit
543 3594 677 3679 lumen,
702 3601 734 3661 et
756 3592 847 3662 illius
865 3590 1014 3660 diaecesis
1024 3643 1034 3676 ,
1058 3597 1097 3657 nt
1119 3589 1234 3657 eodem
1247 3587 1300 3656 die
1314 3586 1396 3655 festo
1417 3584 1643 3669 aservilibus,
1664 3582 1705 3651 de

104 3732 224 3793 sanctae
239 3723 393 3793 Ecclesia
406 3748 515 3812 more,
540 3727 694 3819 operibus
707 3727 903 3795 abstineant.
923 3725 969 3794 Ut
982 3731 1094 3793 autern
1113 3722 1236 3793 Christi
1253 3721 1403 3790 fidelium
1419 3718 1549 3788 devotio
1563 3717 1604 3785 ad
1618 3738 1705 3785 sera·

104 3859 191 3950 phici
204 3860 266 3952 huj
272 3884 311 3928 us
330 3859 474 3929 Doctoris
487 3861 574 3930 diem
589 3863 709 3930 testum
723 3861 917 3948 colendum,
935 3860 1072 3953 ejusque
1086 3851 1182 3950 opem
1199 3857 1252 3949 pie
1267 3855 1528 3948 implorandam,
1549 3874 1587 3921 eo
1601 3851 1706 3941 magis

106 3994 395 4086 emendatumque
408 3995 885 4086 exhoccoelestisgratiaedono
899 4019 933 4064 sa
947 3994 1084 4063 uberius
1095 3992 1322 4084 conspexerint
1334 4013 1401 4059 esse
1415 3989 1563 4074 retectos,
1578 3985 1618 4055 de
1632 4008 1703 4054 om·
1778 4059 1780 4070 ¹

106 4129 290 4222 nipotentis
311 4130 369 4199 Dei
385 4130 624 4217 misericordia,
649 4153 686 4198 ac
699 4131 873 4200 beatorum
893 4132 983 4201 Petri
997 4138 1031 4200 et
1048 4130 1146 4198 Pauli
1168 4127 1405 4220 Apostolorum
1427 4124 1499 4216 ejus
1515 4121 1706 4192 auctoritate

106 4264 221 4334 conlisi
235 4316 244 4351 ,
268 4264 422 4333 omnibus
435 4265 609 4357 utriusque
622 4287 720 4333 sexus
734 4265 856 4335 Christi
870 4265 1024 4333 fidelibus
1037 4272 1105 4332 tam
1119 4261 1252 4330 indicta
1265 4260 1413 4344 civitate,
1434 4264 1467 4326 et
1481 4255 1612 4325 diaecesi
1629 4252 1706 4321 Bal·

107 4399 276 4489 neoregii,
292 4421 393 4490 quam
406 4398 442 4467 in
456 4400 610 4492 praeclara
623 4400 736 4469 Galliae
750 4401 831 4469 urbe
849 4400 1025 4490 Lugduni,
1051 4400 1110 4468 ubi
1123 4399 1179 4468 ille
1193 4399 1280 4467 bono
1294 4395 1473 4464 certamine
1489 4391 1637 4481 legitime
1650 4388 1706 4457 de-

108 4543 244 4623 certato,
260 4543 606 4621 cursneonsnmmato,
621 4535 685 4603 fide
697 4543 837 4620 servata,
853 4559 893 4602 ex
907 4536 1164 4604 hoccalamitoso
1175 4533 1294 4602 seculo
1309 4532 1350 4600 ad
1365 4529 1557 4599 meritorum
1570 4545 1707 4592 suorum

109 4671 304 4762 praeminm,
320 4678 352 4738 et
365 4692 518 4739 eoronam
532 4671 567 4740 in
578 4671 699 4741 caelum
715 4670 852 4739 feliciter
866 4671 1040 4760 migravit,
1056 4670 1092 4738 in
1104 4669 1258 4760 almaque
1271 4667 1362 4735 Urbe
1376 4653 1484 4732 nostra
1498 4711 1507 4745 ,
1524 4657 1583 4727 nbi
1597 4655 1633 4725 in
1647 4656 1709 4725 bac

109 4806 249 4875 Basilica
262 4812 451 4873 sanctornm
465 4804 635 4874 duodecim
649 4805 884 4896 Apostolorum
897 4804 1082 4894 Collegium
1096 4826 1116 4871 a
1129 4802 1237 4888 nobis,
1253 4809 1291 4869 nt
1301 4801 1371 4891 jam
1385 4795 1544 4879 diximus,
1559 4798 1608 4860 est
1621 4812 1709 4858 erec-

112 4949 201 5027 tum,
221 4940 428 5026 constitutis,
447 4940 505 5030 qui
523 4939 594 5030 ejus
611 4940 731 5008 testum
750 4938 960 5031 hujusmodi,
982 4946 1021 5006 ut
1041 4945 1164 5006 ceteras
1178 4935 1218 5004 de
1234 4939 1392 5028 praecepto
1414 4926 1565 4998 Ecclesia
1584 4922 1708 4993 servari

1 5041 4 5047 ι
112 5076 221 5146 solitas
233 5074 440 5160 festivitates,
455 5073 572 5143 devote
584 5073 737 5159 colentes,
751 5096 828 5142 vere
841 5073 1048 5166 prenitentes,
1064 5079 1097 5138 et
1108 5065 1334 5138 sacramentali
1350 5071 1557 5157 peccatorum
1571 5080 1708 5128 suorum

113 5213 317 5282 confessione
331 5210 506 5303 praemissa,
522 5234 560 5279 eo
569 5210 621 5279 die
635 5209 876 5279 sanctissimum
890 5207 1102 5276 Eucharistiae
1112 5208 1353 5274 sacramentum
1367 5195 1580 5289 sumpserint,
1595 5192 1710 5284 plena·

114 5350 195 5418 riam
213 5346 370 5418 omnium
386 5352 593 5438 peccatorum
606 5367 743 5414 suorum
764 5343 1005 5434 indulgentiam
1024 5350 1057 5411 et
1073 5338 1298 5409 remissionem
1318 5330 1569 5403 misericorditer
1588 5328 1624 5395 in
1646 5326 1710 5394 Do-

115 5485 203 5558 mino
217 5480 444 5567 concedimus,
460 5486 494 5548 et
505 5477 697 5572 elargimur.
713 5478 780 5564 Qui
792 5500 871 5550 vero
885 5477 1034 5550 ecclesias
1050 5475 1206 5547 Fratrum
1220 5470 1388 5544 itinerum
1407 5466 1443 5537 S.
1459 5461 1625 5538 Francisci
1637 5461 1708 5552 ipso
1778 5507 1783 5517 .
