4100 6300
808 463 996 534 DlSTlNC'l'.
1018 467 1059 533 ll.
1686 473 1726 536 tt

133 608 290 679 mertun.
306 606 359 676 Ad
377 625 479 698 quam
498 591 597 674 etiem
614 601 701 675 illud
718 599 860 673 attinere
873 602 1028 694 ridetur,
1041 603 1133 697 quad
1151 597 1303 675 nabetur
1315 625 1374 697 per
1386 613 1570 699 serpentem
1587 602 1694 676 ‹lixit’
1715 632 1724 676 ε

134 725 245 795 Eritis
262 724 348 793 deut
361 721 422 792 dii.
436 721 584 814 Prnquo
600 719 1092 791 inbebraieobabeturbeloim
1107 722 1210 791 :acsi
1227 720 1371 791 diceret:
1387 721 1487 792 Eritis
1503 723 1588 793 sieut
1604 721 1727 794 dirinae

133 863 293 935 personae.
306 839 367 909 Ille
381 838 480 908 etiarn
498 838 662 908 maximus
675 836 910 930 prophetarum
932 845 965 906 et
978 859 1095 928 regum
1114 838 1240 924 David,
1256 838 1316 931 qui
1336 862 1430 909 suam
1451 841 1575 910 eatena
1595 840 1728 933 praefert

131 956 399 1047 intelligentiam,
414 954 524 1024 dicens
537 954 548 988 ¹
561 981 570 1024 ι
585 957 689 1047 Super
703 976 793 1023 senes
807 953 980 1037 intellaci,·
994 953 1155 1024 unitatem
1165 955 1288 1026 divina
1301 964 1428 1026 neturae
1438 957 1622 1045 ostendens,
1637 958 1682 1026 ait
1692 960 1723 1025 ⁸:

132 1074 297 1142 Dominus
310 1095 431 1141 nomen
446 1084 493 1140 est
511 1071 575 1140 illi.
590 1096 609 1137 n
624 1070 699 1139 Non
719 1069 797 1139 dicit
814 1093 822 1137 ι
837 1069 986 1138 Domini.
1003 1070 1095 1139 Alibi
1109 1070 1207 1140 etiam
1216 1124 1225 1158 ,
1240 1072 1386 1163 ejusdem
1401 1074 1561 1142 unitatem
1579 1084 1612 1143 et
1633 1080 1727 1143 aeter·

132 1191 273 1259 nitatem
285 1188 385 1258 simul
398 1188 583 1274 ostendere,
599 1187 645 1256 ait
654 1207 696 1256 ex
707 1207 847 1279 persone
859 1186 919 1254 Dei
933 1184 1054 1255 lsrael*
1070 1210 1078 1254 ι
1093 1188 1132 1256 Si
1145 1211 1199 1256 me
1213 1187 1371 1274 αιιιιὶειίε,
1388 1213 1455 1258 non
1469 1190 1532 1259 erit
1545 1190 1582 1259 in
1597 1201 1629 1258 te
1640 1191 1727 1257 Deus

131 1329 257 1390 reeens,
268 1327 373 1397 neque
381 1302 535 1372 adorabis
549 1307 655 1373 Deum
669 1304 828 1373 alienum.
847 1301 974 1371 «Aliud
986 1302 1120 1389 barum,
1135 1311 1172 1372 ut
1181 1303 1261 1372 dicit
1270 1304 1463 1374 Ambrosius
1473 1306 1510 1374 in
1522 1305 1610 1374 libro
1621 1306 1726 1397 primo

132 1420 177 1491 de
188 1426 216 1491 Τ
211 1422 351 1491 rinitate
364 1424 388 1506 ⁸,
403 1420 566 1510 significat
579 1420 814 1506 eternitatem,
830 1419 921 1489 alind
932 1419 1095 1488 aetutem
1108 1420 1298 1488 substantiae
1320 1420 1554 1509 indifferentis,
1568 1429 1607 1491 ut
1617 1443 1725 1514 neque

132 1540 347 1632 posteriorem
359 1537 468 1624 Patre,
484 1559 592 1628 neque
606 1535 741 1605 alterius
755 1535 949 1621 divinitatis,
964 1535 1102 1622 Filium,
1116 1535 1170 1604 vel
1184 1534 1345 1627 Spiritum
1364 1545 1515 1607 sanctum
1533 1561 1601 1608 esse
1616 1540 1727 1610 creda-

131 1677 223 1725 mus.
237 1654 323 1724 Nam
336 1655 364 1723 ei
376 1655 473 1724 Patre
486 1654 647 1747 posterior
661 1662 709 1722 est
721 1652 840 1738 Filius,
855 1652 909 1721 vel
924 1651 1070 1745 Spiritus
1083 1661 1226 1739 sanetus,
1241 1673 1354 1722 recens
1373 1661 1440 1740 est;
1456 1662 1488 1723 et
1500 1654 1528 1723 si
1544 1655 1645 1724 nnius
1659 1678 1727 1725 non

134 1778 186 1841 eet
193 1771 386 1858 divinitatis,
401 1771 529 1840 alienus
544 1777 592 1840 εει
608 1794 616 1838 :
633 1770 689 1839 sed
703 1792 763 1838 nee
774 1769 937 1863 posterior
948 1775 1008 1856 est,
1024 1768 1104 1861 quia
1123 1790 1234 1838 recens
1248 1792 1315 1838 non
1329 1777 1377 1838 est
1386 1796 1396 1856 ;
1418 1793 1478 1840 nec
1491 1771 1632 1857 alienas,
1647 1772 1728 1865 quia

132 1911 179 1959 ex
190 1893 284 1959 Patre
297 1893 394 1956 natus
406 1913 424 1954 n
442 1895 490 1955 eet
500 1887 617 1973 Filius,
632 1905 673 1955 ex
688 1886 785 1955 Patre
797 1884 944 1977 procedit
955 1883 1097 1977 Spiritus
1109 1894 1241 1954 mactus
1255 1886 1313 1978 (a).
1325 1886 1416 1955 Alibi
1431 1909 1581 1981 quoque,
1594 1887 1728 1957 disbnc·

133 2004 260 2074 tionem
283 2003 499 2096 personarum
512 2002 701 2089 insinuans,
717 2002 811 2072 aiu:
835 2001 934 2072 Verbo
955 2000 1093 2072 Domini
1108 2002 1180 2070 cali
1196 2002 1331 2093 firmati
1349 2016 1445 2086 sunt,
1463 2015 1493 2074 et
1511 2005 1641 2097 Spiritu
1662 2005 1729 2073 oris

136 2121 211 2211 ejus
230 2117 340 2189 omnis
358 2121 465 2190 virtus
488 2141 612 2188 eorum.
637 2119 728 2188 Alibi
746 2118 845 2187 etiam
867 2119 915 2187 ait
932 2122 943 2159 ⁷
962 2116 1168 2187 :Benedicat
1192 2141 1251 2187 nes
1272 2123 1359 2188 Deus
1379 2123 1466 2189 Deus
1486 2132 1607 2205 nester,
1636 2122 1729 2191 bene-

139 2236 237 2306 dicat
247 2260 307 2306 nes
320 2241 418 2321 Deus,
436 2248 468 2305 et
483 2248 639 2306 metuant
657 2259 731 2305 eum
753 2258 867 2304 amires
878 2235 964 2328 pines
978 2245 1087 2305 tara.
1104 2235 1206 2305 'iriae
1219 2235 1307 2305 enim
1321 2237 1479 2307 mnicssin
1493 2238 1570 2326 Dei,
1586 2238 1728 2309 Trinita-

136 2361 205 2422 tem
219 2353 375 2446 exprimit
386 2374 620 2446 personarum
637 2352 797 2422 unitatem
810 2374 889 2422 vcro
909 2352 1193 2444 montisaperti,
1208 2375 1285 2421 cum
1303 2353 1513 2444 singulariter
1531 2354 1725 2446 subjungit,

134 2493 224 2539 man.
240 2470 340 2539 Isaiae
352 2491 485 2563 quoqne
498 2465 599 2538 dicit⁸
613 2491 647 2538 se
661 2468 790 2538 audisse
808 2467 982 2560 Seraphim
998 2468 1175 2538 clementie
1189 2493 1197 2536 :
1212 2472 1357 2538 Sanctus
1369 2522 1378 2556 ,
1392 2473 1552 2554 Sanctus,
1567 2474 1724 2561 Sanctus,

134 2588 300 2656 Dominus
320 2589 416 2655 Dens.
436 2586 502 2655 Per
519 2585 581 2655 hoe
596 2585 686 2678 quod
706 2584 785 2654 dicit
804 2593 854 2654 ter
873 2586 1037 2670 Sanctus,
1061 2584 1239 2654 trinitatem
1262 2585 1441 2676 significat;
1467 2608 1525 2679 per
1551 2587 1612 2656 hoe
1635 2589 1725 2681 quod

131 2703 268 2790 subdit,
283 2703 445 2772 Dominus
461 2706 568 2786 Deus,
586 2701 744 2771 unitatem
762 2701 921 2771 essentia.
937 2701 1045 2771 David
1061 2724 1196 2794 quoque
1213 2710 1370 2771 aeternam
1386 2703 1466 2772 Filii
1484 2704 1728 2793 generationem

132 2827 247 2912 aperte
261 2819 408 2888 insinuat
419 2842 459 2888 ex
473 2840 612 2911 persona
624 2817 722 2905 Filii,
734 2816 845 2886 dicens
860 2815 871 2850 ⁸
889 2819 1074 2887 :Dominus
1090 2816 1178 2887 aian
1192 2817 1240 2887 nd
1251 2842 1304 2888 me
1319 2820 1450 2900 :Filius
1463 2843 1596 2890 meuses
1611 2835 1658 2906 tu,
1673 2845 1730 2914 epo

130 2935 233 3004 bodie
244 2936 344 3029 perrari
357 2948 400 3005 te.
415 2934 463 3003 De
476 2935 537 3003 hae
549 2935 757 3024 generatione
771 2934 932 3004 ineffabili
950 2934 1051 3004 Isaiae
1065 2917 1111 3003 eit
1125 2935 1147 2974 ¹⁰
1165 2961 1172 3003 :
1192 2937 1446 3005 Generaticnem
1461 2938 1532 3028 ejus
1548 2939 1621 3030 puis
1634 2962 1730 3009 enar-

130 3051 225 3120 rabit
230 3053 269 3120 tl
272 3075 293 3120 n
302 3052 388 3121 libro
400 3072 533 3144 queque
542 3051 726 3143 Sapientia
739 3051 903 3121 eternitas
910 3051 992 3120 Filii
1001 3074 1079 3120 oum
1092 3051 1190 3120 Patre
1204 3060 1420 3139 monstratur,
1436 3054 1495 3124 ubi
1504 3053 1677 3147 ⁴Sapientia
1685 3056 1731 3126 ita

134 3169 288 3261 loquitur
298 3166 318 3205 ¹¹
334 3193 343 3237 t
359 3169 522 3238 Dominus
531 3168 676 3260 possedit
689 3191 743 3237 me
754 3168 795 3237 ab
807 3168 907 3237 initio
917 3169 1049 3238 viarum
1062 3191 1211 3261 suarum,
1224 3180 1403 3260 antequam
1415 3170 1596 3262 quidquam
1601 3174 1731 3263 faceret

133 3285 336 3378 aprincipio
349 3311 360 3352 .·
375 3285 418 3355 ab
430 3297 554 3354 aterno
566 3283 726 3354 ordinata
740 3308 826 3373 snm,
843 3297 1025 3377 antequam
1040 3297 1129 3353 terra
1141 3286 1238 3375 fieret
1251 3309 1263 3351 r
1277 3284 1418 3361 necdum
1436 3300 1534 3358 mant
1555 3289 1682 3380 abyssi,
1699 3303 1729 3359 et

132 3422 196 3492 epo
203 3401 282 3491 jam
295 3414 454 3494 concepto
465 3424 559 3471 uam
575 3427 587 3468 .·
600 3400 739 3471 necdum
747 3404 871 3493 fontes,
886 3400 1028 3471 necdum
1041 3413 1169 3470 montes
1183 3414 1244 3471 ant
1258 3403 1366 3486 colles,
1376 3416 1414 3477 ‚et
1425 3406 1706 3497 epopartum'ebar
1720 3432 1728 3475 ι

134 3516 248 3586 adbuc
262 3531 385 3587 terram
398 3541 466 3588 non
475 3521 614 3610 fecerat,
631 3531 663 3589 et
676 3518 828 3588 cardines
841 3519 928 3588 orbis
941 3531 1039 3589 terra
1057 3544 1069 3586 .·
1082 3518 1214 3611 mando
1220 3520 1434 3612 praeparabat
1446 3522 1552 3605 eoelos,
1566 3521 1704 3591 αιιεναιη
1718 3549 1728 3592 .·

135 3634 272 3726 quando
286 3633 492 3728 appendebat
501 3634 728 3726 fundamenta
744 3648 856 3720 terra,
875 3659 949 3706 cum
970 3659 1111 3705 eaerum
1127 3649 1247 3706 cuneta
1262 3661 1477 3730 componens,
1494 3650 1526 3707 et
1543 3638 1732 3709 delectabar

124 3774 196 3845 per
216 3752 363 3845 simpuios
378 3751 447 3820 dies
467 3749 584 3819 ludens
597 3774 710 3851 eoram
724 3776 773 3821 eo.
789 3753 870 3822 Eece
889 3761 1004 3845 eptam
1023 3753 1064 3822 de
1088 3760 1212 3823 aeterna
1229 3753 1383 3844 genitura
1403 3755 1627 3825 testimonium
1641 3807 1650 3843 ,
1665 3779 1732 3848 quo

132 3868 209 3960 ipsa
220 3867 389 3960 Sapientia
400 3867 551 3959 perhibet
563 3891 598 3937 se
612 3882 687 3937 ante
703 3869 867 3938 mnndum
881 3877 1070 3962 conceptam
1084 3893 1165 3957 esse,
1180 3878 1213 3939 et
1229 3869 1400 3962 parturiri,
1413 3870 1448 3940 id
1462 3880 1510 3940 est
1521 3871 1683 3962 genitam,
1701 3882 1734 3942 et

132 3983 227 4076 apud
247 3982 379 4053 Patrem
398 3982 594 4052 aeternaliter
615 3984 763 4053 existere.
779 3985 854 4078 Ipsa
873 3985 971 4053 enam
991 3985 1071 4054 alibi
1084 3983 1164 4054 ait¹¹
1182 3988 1278 4078 :qu
1294 4010 1335 4056 er
1354 4011 1410 4056 are
1424 3988 1710 4081 Altissimiprodii
1719 4043 1730 4076 ,

123 4100 359 4194 primapenita
374 4112 453 4169 ante
466 4123 593 4171 omnem
608 4112 809 4172 creaturam.
826 4100 979 4171 Michaeas
994 4124 1127 4194 qnoque
1142 4103 1300 4195 prophete
1313 4112 1468 4174 aeternam
1482 4105 1586 4175 Verbi
1598 4128 1733 4196 genera·
1750 4162 1754 4169 Ι

132 4218 273 4305 tionem,
285 4225 318 4286 et
330 4217 544 4310 temporalem
554 4242 596 4287 ex
608 4218 725 4306 Maria,
740 4218 840 4287 simul
853 4218 1048 4306 insinuavit,
1061 4217 1172 4287 dicens
1185 4223 1208 4268 ¹⁸
1221 4244 1229 4287 :
1240 4223 1289 4289 Et
1300 4232 1347 4303 tu,
1360 4221 1550 4292 Bethlehem
1563 4222 1731 4314 Epirota,
1753 4226 1757 4233 '

124 4331 294 4429 paruulus
308 4357 340 4403 es
353 4333 391 4402 in
407 4333 549 4403 millibus
561 4333 652 4403 iuda
667 4362 678 4402 :
697 4358 737 4403 erc
752 4347 783 4403 te
798 4332 993 4427 epredietur,
1009 4333 1068 4426 qai
1082 4334 1128 4403 sit
1141 4332 1333 4405 dominator
1345 4336 1382 4405 in
1394 4337 1502 4406 Israel
1515 4362 1527 4404 .·
1542 4349 1574 4407 et
1588 4360 1731 4431 opressus

131 4450 209 4541 ejus
223 4450 266 4518 ab
279 4450 378 4519 initio
391 4472 414 4519 a
427 4448 539 4519 diebus
557 4450 768 4523 aternitatis.

122 4612 130 4619 -
180 4566 231 4636 De
244 4565 372 4658 Spiritu
385 4577 496 4637 sancte
510 4566 608 4636 etiam
621 4586 771 4658 expressa
780 4565 977 4636 documenta
991 4566 1028 4637 in
1035 4566 1148 4637 Veteri
1159 4566 1366 4638 Testamenta
1375 4568 1546 4639 babemus.
1556 4570 1596 4638 ln
1613 4571 1732 4640 Genesi
1743 4618 1852 4675 m„

123 4683 227 4754 ‘enim
240 4681 364 4773 legitur
377 4686 418 4751 ’ἰ
429 4683 573 4776 Spiritus
582 4683 720 4754 Domini
729 4683 901 4775 ferebatur
913 4707 1008 4776 super
1022 4706 1139 4776 aquas.
1155 4683 1197 4752 Et
1209 4683 1315 4754 David
1329 4684 1407 4754 dicit
1416 4684 1459 4754 ¹⁸:
1475 4689 1545 4770 Quo
1558 4686 1610 4755 ibo
1621 4709 1642 4754 a
1654 4687 1730 4779 Spi-
1752 4682 1849 4787 {ff

132 4801 208 4870 ritu
228 4804 305 4870 tua?
326 4799 366 4867 ln
387 4798 473 4868 llbro
486 4800 668 4891 Sapientia
690 4800 811 4869 dicitur
828 4809 875 4867 ¹⁸:
896 4800 1042 4892 Spiritus
1062 4812 1198 4868 sanetus
1219 4798 1404 4892 disciplina
1427 4802 1564 4894 effupiet
1583 4803 1727 4895 pictum,
1754 4807 1839 4913 ἓξὲξ

122 4917 298 5011 ’ὸειιὶφιιιε
308 4928 357 4986 est
370 4916 457 4985 enim
474 4916 609 5008 spiritus
623 4916 807 5009 sapientia.
821 4916 922 4985 isaias
935 4938 1068 5009 quoque
1081 4915 1127 4983 ait
1141 4915 1162 4951 ¹¹
1179 4940 1187 4983 z
1202 4915 1346 5008 Spiritus
1359 4918 1498 4988 Domini
1509 4942 1606 5013 super
1618 4944 1684 4990 me.

169 5127 265 5188 ¹(iere,
277 5135 318 5188 ιιι,
331 5126 415 5175 5.-¹
428 5122 500 5175 Psat.
510 5134 607 5188 exrrrr,
619 5128 674 5179 tut.
686 5151 719 5165 ·-
730 5124 817 5176 ⁸Prot.
828 5135 909 5189 metr,
922 5128 946 5178 5.
962 5123 1091 5175 -srsn
1110 5134 1190 5188 ιω,
1206 5127 1245 5174 ιε.
1262 5125 1314 5162 -⁸
1331 5125 1377 5177 vet
1396 5125 1427 5177 de
1442 5125 1505 5178 Ftde
1517 5126 1553 5178 rut
1566 5128 1733 5193 Gmttonurn,

136 5198 183 5251 lib.
195 5199 221 5263 1,
234 5212 259 5249 ε.
273 5202 320 5261 tx,
331 5208 359 5247 n.
377 5197 458 5247 68.-
467 5195 477 5225 ⁸
487 5194 556 5246 Psal.
571 5206 656 5261 mn,
668 5199 693 5247 6.
706 5196 757 5234 -l
771 5196 1090 5261 Psol.1.xvl,t.-’Isa.,
1104 5206 1141 5259 vr,
1152 5200 1176 5247 3.
1194 5220 1225 5232 ·-
1241 5195 1331 5248 Ῥεαι.
1346 5209 1380 5259 11,
1397 5201 1421 5250 Ἰ.
1441 5199 1572 5261 -10tse,
1592 5204 1731 5264 u11,8.·-

137 5270 263 5394 geppe,
274 5267 471 5390 impsum-gi]-
483 5265 604 5332 ssEreti„
614 5278 687 5332 mr,
699 5270 723 5319 t.
734 5293 761 5305 -
772 5264 889 5332 ¹⁸tttet,
900 5279 926 5334 v,
943 5272 967 5319 2.
977 5293 1009 5306 -
1020 5267 1042 5304 ¹⁸
1051 5268 1123 5332 Gen,
1135 5279 1154 5333 1,
1165 5271 1188 5318 2.
1205 5293 1236 5339 -7
1248 5268 1270 5304 ¹⁶
1281 5267 1350 5321 Prot.
1365 5281 1493 5336 cxxrvnr,
1505 5274 1530 5323 7.
1547 5299 1577 5311 -
1590 5274 1611 5310 ¹·
1620 5274 1691 5339 Sep,
1707 5286 1731 5342 1,

223 5366 270 5392 'q
357 5374 374 5404 e,
430 5375 440 5404 ‚
470 5374 479 5389 ι

170 5470 205 5537 (α)
220 5469 278 5521 Hoec
290 5462 392 5530 reliquo
402 5465 476 5518 verbu
490 5479 537 5518 non
551 5467 668 5532 legaretur
681 5467 708 5518 in
721 5466 847 5534 Amison,
860 5465 950 5518 saltem
971 5466 1044 5519 mitt.
