4100 6300
398 452 457 513 teo
965 436 1279 507 SENTENTIARUM
1297 438 1372 503 LlB.
1396 438 1421 502 Ι.

386 585 585 659 increatum,
598 579 638 644 ad
652 597 750 662 quam
763 577 988 642 insinuandam
1000 574 1167 656 distinguit
1222 576 1351 649 aternu,
1365 575 1398 636 ct
1410 572 1632 654 praecognitio,
1646 590 1718 637 uon
1726 573 1766 636 ab
1776 576 1934 660 opertam

398 689 433 754 Β.
446 689 649 771 Augustinus
668 697 688 767 ¹,
705 688 739 750 in
756 687 837 750 libro
856 687 969 769 quinto
984 684 1109 750 decimo
1127 682 1165 748 tie
1221 681 1285 745 det.
1301 680 1467 758 Quantum
1479 698 1557 744 vero
1577 679 1618 742 ad
1632 681 1800 754 unionem,
1812 687 1850 745 ast
1862 685 1935 747 sm»

400 798 569 876 Trinitate,
580 795 717 860 verbum
736 795 912 858 secundum
932 792 1088 875 triplicem
1107 790 1166 852 dil·
1221 789 1418 865 tudotnam,
1434 788 1673 853 sieutverbum
1682 792 1937 858 mentisunbnmi

395 904 572 969 ferentium.
590 902 670 967 Nam
682 921 787 967 unum
801 907 848 967 est
859 902 997 966 verbum
1006 896 1163 977 sensibile,
1221 900 1258 960 ut
1270 896 1455 975 innotescat,
1469 899 1621 960 ettamen
1630 915 1701 961 nou
1710 899 1818 962 uariat
1827 899 1936 978 iurem,

395 1012 483 1076 aliud
505 1017 552 1075 est
568 1010 704 1075 verbum
726 1010 947 1092 intelligibile,
969 1008 1100 1071 tertium
1119 1008 1167 1068 est
1221 1002 1276 1066 sed
1285 1007 1394 1066 manet
1402 1002 1568 1083 integrum
1579 1002 1614 1065 in
1628 1004 1936 1086 mente3sicpcrumi

395 1119 532 1183 verbum
545 1117 699 1182 medium.
713 1115 856 1181 Verbum
870 1114 1016 1180 sensibile
1029 1112 1166 1177 attendi·
1220 1109 1255 1173 in
1285 1109 1388 1175 Verbo
1414 1113 1537 1175 aetemo
1564 1110 1815 1192 intelligendum
1836 1115 1873 1176 m
1889 1117 1936 1195 aad

395 1229 450 1288 tur
462 1226 496 1288 in
509 1225 687 1308 prolatione
699 1224 799 1301 vocis,
817 1223 953 1288 verbum
966 1220 1166 1301 intelligibile
1220 1217 1348 1282 unitum
1366 1223 1413 1282 est
1427 1220 1535 1298 carni,
1553 1224 1586 1284 et
1598 1239 1669 1284 non
1682 1220 1797 1283 transit
1809 1221 1936 1290 ineam

395 1334 430 1399 in
443 1336 634 1416 cogitatione
647 1334 704 1410 rei,
719 1335 858 1399 verbum
871 1332 1014 1396 medium
1027 1333 1061 1393 in
1074 1329 1165 1411 cogi·
1220 1325 1275 1388 scd
1293 1330 1400 1389 manet
1419 1327 1588 1407 integrum
1608 1325 1700 1409 apud
1717 1325 1854 1404 Patrem
1868 1327 1938 1391 atra

394 1442 512 1505 tatione
523 1441 620 1506 vocis.
634 1440 673 1504 Et
684 1441 828 1520 cstordo‚
843 1441 920 1522 quia
930 1439 1034 1522 primo
1048 1437 1165 1519 cogitat
1220 1430 1321 1512 igitur
1333 1438 1381 1496 est
1393 1432 1583 1498 similitude.
1599 1431 1664 1497 Sed
1683 1438 1793 1498 tamen
1804 1434 1940 1497 hetam

394 1546 514 1629 aliquid
528 1549 626 1612 homo
640 1549 717 1631 quid
730 1549 786 1624 sit,
801 1548 939 1612 secundo
955 1545 1091 1629 qualiter
1107 1544 1165 1608 de·
1220 1538 1296 1603 tudo
1310 1557 1376 1604 non
1397 1541 1575 1606 attenditur
1595 1541 1632 1604 in
1649 1541 1755 1606 verbo
1776 1543 1942 1622 menisgin

394 1654 467 1718 beat
479 1656 655 1737 cogitatum
677 1656 895 1738 pronuntiare,
908 1654 1000 1718 tertio
1019 1671 1166 1736 pronun·
1204 1651 1339 1738 ⁴realiter.
1365 1649 1459 1728 Nam,
1475 1652 1560 1716 sicut
1579 1651 1657 1716 dicit
1684 1652 1772 1717 idem
1787 1653 1942 1733 Augustius

393 1761 462 1825 tiat.
479 1761 568 1825 Sicut
578 1780 657 1843 ergo
669 1770 680 1802 ¹
692 1763 772 1826 ratio
784 1761 945 1825 Trinitatis
961 1759 1119 1842 reperitur
1130 1759 1165 1822 in

394 1887 501 1950 seusu,
514 1872 674 1953 reperitur
685 1871 720 1934 in
732 1871 854 1935 ratione
868 1886 1023 1934 conversa
1034 1868 1074 1932 ad
1088 1886 1164 1932 sen-

394 1995 478 2056 sum,
494 1979 650 2060 reperitur
669 1978 704 2041 in
723 1979 845 2042 ratione
858 1976 1036 2040 secundum
1049 1992 1100 2053 se;
1120 1975 1164 2037 sic

394 2085 519 2171 stratio
541 2084 647 2150 Verbi.
667 2086 707 2150 Et
726 2085 996 2169 quemadmodum
1013 2081 1162 2158 Trinitas,

393 2192 507 2275 inqua
525 2193 665 2258 consistit
676 2212 824 2277 expressa
837 2191 1021 2270 similitudo,
1038 2194 1164 2254 nonest
1187 2208 1196 2222 ⁰

393 2298 428 2362 in
441 2318 553 2377 sensu,
566 2319 625 2364 nec
638 2301 673 2364 in
687 2299 828 2364 inferiori
848 2303 938 2382 parte
950 2298 1093 2373 rationis,
1109 2297 1164 2360 sed

393 2407 428 2469 in
442 2408 564 2473 ratione
577 2409 754 2472 secundum
767 2427 815 2486 se;
836 2407 895 2485 sic,
910 2425 985 2471 cum
997 2404 1164 2487 tripliciter

393 2514 517 2579 dicatur
528 2517 676 2597 verbum,
690 2517 726 2579 in
736 2516 825 2580 nullo
839 2515 979 2580 consistit
989 2514 1163 2578 similitudo

393 2640 541 2704 expressa
554 2624 616 2686 nisi
625 2625 660 2687 in
670 2624 769 2688 verbo
783 2622 986 2704 intelligibili,
999 2624 1031 2685 et
1043 2622 1103 2684 hoc
1116 2622 1165 2684 est

392 2729 529 2793 verbum
549 2730 635 2813 quod
649 2731 690 2794 ad
706 2730 830 2794 nullam
851 2730 988 2813 pertinet
1001 2728 1160 2808 linguam.

392 2835 483 2901 Unde
493 2838 569 2902 dicit
580 2839 602 2917 ⁸,
615 2840 702 2920 quod
716 2840 773 2920 qui
787 2839 848 2902 hoc
860 2841 963 2920 potest
974 2836 1093 2916 videre,
1106 2837 1163 2899 ali·

392 2963 457 3026 quc
478 2946 573 3010 modo
585 2946 671 3010 videt
690 2946 775 3010 illius
794 2945 888 3011 Verbi
908 2944 1161 3009 similitudinem.

307 3037 310 3043 ’
393 3049 642 3118 Similitudinem
668 3057 776 3118 autem
796 3053 886 3117 istius
909 3051 1000 3117 verbi
1022 3051 1062 3115 ad
1084 3051 1163 3116 illud

391 3162 534 3242 assignat
553 3164 709 3243 quantum
730 3161 770 3225 ad
783 3162 862 3237 tria,
877 3160 994 3224 scilicet
1004 3164 1162 3242 quantum

391 3267 431 3331 ad
443 3269 679 3333 emanationem
692 3269 760 3332 sive
770 3269 940 3350 originem,
954 3272 1114 3350 quantum
1122 3267 1163 3331 ad

391 3373 649 3457 dispositionem,
664 3380 822 3459 quantum
837 3376 878 3440 ad
893 3375 1058 3440 unionem.
1081 3373 1163 3439 Nam

390 3479 460 3546 haec
473 3483 535 3547 tria
546 3484 581 3547 in
598 3483 678 3548 Filio
692 3482 748 3547 Dei
763 3487 811 3547 est
822 3484 1022 3547 considerare
1038 3504 1045 3545 :
1059 3480 1162 3561 crigi-

390 3607 478 3666 nem,
493 3590 670 3654 secundum
681 3609 780 3673 quam
793 3589 908 3654 dicitur
921 3586 1040 3666 Filius;
1056 3587 1162 3669 dispo-

391 3698 539 3762 sitionem
552 3700 707 3762 aeternam
720 3747 729 3772 ,
743 3697 919 3789 secundum
933 3714 1033 3779 quam
1047 3695 1163 3760 dicitur

391 3806 531 3869 mundus
550 3806 760 3888 archetypus,
781 3809 812 3868 et
824 3823 877 3867 ars
896 3805 990 3887 plena
1013 3802 1162 3868 omnium

389 3913 554 3976 rationum
577 3913 775 3990 viventium3
798 3916 829 3975 et
852 3912 1028 3986 unionem,
1049 3929 1162 3974 secun-

389 4019 467 4083 dum
486 4039 584 4102 quam
601 4020 716 4085 dicitur
731 4019 829 4084 homo
851 4021 964 4084 sarna.
980 4019 1161 4083 Similitudo

389 4132 437 4191 est
448 4128 482 4190 in
496 4128 623 4209 origine
637 4145 646 4189 ε
659 4145 747 4208 nam,
759 4128 840 4191 sicut
850 4126 949 4191 Filius
962 4145 1020 4210 per
1029 4128 1161 4192 modum

389 4239 515 4299 naturae
529 4235 671 4318 procedit
684 4253 741 4318 per
755 4235 864 4299 omnia
876 4233 962 4298 Patri
976 4235 1101 4312 similis,
1117 4236 1162 4300 sic

390 4343 526 4409 verbum
538 4343 715 4407 intellectus
728 4362 747 4406 a
760 4345 867 4406 mente
878 4342 1018 4423 procedit
1027 4361 1084 4425 per
1093 4361 1161 4407 mo-

391 4450 468 4514 dum
482 4455 606 4515 naturae
618 4469 676 4533 per
691 4450 800 4514 omnia
812 4449 842 4513 ei
856 4449 959 4514 simile
973 4455 1005 4513 et
1015 4450 1158 4533 aequale3

390 4557 476 4623 unde
487 4559 602 4622 dicitur
616 4557 733 4621 mentis
746 4562 928 4640 conceptus.
944 4557 1107 4633 Quantum
1120 4558 1161 4621 ad

390 4665 628 4749 dispositionem
656 4670 703 4730 est
734 4666 926 4746 similitud03
953 4684 1055 4742 nam,
1080 4666 1161 4747 sicut

389 4773 487 4839 homo
499 4773 581 4837 nibil
595 4777 745 4857 operatur
757 4775 984 4838 rationabiliter
998 4776 1084 4858 quod
1095 4780 1161 4840 non

388 4883 577 4967 praecogitet
590 4886 622 4947 et
641 4885 748 4946 mente
760 4882 926 4964 condpiat,
941 4882 986 4946 sic
999 4881 1082 4947 Deus
1096 4882 1160 4947 Pa-

387 4996 437 5056 ter
455 4992 490 5054 in
503 4989 606 5057 Verbo
625 4990 734 5054 omnia
754 4989 918 5072 disposuit.
936 4988 974 5052 Et
993 4991 1075 5054 sicut
1095 4991 1160 5055 dis-

387 5100 501 5182 positio
520 5102 629 5162 nostra
641 5098 694 5163 vel
714 5097 945 5180 praeconceptio
959 5102 1062 5181 potest
1079 5105 1159 5165 esset

387 5207 510 5272 etiamsi
527 5224 594 5270 non
613 5209 766 5289 sequatur
781 5223 880 5288 opus;
896 5204 942 5269 sic
954 5209 986 5270 et
995 5206 1158 5291 dispositio

1219 1762 1400 1844 frequenter
1414 1763 1598 1844 cogitamus
1618 1782 1698 1846 quae
1712 1764 1877 1842 nescimus,
1888 1765 1943 1827 eti

1219 1870 1318 1934 verbo
1331 1876 1440 1935 nostro
1452 1873 1628 1952 conjuncta
1639 1875 1692 1935 est
1705 1871 1840 1948 fallada3
1849 1871 1945 1952 bonu

1218 1980 1267 2041 ter
1277 1996 1351 2059 quae
1369 1976 1534 2053 nolumus,
1549 1982 1581 2042 et
1592 1982 1675 2042 tunc
1689 1980 1855 2060 conjuncta
1864 1978 1947 2041 erte

1218 2084 1370 2167 plicentia
1378 2107 1387 2164 ;
1403 2085 1587 2167 frequenter
1600 2104 1679 2168 qrrae
1694 2104 1766 2150 non
1779 2097 1947 2168 manusc
2008 2169 2009 2172 Ἴ

1218 2193 1296 2255 tunc
1313 2193 1427 2273 juncta
1446 2194 1494 2255 est
1507 2192 1713 2274 impotentia.
1730 2192 1948 2256 [livinumutn

1218 2296 1361 2363 Verbum
1383 2302 1432 2362 est
1454 2299 1681 2376 verissimum,
1710 2299 1948 2383 placentissinur,

1218 2406 1581 2488 omnipotentissimum
1593 2406 1668 2469 ideo
1677 2425 1830 2489 expressa
1835 2406 1951 2488 eiusmi

1218 2513 1318 2579 litudo
1329 2533 1396 2579 non
1410 2514 1554 2578 consistit
1569 2514 1606 2578 in
1620 2515 1726 2580 verbo
1740 2522 1863 2590 noem,
1875 2514 1951 2577 uida

1217 2622 1354 2686 verbum
1373 2626 1469 2686 certae
1487 2622 1632 2700 notitia,
1647 2626 1682 2686 et
1696 2622 1952 2705 complanatum

1217 2730 1392 2810 potentie:
1411 2733 1443 2794 et
1460 2730 1523 2794 hoc
1540 2735 1588 2794 est
1602 2731 1748 2794 verbum
1761 2731 1846 2813 quod
1856 2729 1953 2794 affl

1217 2835 1252 2899 in
1275 2836 1486 2918 cogitatione,
1504 2839 1619 2919 juncta
1633 2836 1698 2900 sibi
1714 2838 1892 2902 atfecbraet
1903 2855 1954 2917 og

1217 2942 1330 3007 rativa.
1346 2942 1438 3008 Unde
1449 2944 1666 3026 Augustinus,
1681 2943 1724 3009 lX
1738 2945 1802 3011 ‘dc
1818 2945 1952 3010 Triaitm.

1222 3047 1390 3114 «Verbum
1404 3055 1452 3116 est
1462 3070 1539 3116 cum
1554 3069 1669 3116 amore
1680 3053 1816 3132 notitie;
1829 3075 1843 3111 ι
1855 3049 1954 3116 aad

1218 3157 1313 3221 datur
1335 3159 1458 3240 virtus,
1472 3164 1550 3224 tunc
1568 3164 1615 3225 est
1632 3161 1718 3225 ratio
1731 3164 1866 3244 perfecta
1877 3160 1953 3223 :dm

1216 3266 1353 3330 verbum
1361 3271 1492 3332 estcum
1502 3286 1625 3346 amore,
1641 3269 1822 3347 etvirtute,
1832 3267 1953 3334 etuffl

1216 3369 1417 3438 Transfertur
1429 3375 1530 3456 igitur
1539 3374 1688 3440 Verbum
1701 3395 1723 3439 a
1736 3378 1837 3442 verbo
1851 3374 1953 3439 intuiti

1216 3482 1391 3547 secuudum
1402 3483 1571 3566 praedictas
1581 3483 1862 3565 similitudinem
1873 3482 1955 3568 ptuit

1215 3591 1399 3654 terminatus
1420 3592 1632 3670 conditionem
1648 3596 1682 3657 et
1701 3594 1777 3658 lraec
1794 3601 1841 3659 aa
1855 3594 1919 3658 ratio
1929 3609 1955 3653 u

1216 3700 1305 3779 parte
1327 3697 1384 3761 rei.
1401 3696 1492 3761 Ratio
1508 3703 1618 3763 autem
1632 3718 1677 3764 ex
1693 3706 1789 3784 parte
1809 3708 1904 3768 rosta
1917 3704 1953 3776 ις

1216 3803 1699 3890 quiadivinaintelligimusper
1708 3814 1818 3874 creatu
1827 3810 1954 3892 :quana

1216 3930 1306 3992 ergo,
1321 3930 1396 3977 cum
1410 3913 1559 3977 audimus
1572 3912 1703 3979 Patrem
1715 3921 1751 3980 et
1765 3916 1886 3995 lilium,
1896 3914 1955 3995 uugi

1215 4020 1321 4082 tamus
1338 4019 1376 4084 de
1397 4023 1487 4101 patre
1509 4020 1631 4085 carnali
1649 4026 1683 4085 et
1696 4023 1786 4103 fllio,
1801 4029 1837 4088 ut
1848 4023 1955 4088 sabim

1215 4144 1289 4190 mur
1304 4127 1345 4192 ad
1358 4127 1564 4209 cogitandum
1577 4130 1829 4210 generationem
1842 4130 1954 4213 spiritur

1214 4234 1296 4314 lem;
1317 4235 1388 4299 ideo
1411 4234 1630 4299 divinissimus
1656 4235 1818 4317 loannes,
1834 4238 1886 4320 qui
1900 4240 1954 4298 tm

1214 4346 1283 4405 erat
1299 4342 1335 4405 in
1348 4342 1616 4423 contemplatione
1635 4343 1817 4408 divinitatis
1833 4345 1950 4411 elerum

1214 4450 1304 4516 verbi
1318 4450 1449 4514 nomine
1459 4469 1537 4515 usus
1551 4455 1598 4515 est
1610 4451 1744 4516 dicens⁸
1756 4455 1820 4518 >ln
1830 4450 1950 4536 praue

1214 4576 1285 4636 erat
1305 4570 1467 4636 Verbum:
1485 4573 1570 4655 quod
1586 4570 1737 4637 Verbum
1757 4575 1814 4659 qui
1833 4574 1951 4653 inmisi

1215 4677 1356 4741 mirltum
1369 4678 1496 4761 proficit
1510 4679 1545 4743 in
1558 4680 1749 4761 cognitione
1762 4681 1832 4746 lilii
1844 4682 1900 4746 liei.

1254 4782 1311 4847 His
1329 4784 1423 4864 visis,
1443 4788 1553 4867 patent
1568 4786 1706 4869 objecta.
1729 4788 1866 4855 Cenoma
1882 4786 1948 4855 αἱ

1213 4893 1301 4974 quod
1314 4893 1453 4957 verbum
1464 4894 1610 4959 exterius
1623 4914 1692 4961 non
1700 4897 1799 4964 babet
1808 4909 1950 4981 (πμ-ω

1214 4998 1472 5080 similitudinem,
1490 5005 1562 5065 tum
1573 5001 1652 5085 quia
1665 5022 1810 5085 uanum,
1829 5011 1889 5068 tun
1897 5000 1947 5083 qui

1213 5107 1354 5190 procedit
1372 5108 1534 5188 exterius,
1553 5114 1628 5175 tum
1648 5112 1749 5177 etiam
1769 5113 1842 5197 quia
1856 5127 1906 5174 sm
1917 5112 1948 5167 tt

1211 5302 1256 5353 lib.
1269 5305 1319 5366 ar,
1334 5318 1358 5353 c.
1369 5314 1389 5353 11
1403 5307 1430 5355 et
1443 5317 1487 5356 111.
1497 5332 1531 5344 -
1541 5305 1640 5373 went,
1653 5309 1701 5361 tib.
1712 5312 1768 5375 XV,
1781 5307 1946 5373 onmem

419 5370 554 5433 ¹August,
566 5367 596 5418 de
611 5369 690 5432 Tria,
705 5367 750 5420 lib.
763 5369 818 5429 XV,
830 5383 853 5417 c.
865 5380 893 5431 x,
907 5370 981 5432 etxr,
994 5383 1022 5420 n.
1035 5373 1063 5420 19
1077 5376 1104 5422 et
1116 5374 1156 5422 ao.
1211 5376 1255 5425 nia
1269 5388 1326 5439 quae
1343 5380 1542 5440 sequamur.—
1554 5378 1654 5446 titia,
1668 5381 1714 5435 lib.
1727 5384 1780 5447 lx,
1791 5393 1849 5443 cx,
1860 5394 1881 5429 tt
1892 5380 1946 5427 tt-

388 5439 1157 5508 -¹rtugust.‚ctern·n.,tib.rx,o.1r;tib.x,e.xr,et
1210 5444 1390 5511 troan.,1‚1.
