4100 6300
860 546 967 617 ura.
1476 566 1479 572 “
1656 567 1712 611 xxr

114 675 190 742 latis
224 681 388 763 nonnulli,
426 682 484 766 qtri
515 701 627 748 eorum
662 684 852 749 seutentiam
890 682 931 747 ad
959 681 1119 766 pontificis
1144 680 1304 765 judicium
1334 680 1523 746 retulerunt.
1559 677 1713 746 Nonnulli

114 785 235 864 etiam,
251 789 307 871 qui
322 790 581 855 subauditione
607 792 777 856 censebant
799 790 884 854 inter
899 790 1031 855 Sanctus
1053 790 1272 867 referendum,
1291 789 1443 855 videlicet
1463 789 1489 853 si
1511 806 1589 854 vera
1609 792 1711 869 erant,

113 910 192 975 quae
212 895 253 959 ab
267 899 391 960 oratore
416 896 588 963 Octaviano
611 899 650 964 de
673 899 806 978 meritis,
836 902 867 962 et
887 897 1050 962 miraculis
1069 897 1198 961 recitata
1219 897 1356 961 inerant.
1380 896 1522 961 Tandem
1547 896 1713 992 communi

112 1006 342 1068 votoventnm
364 1004 461 1068 estin
484 1004 593 1070 eausa
614 1007 911 1088 sententiamque
936 1004 1011 1081 luit,
1029 1007 1067 1068 ut
1089 1004 1237 1086 proximo
1262 1004 1312 1067 dia
1333 1008 1429 1086 juata
1447 1003 1712 1068 consuetudinem

112 1111 298 1175 ceremonia
316 1112 419 1191 lieret,
437 1130 511 1195 quae
532 1112 568 1175 in
590 1114 814 1179 canonizandis
834 1112 955 1177 servari
978 1113 1143 1177 consuevit
1145 1159 1206 1177 .....
1230 1112 1285 1177 llie
1307 1130 1385 1177 vero
1401 1111 1577 1189 dominico,
1596 1129 1709 1191 mane,

111 1215 213 1297 hora,
229 1236 295 1300 qua
308 1219 472 1283 consuevit
493 1219 548 1301 agi
567 1219 677 1285 divina
698 1239 764 1298 res,
783 1238 961 1285 convenere
983 1220 1159 1284 cardinales
1180 1223 1214 1285 et
1234 1219 1358 1302 praelati
1380 1237 1508 1299 omnes,
1523 1222 1572 1283 etc
1577 1266 1637 1283 .....
1654 1219 1712 1284 His

111 1326 269 1407 pernulis,
284 1331 470 1408 procurator
483 1327 731 1392 canonizationis
750 1328 840 1410 petiit
858 1328 1014 1391 instanter
1034 1327 1217 1409 apontillce
1235 1326 1454 1408 pronuntiari,
1481 1330 1512 1390 et
1527 1326 1707 1391 canonizari

110 1430 250 1496 beatum
269 1431 544 1513 Beneventuram,
561 1434 612 1498 his
631 1435 738 1499 verbis
756 1434 903 1500 videlicet
920 1459 928 1499 :
946 1433 1129 1499 Beatissimo
1149 1432 1256 1512 Pater,
1274 1433 1490 1515 scriptumest
1513 1433 1536 1513 (l
1557 1434 1707 1513 ioannis)

112 1540 205 1623 quod
216 1545 281 1604 tres
296 1544 381 1620 sunt,
396 1541 453 1624 qui
466 1542 685 1606 testimonium
700 1542 913 1624 perhibentia
927 1543 1017 1618 coelo,
1035 1540 1139 1620 Pater,
1153 1539 1306 1615 Verbum,
1321 1545 1353 1603 ct
1367 1540 1504 1622 Spiritus
1518 1539 1664 1617 Sanctus,
1680 1546 1712 1607 et

111 1646 151 1710 hi
165 1651 232 1710 tres
247 1649 466 1712 testimonium
479 1649 649 1729 dederuut,
664 1650 750 1732 quod
764 1649 875 1713 beatus
892 1648 1116 1715 Bonaveutura
1130 1649 1169 1713 de
1184 1646 1393 1728 Balueoregio
1412 1647 1574 1728 quondam
1588 1648 1709 1713 ordinis

110 1754 255 1818 fratrum
268 1756 431 1820 minorum
444 1756 620 1837 generalis,
635 1775 672 1821 ac
689 1757 894 1841 postmodum
915 1755 946 1822 S.
963 1755 1000 1820 ll.
1015 1756 1052 1821 Ε.
1076 1754 1261 1830 cardinalis,
1278 1758 1310 1818 et
1322 1755 1489 1836 episcopus
1502 1755 1709 1837 albanensis,

111 1861 228 1926 veniat
239 1862 487 1943 canonizandus,
501 1869 537 1928 ut
549 1867 634 1946 patet
649 1882 707 1947 per
719 1883 885 1947 processus
897 1863 1122 1928 commissione
1135 1862 1307 1926 sanctitatis
1328 1866 1461 1940 vestra,
1476 1867 1508 1927 et
1525 1864 1712 1928 auctoritate

111 1968 289 2051 apostolica
303 1971 470 2036 coniectos.
488 1969 557 2053 Ego
571 1970 681 2035 Frater
694 1969 807 2036 Petrus
822 1971 1009 2054 Rodulphus
1022 1971 1061 2035 de
1076 1969 1254 2051 Viglevano
1269 1970 1392 2051 praeiati
1404 1967 1530 2034 Ordinis
1543 1969 1710 2035 Minorum

112 2075 152 2139 in
177 2076 266 2141 alma
287 2076 381 2143 Curia
401 2083 508 2143 vestra
528 2078 732 2156 Procurator,
758 2097 847 2156 meo,
872 2083 905 2143 et
925 2078 1144 2162 procuratorio
1169 2077 1296 2143 Ordinis
1313 2076 1437 2158 praeiati
1457 2076 1658 2156 nominibus,
1674 2097 1711 2143 ac

111 2184 214 2247 etiam
240 2186 425 2252 nominibus
450 2185 648 2251 Serenissimi
677 2185 895 2251 Romanorum
916 2185 1136 2269 Imperatoris,
1161 2189 1193 2248 et
1223 2183 1482 2249 christianissimi
1512 2182 1710 2250 Francorum

73 2335 77 2342 -
112 2289 230 2373 Regis,
245 2292 447 2376 aliommque
459 2293 601 2376 Regum,
617 2293 757 2374 Ducum,
772 2293 974 2377 Principum,
990 2297 1040 2358 etc
1043 2340 1104 2357 .....
1120 2295 1207 2355 etex
1221 2294 1309 2372 parte
1323 2289 1379 2389 88ς
1394 2290 1570 2369 Trinitatis,
1590 2291 1710 2373 Patris,

112 2402 147 2463 et
160 2398 248 2478 Filii,
265 2404 296 2463 et
310 2399 446 2483 Spiritus
461 2401 573 2478 sancti,
588 2401 656 2484 qui,
671 2406 707 2465 ut
719 2402 890 2485 praelatum
903 2406 961 2481 est,
976 2401 1015 2466 de
1029 2400 1131 2483 ipsius
1144 2398 1248 2481 gloria
1258 2397 1413 2462 testificati
1428 2398 1572 2477 luerunt,
1588 2400 1712 2465 instan-

112 2509 175 2586 ter,
194 2507 382 2587 instantius,
397 2512 429 2572 et
444 2508 670 2573 instantissime
683 2510 814 2592 requiro
828 2509 975 2593 supplex,
989 2513 1022 2574 et
1032 2507 1197 2588 adstringo
1211 2506 1410 2569 sanctitatem
1423 2510 1575 2586 vestram,
1590 2525 1657 2572 nou
1673 2509 1712 2573 de

113 2614 234 2696 gratia,
248 2615 304 2679 sed
315 2615 354 2680 de
367 2616 482 2695 debito,
493 2635 530 2680 ac
543 2634 632 2681 mera
642 2618 777 2701 justitia,
789 2622 946 2700 qnatenus
960 2634 1048 2679 nunc
1061 2617 1100 2680 de
1115 2614 1263 2697 prasenti
1274 2614 1315 2678 ad
1330 2612 1608 2678 Canonizationem
1623 2616 1711 2680 Beati

113 2721 371 2799 Bonaventurae,
385 2723 562 2787 secundum
575 2724 661 2807 quod
675 2724 709 2788 in
723 2725 860 2808 publicis
875 2723 1074 2788 Consistoriis
1085 2723 1249 2786 decretum
1261 2720 1337 2799 fuit,
1353 2720 1510 2785 nedictus
1524 2718 1640 2786 Beatus
1651 2741 1710 2787 suo

113 2831 286 2895 fraudetur
307 2831 444 2910 honore,
464 2831 634 2914 procedere
656 2831 796 2896 debeatis
809 2832 849 2897 ad
863 2832 1049 2896 orthodoxas
1071 2829 1175 2904 Fidei,
1196 2832 1228 2892 et
1249 2826 1282 2892 S.
1304 2827 1340 2892 E.
1362 2828 1603 2909 exaltationem,
1619 2834 1651 2894 et
1670 2831 1712 2896 ad
1810 2902 1811 2905 Ἴ

115 2936 249 3002 laudem
264 2938 496 3021 Omnipotentis
508 2938 576 3016 Dei,
591 2940 648 3023 qui
660 2939 754 3020 vivit,
769 2944 802 3004 ct
812 2943 928 3022 regnat
943 2938 1107 3003 insaecula
1120 2937 1324 3002 saeculorum.
1339 2935 1444 2999 Amen
1453 2943 1476 3000 ¹.
1495 2957 1510 2994 a

149 3101 306 3225 :lpssptorio
319 3105 387 3155 Rom.
398 3104 431 3156 de
443 3103 508 3158 sixti
520 3103 553 3158 lv
569 3103 733 3169 Pontificem,
746 3096 812 3158 tom.¹
822 3106 902 3158 lllllll
918 3105 1042 3171 Scriptor.
1053 3117 1139 3156 rerum
1152 3102 1235 3157 italic.
1250 3104 1279 3156 c.
1292 3102 1325 3156 V.
1339 3101 1440 3154 Ludos.
1452 3098 1558 3153 Antonii
1570 3100 1712 3167 Muratorii,

115 3185 168 3223 cc.
228 3211 236 3226 .
