4100 6300
556 409 616 473 tot
1121 396 1429 467 SENTENTIARUM
1450 397 1525 465 LlB.
1548 400 1573 465 1.

555 543 596 608 de
615 541 666 607 sui
687 536 809 604 ratione
833 534 976 621 propria,
1000 533 1078 600 dicit
1099 533 1319 600 habitudinem
1376 534 1524 600 voluntas
1542 552 1606 619 qus
1623 532 1715 598 Pater
1732 531 1802 599 uult
1818 550 1890 598 esse
1908 533 2015 616 pater,
2038 560 2050 587 ι

555 649 732 715 secundum
745 644 903 728 originem
917 661 925 706 τ
940 645 972 707 et
981 643 1113 707 hineest
1123 642 1209 726 quod
1220 643 1322 726 speci·
1375 641 1445 708 vult
1459 660 1527 706 esse
1541 641 1646 719 itlius,
1661 644 1693 706 et
1705 659 1723 706 e
1736 658 1905 721 converso,
1921 638 2021 704 simili
2040 666 2050 695 u

556 758 669 822 fleatur
681 773 739 838 per
750 752 949 836 adjunctum,
963 754 1001 816 ut
1013 750 1097 815 dicat
1106 750 1321 815 conditionem
1375 754 1424 831 est
1435 749 1591 832 potentia,
1607 752 1645 813 ut
1656 749 1794 814 videtur.
1811 748 1846 814 Si
1862 748 1940 831 quis
1955 766 2000 812 au
2018 776 2050 802 aa

556 862 719 949 principii,
750 857 922 925 mentun
948 859 1000 923 rel
1023 857 1207 940 personalis.
1233 857 1322 922 Hanc
1375 857 1530 922 sustinere
1538 857 1727 940 positionem
1737 856 1895 939 Magistri,
1905 855 1947 920 de
1955 855 2038 919 laotli

557 989 636 1054 ergo
664 968 855 1053 positionem
880 966 1085 1042 sustinendo,
1112 964 1321 1049 respondetur
1375 964 1538 1029 adomnes
1548 964 1686 1029 rationes
1699 965 1732 1028 in
1745 965 1932 1048 oppositum
1945 981 2050 1045 respo

501 1139 505 1146 .
556 1076 754 1160 argumentis
767 1073 975 1158 probantibus
986 1071 1071 1155 quod
1083 1071 1157 1136 dicit
1167 1072 1260 1156 quid.
1376 1069 1458 1135 Nam
1475 1071 1566 1137 nulla
1577 1073 1659 1138 ratio
1671 1072 1784 1155 prohat
1800 1070 1887 1155 quod
1904 1070 2047 1155 potentia

596 1191 626 1250 l.
649 1184 740 1262 Qtrod
761 1183 849 1248 enim
868 1181 1010 1265 primum
1024 1179 1184 1261 objicitur,
1206 1183 1320 1263 patet:
1376 1175 1460 1243 dicat
1483 1179 1667 1262 proprium3
1690 1179 1744 1243 sed
1767 1179 1854 1262 quod
1880 1178 2028 1262 potentia

557 1293 693 1360 concedo
714 1291 800 1356 enim
820 1289 1011 1371 Magistrum
1030 1287 1126 1352 luisse
1144 1288 1243 1369 huJ'us
1262 1306 1323 1371 po-
1375 1285 1468 1350 randi
1479 1286 1580 1352 active
1591 1286 1684 1367 dicta,
1699 1288 1768 1352 sive
1779 1305 1872 1371 posse
1888 1313 1920 1362 ;>·
1936 1314 1942 1344 ι
1958 1314 1973 1343 a
1994 1315 1999 1342 2
2032 1314 2035 1323 ·

557 1400 690 1467 sitionis.
705 1397 795 1463 Unde
807 1398 972 1476 dixeramt,
986 1396 1071 1479 quod
1085 1395 1195 1459 eadem
1207 1398 1323 1478 poten·
1375 1411 1418 1457 ex
1430 1393 1581 1476 adjuncto
1593 1399 1772 1477 respectum
1789 1395 1830 1459 ad
1847 1412 2024 1478 persopam
2039 1395 2049 1474 t

557 1509 602 1574 tia
625 1511 727 1592 potest
748 1505 849 1570 Filius
874 1504 986 1586 gigni,
1014 1521 1080 1587 qua
1101 1501 1195 1567 Pater
1221 1505 1324 1585 potest
1376 1499 1421 1563 ita
1439 1499 1515 1565 dioit
1536 1500 1582 1566 od
1598 1501 1748 1585 oliqntd;
1761 1502 1814 1567 sed
1828 1501 1893 1567 hoc
1913 1506 1964 1567 est
1978 1500 2041 1565 sol

558 1603 692 1699 gignere
710 1637 717 1678 :
733 1612 820 1698 quod
835 1630 903 1677 non
922 1615 1017 1690 esset,
1036 1610 1099 1675 nisi
1114 1609 1254 1693 potentia
1274 1609 1324 1674 di·
1375 1607 1464 1672 tione
1477 1606 1586 1673 additi.

557 1727 641 1790 aeret
653 1721 745 1806 quid.
759 1720 848 1786 Unde
861 1718 956 1800 dixit,
971 1717 1058 1801 quod
1071 1717 1211 1804 potentia
1224 1734 1324 1799 gene·
1417 1713 1496 1779 ltem
1504 1716 1691 1798 notandum,
1700 1718 1785 1801 quod
1794 1719 2050 1800 quatuorsunts

556 1831 648 1896 randi
663 1829 756 1894 estin
769 1827 864 1907 Filio,
879 1826 934 1891 sed
947 1843 1013 1890 non
1030 1823 1323 1908 apocarteresi
1376 1823 1546 1888 nominum
1562 1825 1598 1888 in
1614 1825 1730 1890 divinis
1747 1845 1756 1889 :
1774 1824 1927 1908 qrraedam
1940 1824 2050 1889 enim:

558 1938 766 2022 adgenerari.
787 1934 863 2000 Haeo
882 1938 990 1999 autem
1010 1932 1125 2017 positio
1143 1932 1218 1998 dicit
1236 1932 1322 2015 quod
1376 1930 1463 1994 tialia
1481 1934 1557 1995 sunt
1570 1932 1655 1997 dicta
1673 1932 1897 2012 essentialiter,
1918 1936 1957 1996 ut
1981 1931 2046 1996 di·'

558 2048 652 2110 estin
667 2042 946 2126 soloPatre;quia
963 2059 1029 2106 non
1048 2043 1175 2105 tantum
1195 2039 1324 2122 respicit
1376 2039 1475 2106 deitas
1489 2046 1521 2106 et
1534 2043 1699 2125 majestas3
1716 2043 1866 2126 quaedam
1878 2043 2010 2107 essenti
2048 2090 2050 2097 ,

556 2158 724 2232 naturam,
740 2152 794 2218 sed
807 2152 1030 2235 proprietatem
1043 2167 1200 2233 personae.
1376 2149 1526 2214 sonaliter
1539 2151 1632 2230 diota
1645 2155 1684 2215 ut
1696 2151 1836 2234 potentia
1849 2151 2048 2233 generandi3

596 2267 627 2326 2.
638 2262 687 2327 Ad
695 2261 774 2326 illud
786 2261 872 2343 quod
880 2258 1040 2341 objicitur,
1054 2257 1214 2341 quomodo
1225 2273 1323 2338 gene·
1376 2255 1451 2322 dam
1468 2258 1646 2340 personalia
1663 2259 1745 2324 dieta
1763 2258 1986 2341 personaliter,
2002 2263 2043 2323 ut

557 2388 629 2435 rare
643 2367 847 2451 consequitur
858 2369 1023 2444 naturam;
1039 2365 1219 2442 dicandum,
1234 2363 1321 2446 quod
1377 2382 1452 2429 rans
1477 2369 1508 2429 et
1527 2365 1673 2447 genitus3
1695 2364 1843 2447 quaedam
1863 2366 2049 2448 personalia

556 2478 592 2541 in
619 2476 738 2542 divinis
761 2493 827 2539 non
848 2473 992 2556 sequitur
1020 2475 1171 2538 naturam
1194 2471 1323 2554 simpli·
1376 2471 1592 2548 essentialiter,
1602 2475 1639 2535 ut
1648 2471 1774 2548 missus,
1786 2471 1984 2553 incarnatus,
2000 2478 2034 2537 et

557 2586 648 2662 citer,
662 2583 717 2648 sed
731 2587 881 2646 naturam
894 2579 979 2646 utin
991 2598 1143 2664 persona,
1158 2579 1234 2663 quia
1253 2597 1321 2644 non
1376 2577 1479 2658 modi,
1494 2596 1568 2661 quaa
1586 2580 1696 2644 dicunt
1712 2583 1893 2661 respectum
1905 2580 1948 2644 ad
1970 2606 2000 2637 t·-
2027 2608 2050 2637 *t

557 2694 593 2756 in
608 2691 749 2774 qualibet
760 2707 896 2773 pensem
906 2691 954 2754 est
965 2692 1081 2752 natura
1093 2687 1252 2764 facunda,
1267 2686 1323 2752 sed
1376 2690 1408 2750 et
1421 2686 1492 2751 ideo
1508 2685 1703 2769 personalia,
1718 2689 1750 2750 et
1762 2686 1914 2751 effectum
1933 2687 1970 2751 in
1991 2714 2006 2744 a
2028 2714 2050 2743 e:

556 2799 662 2864 solum
677 2799 710 2863 in
723 2815 858 2882 persona
871 2795 973 2861 Patris
988 2818 995 2861 :
1010 2800 1042 2862 et
1054 2796 1115 2861 hoc
1128 2799 1176 2860 est
1185 2813 1244 2879 per
1260 2794 1322 2859 ali·
1377 2795 1409 2858 et
1421 2792 1491 2858 ideo
1504 2792 1710 2859 essentialiter
1723 2797 1799 2858 sunt
1808 2793 1904 2858 dicta.

557 2925 656 2991 quam
667 2906 892 2990 proprietatem
905 2921 978 2986 quae
990 2907 1038 2968 est
1048 2902 1146 2967 solius
1157 2902 1324 2985 illinsper·
1417 2899 1546 2966 Duabus
1565 2900 1744 2966 rationibus
1763 2901 1976 2984 sequentihus
2002 2926 2017 2957 a

558 3033 656 3080 sonae.
672 3013 742 3079 Non
760 3013 806 3077 sic
818 3015 865 3077 est
879 3012 914 3075 in
926 3010 1149 3091 inferioribus,
1164 3009 1245 3074 siout
1253 3012 1323 3093 jam
1377 3010 1581 3092 respondere;
1596 3009 1672 3092 quia
1686 3007 1765 3073 illud
1777 3026 1845 3072 non
1857 3008 1958 3073 hehet
1967 3028 2014 3076 rs
2030 3010 2050 3055 ³

558 3122 675 3208 patebit
690 3144 698 3186 t
713 3121 784 3186 ideo
797 3122 883 3203 patet
894 3101 981 3201 quod
991 3117 1071 3183 illud
1080 3136 1147 3183 non
1166 3117 1261 3183 valet.
1377 3116 1439 3181 nisi
1461 3116 1589 3201 quando
1611 3119 1700 3181 aetus
1721 3116 2050 3200 complectitur-:1

597 3236 629 3296 3.
644 3230 694 3295 Ad
705 3228 784 3293 illud
796 3228 882 3310 quod
891 3226 1040 3308 objicitur
1051 3225 1138 3309 quod
1148 3226 1183 3290 in
1195 3226 1325 3291 aeternis
1377 3224 1509 3290 tentiam
1524 3243 1533 3289 τ
1548 3242 1614 3289 non
1634 3223 1679 3287 sie
1696 3227 1743 3288 ost
1759 3224 1793 3287 in
1813 3222 1958 3307 potentia
1980 3223 2037 3289 Dei

558 3340 606 3403 est
618 3336 704 3401 idem
716 3351 782 3402 esre
792 3339 824 3400 et
841 3332 1153 3417 possedendum,
1168 3333 1255 3417 quod
1268 3351 1325 3400 ve-
1378 3332 1489 3397 oadem
1502 3337 1550 3397 est
1560 3331 1698 3416 potentia
1706 3330 1854 3413 gignere,
1866 3337 1899 3397 et
1909 3331 2041 3414 gigni·

557 3463 632 3511 rum
644 3448 702 3524 est,
716 3445 887 3510 sedtamen
899 3443 1130 3522 argumentum
1140 3459 1207 3505 non
1217 3441 1321 3505 valet:
1419 3439 1469 3504 Ad
1494 3439 1572 3505 illud
1590 3438 1676 3522 quod
1697 3438 1858 3520 obiicitur,
1883 3439 1975 3522 quod
1993 3440 2048 3505 rda

559 3552 706 3636 quamvis
725 3552 814 3616 enim
837 3550 970 3615 omnino
994 3549 1035 3612 sit
1054 3548 1139 3614 idem
1154 3548 1190 3611 in
1207 3546 1326 3614 divinis
1379 3563 1471 3629 posse
1479 3564 1645 3628 generare,
1658 3545 1865 3627 etgenersri3
1878 3546 2009 3611 dieend
2028 3576 2045 3604 u

560 3677 644 3742 esse,
664 3664 697 3725 et
718 3674 783 3725 esee
802 3664 944 3741 potrum
965 3674 1032 3721 non
1049 3659 1157 3721 tamen
1179 3656 1325 3745 sequitur
1379 3670 1445 3718 non
1458 3653 1553 3717 valet.
1576 3652 1728 3730 Quamvis
1743 3653 1832 3717 enim
1845 3653 1934 3719 idem
1946 3654 2034 3720 silet

559 3769 666 3852 quod,
687 3767 715 3831 si
732 3783 798 3833 erse
817 3769 944 3849 patrem
965 3768 1011 3828 est
1030 3763 1217 3847 proprium,
1238 3764 1326 3846 quod
1380 3764 1412 3825 et
1426 3760 1616 3839 substantia,
1636 3778 1703 3824 non
1719 3764 1828 3824 tamen
1847 3761 1999 3844 sequitur
2022 3789 2050 3820 ιι

560 3892 627 3944 osae
648 3875 689 3939 sit
713 3874 891 3959 proprium.
920 3871 1070 3937 Similiter
1095 3871 1265 3937 dicendum
1290 3872 1327 3936 in
1380 3865 1944 3951 Paterdieiturudoltoutd,quodet
1959 3897 1986 3927 2«.
2003 3898 2049 3926 μ.»

558 3984 730 4068 proposito.
1379 3974 1462 4039 siout
1474 3974 1588 4039 melius
1605 3976 1724 4057 patebit
1735 3975 1819 4040 inira
1833 3977 1857 4039 ¹.

570 4150 574 4157 .
598 4096 629 4155 l.
639 4090 688 4155 Ad
697 4089 776 4155 illud
784 4089 870 4172 quod
879 4086 1029 4170 objicitur
1038 4086 1077 4151 de
1088 4087 1227 4167 scientia,
1239 4089 1324 4172 quod
1420 4079 1680 4146 Bushusultimis
1690 4081 1867 4148 rationibus
1875 4084 2005 4151 difficile
2020 4113 2049 4142 a«

558 4200 634 4265 dicit
652 4197 751 4282 quid,
773 4197 840 4263 sive
861 4214 918 4280 per
941 4213 975 4259 se
997 4194 1136 4276 dicetur,
1159 4197 1227 4263 sive
1250 4216 1325 4263 eum
1380 4188 1583 4272 reswssdssrflt
1600 4193 1708 4254 lamen
1724 4192 1826 4272 polest
1838 4191 1914 4273 quis
1927 4191 2050 4260 dicere,

558 4309 635 4388 alio;
666 4306 851 4384 dicendum,
878 4304 964 4388 quod
993 4322 1061 4368 non
1086 4308 1134 4369 est
1155 4305 1260 4372 simile
1287 4307 1327 4371 de
1380 4296 1518 4361 rationes
1530 4294 1594 4359 illae
1608 4313 1676 4360 11011
1692 4296 1888 4362 concludunt
1905 4299 1996 4380 quod
2021 4327 2048 4356 ιι

557 4415 727 4482 scientieet
739 4414 890 4499 potentia.
905 4410 1151 4491 Scientisenim,
1165 4416 1325 4496 quantum
1380 4402 1463 4468 dicat
1483 4400 1529 4469 ad
1547 4401 1676 4484 aliquid
1695 4402 1735 4469 de
1757 4421 1806 4482 ³23
1826 4402 1883 4468 sed
1903 4403 2012 4470 solum

558 4530 605 4590 est
613 4525 651 4589 de
660 4542 704 4604 se,
713 4522 788 4587 dicit
796 4520 983 4604 qualitatem
992 4519 1188 4601 absolutam
1201 4521 1325 4600 olidae,
1380 4509 1539 4593 adjuncti,
1568 4510 1655 4593 quod
1679 4513 1727 4576 est
1750 4528 1908 4592 generare
1935 4534 1944 4577 ι
1974 4518 2007 4578 et

558 4635 716 4715 quantum
734 4632 781 4694 est
799 4629 839 4694 de
856 4646 904 4707 se,
920 4644 1045 4709 semper
1062 4628 1138 4692 dicit
1156 4628 1248 4711 quid,
1263 4628 1326 4692 nisi
1380 4620 1463 4696 tent,
1480 4619 1541 4682 etc.

557 4733 703 4799 trahatur
718 4731 759 4815 (a)
773 4749 782 4796 ε
794 4730 850 4796 sed
863 4729 1004 4812 potentia
1013 4729 1089 4794 dicit
1104 4728 1326 4796 habitudinem
1646 4748 1824 4828 Qumsrto
1844 4751 1886 4817 ῃο

559 4846 591 4906 et
603 4841 779 4923 originem
794 4843 827 4905 et
840 4838 910 4903 ideo
926 4840 1029 4921 potest
1042 4836 1146 4903 dicere
1162 4838 1328 4904 habitudi-

559 4968 635 5027 nem
658 4947 836 5032 propriam,
864 4949 895 5011 et
917 4963 1062 5028 personae
1084 4945 1124 5009 ad
1144 4963 1325 5028 personam.

561 5055 649 5122 Unde
662 5055 743 5120 illud
755 5054 857 5118 simile
871 5052 1014 5135 Magistri
1034 5070 1100 5118 non
1114 5053 1199 5118 valet
1211 5072 1326 5120 seeun-
1422 5055 1537 5122 Utrum
1551 5057 1692 5141 potentia
1704 5059 1883 5138 gmerandi
1900 5060 1943 5125 sit
1957 5062 1993 5125 in
2013 5066 2050 5117 'h

561 5165 640 5230 dum
651 5163 735 5228 hane
757 5161 962 5245 positionem,
983 5159 1085 5243 quod,
1100 5160 1182 5226 sieut
1194 5181 1261 5227 una
1281 5166 1329 5227 est
1382 5165 1469 5248 quod
1481 5165 1545 5242 sie,
1565 5163 1693 5231 ridetur
1710 5166 1956 5233 auctoritah'hus
1971 5173 2003 5234 et

576 5360 579 5367 ,
595 5309 678 5360 ¹Dist.
688 5317 779 5369 xxvn,
793 5318 819 5370 q.
830 5317 870 5356 111.
879 5331 910 5343 -
920 5304 930 5335 ²
941 5303 981 5369 cs.
997 5306 1025 5356 S.
1037 5302 1139 5368 Thom,
1152 5319 1178 5370 p.
1191 5306 1218 5372 1,
1231 5319 1257 5370 q.
1267 5316 1326 5371 m,
1381 5271 1453 5336 bus·

596 5399 626 5464 (o)
636 5391 1326 5464 Scppt.adpersonam.-td)lid.l'.personamendore.
1381 5399 1430 5448 ert.
1440 5398 1466 5461 6,
1479 5399 1505 5449 et
1519 5399 1528 5449 l
1541 5397 1622 5460 sent,
1635 5397 1752 5462 dist.v11,
1766 5410 1794 5463 q.
1804 5407 1839 5461 11,
1853 5402 1903 5451 art
1914 5400 1944 5463 t3
1957 5400 2023 5453 out,
2049 5439 2050 5442 ,

1488 4905 1672 4979 deputastis
1682 4905 1831 4977 pereundi
1842 4910 1882 4965 sit
1895 4909 1929 4963 to
1941 4908 2014 4963 Pilio
2024 4902 2044 4959 '.
