4100 6300
688 488 785 555 olsv.
808 488 832 555 l.
854 489 945 555 Alli.
968 488 992 554 l.
1015 488 1165 568 (tunsi.
1187 492 1225 557 11.
1710 492 1754 560 '37

163 618 234 703 prie
255 621 414 704 pertinent
431 623 471 688 ed
491 643 587 690 usum
604 626 800 705 humanum
823 625 876 692 vel
896 626 931 690 in
983 627 1185 695 bonoerecto
1198 630 1239 695 sit
1251 631 1426 710 utendum3
1442 632 1571 715 etquod
1584 632 1644 712 sic,
1663 631 1752 699 vide·

161 727 346 794 fucultatem
363 729 536 797 voluntatis
554 733 761 816 ecceptsntis,
784 734 867 798 sicut
885 738 932 798 est
984 738 1049 801 tur.
1065 736 1166 804 Omne
1180 738 1320 820 honum,
1342 743 1398 805 nui
1413 742 1461 804 cst
1476 740 1567 817 finis,
1584 743 1640 805 aut
1654 740 1694 804 ed
1710 739 1754 805 fl-

162 834 288 902 dilectio
301 837 453 920 proximi,
468 843 499 903 et
510 839 710 922 hujusmodi;
725 841 778 908 vel
790 842 930 906 inlecul·
984 848 1084 909 nem¹
1103 846 1180 912 :sed
1193 848 1261 913 solo
1273 848 1358 913 bono
1376 848 1462 931 qnod
1481 852 1529 912 est
1542 847 1581 911 ad
1594 849 1694 913 duem
1707 852 1754 913 cst

163 946 261 1008 telem
276 944 449 1010 voluntatis
460 947 640 1027 tolerantis,
655 949 738 1014 sicut
753 953 830 1014 sunt
845 949 931 1014 melu
984 953 1160 1033 utendum,
1177 956 1257 1039 quio
1270 957 1353 1021 retio
1366 956 1455 1021 utilis
1467 959 1515 1019 est
1532 955 1647 1019 ducere
1662 955 1699 1019 in
1709 957 1752 1019 ll-

159 1069 280 1133 poenae3
291 1051 344 1118 vel
356 1052 392 1115 in
403 1052 585 1119 facultatem
597 1055 930 1140 voluntatisrespuen·
981 1077 1059 1125 nem
1073 1083 1081 1124 ι
1096 1081 1190 1145 ergo,
1204 1083 1280 1129 cum
1297 1064 1402 1129 solum
1420 1063 1543 1129 bonum
1557 1066 1700 1127 creatum
1712 1063 1753 1129 sit

161 1158 217 1239 tis,
233 1162 265 1223 et
280 1159 325 1224 sic
337 1164 547 1227 assumuntur
560 1163 646 1229 mula
661 1165 781 1248 rulpae,
795 1169 827 1230 ci
842 1164 930 1229 ordi·
983 1168 1023 1232 ad
1036 1170 1146 1249 finem,
1159 1171 1227 1236 solo
1236 1172 1319 1236 bono
1334 1175 1439 1236 crceto
1451 1174 1498 1235 est
1509 1168 1677 1235 utendum.
1748 1147 1753 1156 ¹

162 1267 294 1328 nentur.
311 1262 425 1329 Primis
437 1265 562 1333 duobus
574 1268 677 1334 modis
688 1268 879 1351 intelligitur
889 1268 929 1333 il·
1024 1275 1122 1358 item,
1138 1296 1234 1343 omne
1252 1280 1375 1344 bonum
1395 1282 1452 1343 aut
1463 1282 1511 1342 est
1523 1281 1683 1355 ereetum,
1697 1281 1755 1342 eut

157 1370 235 1437 lud:
252 1370 352 1454 cidus
363 1389 443 1439 usus
456 1374 567 1456 bouus,
583 1381 643 1441 etc.
981 1384 1171 1451 increatum.
1183 1387 1256 1465 Sed,
1271 1388 1299 1451 si
1312 1387 1468 1470 contingit
1480 1388 1528 1451 uti
1537 1389 1621 1451 hono
1632 1387 1754 1452 incres-

203 1484 232 1543 l.
254 1480 304 1545 Ad
315 1479 394 1546 illud
411 1500 491 1565 ergo
508 1484 594 1568 quod
609 1484 758 1567 objicitur
770 1486 809 1550 de
822 1484 929 1549 cheri·
982 1496 1027 1572 to,
1043 1494 1200 1575 contingit
1213 1494 1292 1559 illud
1306 1495 1423 1560 referre
1436 1494 1594 1560 adalind:
1605 1498 1754 1578 eutergo

159 1590 235 1665 tete,
248 1589 334 1671 quod
348 1594 473 1656 tontum
483 1592 544 1657 tris
552 1597 742 1659 creuissent
751 1594 927 1676 diligends;
982 1599 1023 1664 sd
1042 1605 1202 1681 creatum,
1214 1606 1270 1666 aut
1283 1603 1461 1667 increatum
1477 1622 1485 1666 :
1499 1602 1633 1667 sednon
1646 1603 1686 1667 ed
1699 1602 1754 1667 in-

157 1695 346 1778 dicendum,
367 1700 454 1782 quod
470 1700 604 1782 diligere
620 1701 741 1785 eliqrdd
760 1719 801 1765 ex
821 1702 929 1766 churi-
982 1711 1143 1787 creatum,
1158 1710 1314 1791 quianon
1334 1714 1381 1774 est
1393 1710 1455 1773 nisi
1472 1727 1577 1774 unum
1597 1728 1701 1792 :ergo
1713 1711 1754 1776 nd

156 1806 234 1882 tete,
250 1805 459 1873 estordinnre
469 1808 504 1872 in
520 1827 686 1873 summum
695 1809 830 1887 bonum,
843 1810 930 1891 quod
983 1819 1136 1879 creatum.
1151 1814 1211 1880 Scd
1221 1816 1266 1880 sic
1279 1817 1415 1880 refertur
1427 1816 1586 1880 lerminns
1598 1817 1638 1881 ad
1651 1818 1752 1896 viem,

157 1928 217 1995 per
230 1930 264 1977 se
277 1912 414 1978 charites
425 1914 550 1998 diligit:
566 1915 628 1981 hoc
645 1920 755 1981 eutem
774 1916 931 1998 conlingit
982 1925 1014 1987 et
1024 1923 1168 1989 ceuseed
1183 1924 1331 1989 effectum
1344 1946 1351 1989 :
1365 1925 1420 1990 sed
1427 1925 1489 1989 hoc
1500 1928 1547 1988 est
1555 1924 1677 2004 abusio,
1688 1943 1755 1990 non

157 2019 343 2104 dupliciter:
355 2027 411 2087 sut
422 2023 509 2087 enim
518 2024 675 2106 contingit
685 2026 832 2090 ordinere
843 2025 928 2108 qnod
983 2048 1062 2094 usus
1078 2052 1086 2094 r
1103 2049 1182 2113 crgo
1195 2032 1263 2096 solo
1275 2033 1360 2097 bono
1372 2035 1495 2114 cresto,
1508 2032 1577 2097 sive
1591 2035 1752 2113 creature,

156 2132 273 2193 netum
285 2134 333 2195 est
347 2130 497 2197 devenire
508 2132 543 2196 in
561 2132 678 2213 tinem,
698 2136 730 2196 et
743 2133 788 2197 sic
800 2138 928 2198 tentum
982 2139 1031 2202 est
1042 2137 1209 2203 utendum.

156 2236 221 2302 tric
235 2240 340 2303 creste
357 2238 520 2320 diligende
539 2243 615 2305 sunt
628 2259 669 2305 ex
686 2240 854 2320 charitelc3
873 2246 930 2306 eut
1023 2244 1103 2310 ltem
1118 2244 1343 2328 Augustinus⁸
1362 2246 1476 2311 dividit
1488 2246 1661 2310 honestum
1676 2263 1754 2311 con·

155 2345 238 2410 illud
250 2364 308 2430 per
322 2347 408 2430 quod
421 2347 571 2414 devenire
582 2353 629 2414 est
640 2348 676 2413 in
686 2368 853 2414 summum
867 2350 929 2415 bo·
981 2356 1033 2417 tra
1046 2353 1126 2419 utile
1143 2376 1151 2418 :
1167 2372 1246 2436 ergo
1259 2355 1386 2419 nullum
1401 2354 1478 2419 utile
1491 2354 1675 2431 honestum,
1690 2358 1754 2419 ete

154 2472 259 2534 num,
277 2456 397 2538 etquis
414 2455 587 2541 hucpoiest
606 2476 674 2522 esse
691 2476 751 2522 suo
765 2458 860 2524 modo
872 2478 929 2543 per
982 2478 1147 2526 converse.
1169 2460 1231 2527 Sed
1248 2461 1331 2526 Deus
1348 2464 1396 2526 est
1411 2461 1490 2545 quid
1506 2462 1678 2526 honestum
1697 2480 1754 2545 per

155 2581 289 2629 omnem
313 2568 513 2646 creaturum,
535 2565 641 2629 omnis
662 2570 808 2631 mouture
826 2570 930 2650 potest
982 2569 1175 2634 essentiemr
1192 2569 1342 2651 ergolleo
1354 2588 1420 2634 non
1433 2569 1661 2635 estulendum.

154 2670 252 2755 diligi
264 2691 306 2738 ex
318 2672 483 2752 charitate,
496 2677 528 2738 ei
540 2672 630 2739 omni
644 2677 790 2740 creature
801 2676 928 2741 contin-
1022 2676 1113 2755 llem,
1124 2676 1252 2742 videtur
1261 2676 1604 2760 quodnonsolumnon
1613 2677 1754 2742 situten·

153 2780 277 2864 gituti.
982 2784 1755 2865 dumlteo,sivcbonoincreeto3sedutieosem·

198 2894 229 2954 2.
242 2889 291 2954 Ad
306 2888 383 2954 illud
398 2888 484 2972 quod
496 2888 662 2972 objicitur,
677 2890 763 2973 quod
775 2909 842 2956 non
853 2909 928 2957 om·
981 2908 1040 2974 per
1054 2891 1095 2955 sit
1111 2893 1277 2974 peccatum
1292 2889 1437 2969 mortale,
1456 2890 1533 2972 quis
1550 2889 1755 2972 Augustinus

152 2998 214 3064 nie
241 2998 407 3080 subjacent
429 2996 601 3077 voluntati3
626 2997 812 3077 dicendum,
842 3000 928 3084 quod
981 2998 1105 3063 dicit‘:
1125 2997 1289 3063 «Summe
1306 2997 1497 3082 perversitas
1509 3001 1557 3063 est
1569 2999 1635 3063 frui
1655 3003 1755 3064 uten-

154 3106 275 3190 aliquis
297 3105 413 3172 dicitur
435 3105 564 3172 subesse
589 3104 733 3172 dominio
753 3107 928 3174 voluntatis
981 3107 1050 3185 dis,
1064 3111 1096 3173 ct
1114 3107 1163 3173 uti
1176 3106 1344 3173 fruendis:
1366 3128 1382 3168 v
1397 3106 1452 3171 sed
1468 3107 1526 3190 qni
1544 3107 1645 3172 utitur
1669 3107 1753 3174 bono

94 3214 105 3223 “
154 3216 349 3300 dupliciter:
365 3217 423 3281 eut
440 3218 601 3297 qnantum
613 3215 654 3280 ed
666 3233 734 3280 esse
749 3216 851 3299 ipsius
862 3218 925 3299 rei,
980 3215 1133 3295 increato,
1147 3214 1250 3280 utitur
1263 3215 1348 3279 bono
1360 3213 1494 3278 fruendo
1508 3236 1517 3278 ε
1531 3232 1622 3297 ergo,
1637 3218 1697 3280 etc.

153 3327 190 3388 et
200 3324 320 3387 sicnon
332 3322 632 3405 omniosubjscent3
647 3327 704 3388 aut
715 3327 874 3407 quantum
886 3326 928 3390 sd
1021 3322 1158 3388 Contre:
1175 3327 1206 3386 l.
1222 3321 1383 3403 Contingit
1395 3320 1459 3387 Deo
1470 3325 1554 3386 recte
1567 3324 1687 3388 servire
1700 3322 1753 3387 in-
1789 3350 1825 3396 sc
1835 3363 1874 3410 op.

151 3434 266 3497 sctum
274 3430 458 3509 voluntatis,
469 3431 526 3513 qui
536 3431 625 3495 estin
636 3433 814 3515 respuendo
823 3433 927 3517 ipsum
980 3431 1068 3496 tuitu
1080 3430 1246 3509 mercedis,
1260 3428 1337 3513 qrria
1349 3429 1529 3494 multisunt
1541 3429 1620 3494 boni
1633 3448 1753 3496 merce·
1766 3426 1814 3472 W·

153 3558 240 3617 rem,
254 3538 307 3604 vel
320 3538 539 3621 approbando,
552 3543 584 3604 et
595 3539 657 3604 hoc
673 3545 804 3624 propter
813 3560 859 3621 se,
873 3543 927 3609 vel
980 3539 1076 3617 nerii,
1089 3542 1128 3603 ut
1140 3538 1216 3604 dicit
1226 3537 1440 3601 Ambrosius⁸
1456 3558 1464 3601 :
1479 3537 1613 3603 sednon
1627 3540 1753 3605 contin·

152 3652 287 3732 propter
300 3647 400 3726 eliud,
411 3650 443 3711 et
455 3647 512 3711 teli
525 3647 620 3712 modo
633 3648 745 3713 omnis
762 3649 928 3732 subjacent
980 3647 1032 3730 git
1044 3645 1108 3712 lico
1121 3645 1253 3722 servire,
1268 3644 1331 3709 nisi
1346 3644 1483 3709 emendo
1502 3664 1509 3709 :
1526 3663 1606 3727 ergo
1619 3648 1754 3730 contigit

153 3756 317 3822 voluntati
327 3759 457 3836 nostrae,
468 3755 585 3821 scilicet
596 3760 754 3838 quantum
766 3756 808 3821 ed
818 3761 926 3823 sctum
980 3754 1083 3820 Deum
1097 3758 1180 3821 recte
1193 3772 1302 3819 emere
1315 3753 1436 3817 intuitu
1450 3754 1613 3820 mercedis.
1634 3754 1696 3821 Sed
1707 3757 1753 3822 sic

150 3863 367 3949 appetitionis,
375 3863 427 3929 vel
436 3863 651 3947 respuitionis,
662 3864 811 3930 licetnon
822 3865 926 3950 primo
980 3882 1094 3929 emaus
1115 3863 1217 3929 utitur
1239 3862 1322 3942 Deo,
1348 3861 1425 3945 quie
1446 3862 1543 3927 refert
1568 3863 1608 3928 ad
1629 3863 1750 3931 eliud:

148 3974 260 4039 modo.
980 3991 1072 4056 erge,
1086 3977 1145 4038 etc.

195 4083 262 4146 iet
273 4085 304 4146 i.
317 4080 454 4147 Adillud
467 4080 553 4164 quod
566 4078 725 4164 objicitur,
740 4082 826 4164 quod
835 4100 926 4166 que-
1020 4085 1051 4146 i.
1067 4081 1162 4163 ltem,
1174 4082 1258 4148 sicul
1274 4098 1403 4147 summa
1416 4078 1540 4145 bonitas
1554 4080 1652 4147 hebet
1665 4099 1698 4145 se
1711 4081 1752 4146 ed

151 4191 232 4256 dom
245 4190 334 4256 nullo
350 4191 435 4256 bono
449 4190 514 4255 tine
529 4191 664 4274 possunt
677 4188 765 4267 deri,
779 4189 926 4257 similiter
979 4208 1135 4271 amorem,
1147 4191 1192 4255 sic
1201 4188 1505 4255 summoventused
1514 4189 1749 4271 cognitionem:

150 4298 243 4382 qnod
266 4316 392 4382 semper
419 4297 505 4362 vitiis
528 4296 709 4377 abutimur3
735 4297 921 4379 dicendum,
979 4299 1035 4364 sed
1049 4299 1205 4381 contingit
1216 4300 1385 4365 veritatem
1403 4299 1542 4361 meatem
1559 4315 1752 4379 cognoscere

149 4400 242 4492 qdod
254 4406 403 4490 objicitur
415 4407 594 4471 secundum
608 4405 785 4489 viamque
797 4407 924 4472 conlin-
979 4407 1097 4472 clarius
1114 4406 1183 4472 sine
1196 4406 1381 4490 praejudicio
1396 4423 1533 4469 summae
1546 4405 1707 4484 veritatis,
1720 4411 1752 4471 et

148 4517 204 4599 git
219 4516 268 4580 uti
287 4515 397 4598 aliquo
413 4519 452 4580 ut
471 4518 545 4580 ectu
563 4514 685 4591 medio,
701 4519 733 4579 et
748 4514 810 4580 hoc
829 4516 924 4582 modo
979 4517 1049 4581 siue
1063 4533 1169 4580 errore
1181 4537 1188 4579 :
1201 4532 1280 4596 ergo
1290 4512 1435 4578 similiter
1442 4513 1600 4595 contingit
1608 4514 1750 4597 adquam

44 4707 51 4721 ι
150 4642 223 4690 non
244 4622 393 4689 convenit
409 4622 459 4686 uti
475 4625 619 4705 peccato3
634 4621 687 4687 vel
709 4622 791 4688 sicut
812 4624 924 4690 habitu
979 4622 1076 4688 sliam
1085 4622 1274 4700 bonitatem,
1289 4639 1573 4704 quamsummam‚
1587 4614 1751 4688 ardentius

151 4731 335 4815 regulente,
351 4730 496 4795 similiter
512 4752 520 4795 :
534 4730 685 4795 convenit
696 4734 804 4796 tomen
823 4750 862 4797 eo
875 4733 924 4798 nti
977 4732 1112 4815 diligere
1122 4731 1190 4796 sine
1200 4729 1386 4814 praeiudicio
1398 4746 1536 4794 summer
1545 4729 1705 4812 bonitatis,
1718 4736 1751 4798 et

147 4841 237 4906 sicut
247 4839 372 4923 objecto
389 4841 475 4903 recto
488 4855 547 4922 per
559 4837 692 4903 modum
705 4839 921 4923 enniconis,
978 4840 1215 4906 deordinetionc
1230 4858 1240 4903 ε
1256 4857 1335 4921 ergo
1355 4838 1513 4919 contingit
1532 4855 1642 4904 umore
1659 4839 1749 4906 ordi-

146 4952 183 5016 et
194 4946 419 5014 detestationis.
977 4953 1055 5014 nato
1080 4945 1166 5013 efiud
1188 4947 1261 5030 plus
1274 4946 1380 5030 diligi,
1399 4965 1497 5030 quem
1515 4946 1618 5012 ileum
1642 4968 1650 5012 ε
1669 4966 1748 5031 ergo

963 5054 1483 5140 contingitlleumdiligipropter
1493 5054 1746 5140 eliodordinete,

407 5124 589 5206 QUAESTIO
611 5124 665 5191 ΙΙΙ.
976 5169 1008 5232 et
1019 5165 1124 5230 itanu
1136 5182 1186 5229 eo·

272 5254 321 5312 An
332 5254 388 5312 ⁸010
402 5254 468 5312 cono
481 5252 758 5312 serracenorum
776 5256 795 5313 ¹·
1009 5288 1742 5357 trs.Ganr.Bie1‚1sent,dist.i,q.1.-²lrist.‚lutu.

40 5383 132 5431 M·
190 5380 323 5448 Ostenso
336 5383 447 5445 ulrrrm
461 5378 551 5445 omni
569 5385 673 5445 creato
690 5380 733 5446 sit
750 5382 918 5466 utendum,
976 5365 1019 5475 {sl
1031 5366 1074 5450 .¹¹³
1098 5379 1122 5414 ⁰·
1137 5375 1173 5415 Ν·
1186 5389 1218 5401 “
1235 5361 1314 5412 ’[ὼ·
1328 5363 1453 5415 ΜΨ
1472 5365 1577 5446 Μ»
1595 5379 1622 5430 ‘1-
1636 5376 1700 5416 ¹¹¹·
1713 5392 1745 5403 “

21 5451 97 5493 ueste
996 5437 1072 5503 iord,
1090 5436 1176 5502 quood
1191 5448 1304 5485 sensum.
1317 5461 1349 5473 -
1362 5437 1373 5473 ⁸
1384 5437 1412 5487 lu
1431 5436 1487 5491 luc.
1509 5436 1553 5489 iro.
1568 5437 1612 5488 llll
1619 5474 1630 5505 ,
1651 5452 1675 5490 c.
1695 5449 1744 5505 xv,

146 5493 180 5558 ct
192 5488 283 5557 omni
294 5487 358 5555 elio
371 5508 390 5554 a
404 5487 483 5569 Dru,
498 5492 546 5555 est
559 5489 709 5574 questio,
723 5492 835 5557 utrum
853 5492 921 5559 solo
976 5524 1003 5564 n.
1016 5514 1072 5575 cro,
1087 5508 1173 5579 quoad
1183 5519 1295 5559 ursum.
