4100 6300
543 400 641 467 lllST.
661 400 725 467 XX.
746 399 838 467 Atti.
860 399 900 467 ll.
923 399 1072 481 QUAEST.
1094 403 1134 470 lt.
1581 412 1640 473 349

59 543 179 628 tinguit
199 543 306 605 tamen
322 538 356 602 in
375 538 443 603 suis
462 537 669 603 interioribus
680 538 813 603 distinc-
866 537 1635 621 etiiamascanuslibrol:aPatereetceusaFilii3»

57 654 165 718 tionem
178 645 337 730 supponit.
864 650 963 730 putet,
978 652 1037 713 etc.
1569 703 1575 720 ,
1676 713 1682 723 ‚

94 761 121 821 5.
134 755 179 821 dd
192 753 268 818 illud
280 751 366 835 quod
379 751 547 835 objicitur:
568 752 650 818 «Ubi
663 757 711 818 est
722 754 811 834 orde,
909 754 1045 820 Contra:
1066 762 1096 822 i.
1118 756 1354 840 Cujuscumque
1371 756 1516 837 cstordo‚
1531 756 1639 841 ipsum
1665 790 1699 834 ,d
1709 803 1762 847 „„

55 865 96 930 ibi
114 860 360 945 dependendam
377 859 546 924 dicendum
560 860 647 943 quod
660 861 737 925 ordo
748 861 814 924 im·
869 863 1055 928 ordinatur:
1071 882 1149 947 ergo
1168 865 1244 928 siin
1262 864 1380 929 divinis
1392 870 1439 928 est
1452 865 1529 930 ordo
1542 868 1641 931 natu-

56 973 151 1056 portet
176 966 416 1032 habitudinem:
448 970 481 1031 et
502 967 579 1049 quia
604 967 758 1033 hebitudo
780 969 815 1031 iu
869 986 927 1045 ree,
949 973 1066 1034 natura
1079 971 1266 1036 ordinatur:
1284 971 1338 1036 sed
1355 971 1442 1055 quod
1461 972 1638 1053 ordinetur,

55 1077 197 1143 creaturis
209 1075 331 1140 ratione
349 1075 595 1159 imperfectionis
608 1076 685 1141 dicit
697 1077 815 1159 depen-
869 1075 1090 1158 distinguitur,
1118 1084 1150 1143 et
1173 1084 1361 1144 numeratur
1370 1078 1391 1143 ⁸.
1416 1078 1449 1144 Sl
1472 1078 1544 1158 hoc,
1563 1097 1642 1161 ergo

55 1185 195 1263 dentiam,
216 1182 287 1247 ideo
307 1182 343 1245 iu
363 1182 516 1246 creaturis
533 1183 684 1266 importat
698 1184 814 1267 depan-
871 1183 904 1247 in
917 1184 1036 1248 divinis
1050 1189 1166 1251 natura
1174 1186 1383 1268 distinguitur
1391 1191 1422 1251 ot
1431 1192 1640 1253 numeratur:

53 1292 185 1358 dentiam
200 1313 206 1354 :
222 1289 258 1354 iu
269 1289 386 1354 divinis
397 1293 505 1354 autem
518 1291 622 1356 solum
631 1293 722 1375 ponit
732 1311 817 1357 com·
871 1291 926 1355 sed
939 1290 1000 1356 hoc
1011 1292 1127 1357 falsum
1140 1296 1207 1357 est:
1222 1311 1313 1375 ergo,
1328 1297 1387 1358 etc.

52 1399 242 1484 parationem
263 1401 296 1462 et
314 1391 558 1475 connexionem,
573 1403 606 1463 et
620 1400 745 1464 nullam
758 1401 816 1466 de·
912 1405 942 1466 2.
965 1400 1056 1481 ltem,
1077 1401 1109 1465 in
1127 1401 1245 1466 divinis
1258 1401 1343 1466 idem
1356 1405 1404 1465 est
1418 1405 1535 1467 natura
1548 1407 1579 1467 et
1591 1420 1643 1467 es-

52 1506 248 1592 pendendam
263 1508 295 1570 et
312 1505 561 1570 inclinationem.
872 1509 982 1589 sentia,
1004 1509 1082 1591 quia
1106 1513 1223 1573 natura
1244 1527 1364 1573 nomen
1384 1513 1431 1573 est
1452 1510 1640 1577 essentiale:

90 1620 118 1680 6.
141 1613 190 1680 llo
211 1613 289 1678 illud
311 1614 398 1697 quod
422 1614 534 1678 ultimo
557 1613 717 1696 objicitur,
732 1616 818 1698 quod
872 1616 926 1680 sed
946 1616 981 1680 in
999 1616 1118 1681 divinis
1137 1615 1226 1681 nubo
1245 1616 1339 1680 modo
1359 1616 1488 1699 ponitur
1502 1617 1579 1683 ordo
1593 1637 1645 1683 es-

51 1723 125 1788 ordo
158 1721 379 1804 presupponit
413 1739 607 1800 numerum3
646 1721 819 1786 dicendum
873 1723 1004 1788 sentiae:
1020 1708 1099 1806 ergo
1112 1742 1171 1788 nec
1184 1727 1320 1788 naturae.

51 1830 143 1913 quod,
165 1829 249 1894 sicut
270 1828 305 1892 in
327 1828 444 1892 divinis
462 1847 620 1893 numerus
637 1829 786 1894 distrahit
800 1850 820 1894 a
914 1836 944 1896 3.
959 1830 1050 1901 Item.
1065 1830 1123 1895 ubi
1137 1835 1183 1896 est
1197 1832 1274 1897 ordo
1289 1835 1424 1910 naturae,
1436 1831 1481 1896 ibi
1495 1835 1542 1898 est
1556 1832 1646 1915 prius

50 1939 167 2002 ratione
189 1935 332 2015 numeri,
356 1935 433 2018 quia
452 1936 497 1999 ibi
516 1940 563 2000 est
583 1935 742 2001 distinctio
754 1937 818 2019 hy·
874 1943 906 2003 et
918 1939 1075 2021 posterius
1087 1938 1265 2005 secundum
1278 1943 1427 2004 naturam
1442 1961 1449 2003 :
1466 1958 1557 2022 ergo,
1571 1939 1647 2005 siin

49 2048 211 2128 postasum
223 2047 362 2123 tontum,
377 2044 421 2107 ita
436 2043 513 2108 ordo
530 2063 550 2107 a
563 2044 686 2108 ratione
701 2045 820 2112 ordinis
874 2046 992 2111 divinis
1004 2050 1052 2111 est
1065 2047 1143 2112 ordo
1155 2051 1292 2127 naturae,
1308 2046 1352 2111 ibi
1365 2050 1413 2111 est
1426 2046 1515 2130 prius
1527 2051 1559 2110 et
1571 2065 1647 2130 pos·

50 2152 243 2234 simpliciter,
259 2150 347 2234 qriia,
362 2150 511 2233 quamvis
530 2152 571 2214 sit
586 2152 631 2214 ibi
650 2152 739 2232 ordo,
754 2171 821 2217 non
874 2155 994 2220 terius:
1010 2154 1066 2219 sed
1080 2154 1141 2217 hoc
1158 2154 1357 2220 nullomodo
1373 2154 1547 2238 recipitur:
1568 2172 1647 2235 ergo

47 2264 156 2324 tamen
170 2264 219 2324 est
231 2260 278 2323 ibi
291 2258 475 2339 antecessio,
492 2259 546 2323 sed
563 2258 668 2323 solum
686 2258 820 2340 originis
874 2279 934 2326 nec
944 2261 1022 2326 ordo
1036 2265 1172 2327 natnrae.
1187 2261 1278 2339 Quod
1291 2265 1400 2327 autern
1410 2260 1570 2326 indivinis
1581 2280 1648 2326 non

49 2367 218 2431 emanatio.
242 2365 302 2431 Vel
323 2365 413 2429 aliter
433 2365 624 2446 dicendum,
647 2365 732 2448 qnod
754 2385 821 2431 non
875 2369 916 2432 sit
937 2370 1028 2452 prius
1047 2387 1085 2432 ac
1107 2369 1274 2453 posterius,
1294 2369 1470 2433 ostenditur
1483 2368 1540 2434 sic.
1555 2367 1648 2433 Rela-

47 2496 172 2562 somper
198 2476 419 2561 praesupponit
443 2475 675 2542 distinctionem
703 2495 820 2542 secun-
876 2475 942 2540 tiva
958 2481 1036 2540 sunt
1055 2476 1152 2540 simul
1168 2479 1325 2541 natura³t
1345 2494 1424 2558 ergo
1439 2475 1532 2542 Pater
1545 2481 1578 2541 et
1591 2475 1647 2541 Fi-

47 2586 124 2649 dum
141 2603 334 2664 numerum,
355 2583 417 2647 nisi
439 2583 638 2666 intelligatur
655 2585 694 2650 dc
712 2585 822 2650 ordine
875 2583 950 2664 lius,
973 2582 1151 2648 secundum
1170 2583 1257 2665 quod
1275 2581 1367 2648 Pater
1380 2587 1411 2647 et
1425 2581 1536 2664 Filius,
1550 2583 1649 2648 simul

44 2693 147 2772 locali,
158 2694 232 2758 sive
240 2692 419 2757 seeundum
427 2691 723 2774 positionem:nam
731 2694 820 2774 ordo,
876 2698 952 2757 sunt
975 2697 1110 2758 natura:
1132 2696 1164 2755 et
1185 2691 1260 2774 quia
1282 2691 1450 2756 relationes
1472 2691 1507 2756 in
1529 2691 1650 2756 divims

45 2801 224 2866 secundum
239 2803 391 2865 naturam
407 2803 438 2863 et
454 2799 631 2865 seeundum
644 2800 824 2865 naturalem
876 2820 943 2867 non
952 2805 1029 2866 sunt
1041 2799 1254 2879 advenientes,
1269 2817 1328 2863 nec
1339 2802 1466 2864 tantum
1478 2802 1554 2863 sunt
1568 2799 1650 2863 ratio

45 2908 309 2991 intelligentiam,
327 2908 501 2976 attenditur
522 2907 606 2974 inter
625 2909 773 2991 superius
792 2911 825 2973 et
876 2908 1045 2988 referendi,
1059 2907 1220 2972 sedetiam
1231 2906 1398 2982 existendi,
1414 2924 1493 2988 ergo
1509 2905 1603 2971 Pater
1619 2910 1652 2970 et

44 3015 192 3094 inferius,
212 3016 300 3081 inter
320 3033 394 3099 quae
413 3034 479 3081 non
499 3015 581 3081 cedit
597 3035 764 3082 numerus.
786 3021 824 3082 Et
877 3015 994 3093 Filius,
1018 3013 1196 3080 secundum
1222 3031 1298 3079 suas
1326 3014 1523 3096 hypostases,
1551 3014 1650 3079 simul

44 3122 89 3190 ita
99 3127 189 3209 patet
202 3123 298 3190 illud.
878 3126 954 3188 sunt
967 3125 1108 3188 natura:
1128 3139 1207 3204 ergo
1220 3124 1347 3186 nonest
1360 3119 1405 3184 ibi
1418 3120 1497 3186 ordo
1510 3125 1647 3187 natura.

919 3234 949 3294 l.
966 3229 1057 3307 ltcm,
1072 3229 1107 3292 in
1120 3226 1223 3293 causis
1233 3227 1346 3292 creatis
1358 3227 1505 3292 videmus
1516 3228 1650 3309 gradus,

310 3354 487 3435 QUAESTIO
507 3354 548 3420 ῃ,
879 3339 957 3423 quia
969 3336 1145 3403 substantia
1157 3339 1272 3415 creata,
1290 3338 1409 3418 quanto
1430 3334 1523 3400 citius
1536 3340 1650 3419 potest,

880 3445 1021 3513 velocius
1034 3448 1205 3528 operetur:
1221 3443 1306 3508 unde
1318 3442 1467 3525 quaedam
1477 3447 1654 3525 operantur

192 3511 244 3569 An
256 3514 289 3568 in
302 3508 404 3566 divinis
417 3510 453 3566 sn
466 3507 529 3564 ordo
543 3510 649 3564 nature
660 3504 681 3563 ¹.
880 3556 914 3619 in
927 3558 1081 3637 tempore,
1103 3551 1250 3635 quaedam
1269 3554 1411 3632 repente,
1427 3548 1578 3631 quaejam
1597 3567 1653 3614 su.

82 3663 206 3748 Utrum
219 3663 259 3727 in
271 3662 388 3728 divinis
401 3661 442 3725 sit
453 3660 530 3726 ordo
541 3663 685 3739 naturae:
700 3661 732 3724 et
741 3660 827 3741 quod
881 3661 948 3726 bito
962 3683 971 3726 z
988 3666 1020 3724 et
1032 3659 1085 3723 illa
1102 3676 1198 3723 cama
1211 3674 1284 3740 quae
1298 3658 1448 3739 operatur
1461 3655 1578 3735 subito,
1594 3655 1655 3721 ali-

40 3772 98 3852 sic,
121 3771 260 3838 ridetur
282 3788 339 3853 pcr
361 3765 613 3851 Augustinum²‚
635 3766 693 3850 qui
706 3765 780 3831 dicit
793 3766 828 3830 in
883 3767 1011 3853 quando
1028 3785 1094 3831 non
1116 3763 1265 3849 praecedit
1283 3767 1439 3846 tempore,
1458 3762 1513 3827 sed
1526 3766 1653 3829 natura.

40 3879 160 3959 littera,
174 3877 269 3962 quod
283 3895 358 3941 cum
371 3876 488 3940 dicitur
500 3873 599 3939 Filius
611 3892 631 3937 a
644 3872 746 3954 Patre,
762 3892 830 3938 non
883 3876 917 3942 st
937 3894 1018 3958 ergo
1046 3874 1130 3939 Deus
1155 3872 1301 3956 producit
1329 3870 1449 3935 Filium
1474 3871 1653 3937 secuudum

40 3985 165 4052 dicitur
178 3984 386 4068 inaequalitas
399 3982 594 4062 substantie,
609 3980 664 4045 sed
678 3980 756 4046 ordo
770 3998 832 4045 na·
884 4002 1014 4050 omnem
1028 3982 1227 4047 nobilitatem
1245 3983 1277 4044 ct
1294 3978 1447 4043 virtutem
1461 3996 1530 4043 suar
1543 3982 1657 4063 poten-

40 4098 141 4159 turae.
883 4090 949 4170 tiae,
974 4094 1006 4155 et
1023 4090 1127 4153 virtus
1144 4104 1212 4152 suae
1232 4085 1381 4169 potentiae
1402 4085 1539 4150 infinitae
1554 4089 1658 4168 major

82 4200 184 4278 Item,
199 4199 262 4265 ubi
276 4204 323 4264 est
336 4194 489 4262 naturalis
502 4195 605 4277 origo,
620 4194 665 4259 ibi
676 4198 723 4258 est
735 4197 831 4259 natu·
885 4201 933 4264 est
944 4213 1044 4280 quem
1055 4194 1166 4270 iinitae,
1179 4212 1244 4258 non
1255 4209 1334 4273 ergo
1345 4193 1471 4257 tautum
1483 4191 1581 4256 simul
1593 4192 1658 4257 du-

40 4309 121 4373 relis
134 4307 224 4374 ordo
239 4329 249 4372 :
264 4306 363 4371 sedin
371 4304 488 4369 divinis
497 4306 545 4367 est
552 4301 708 4377 naturalis
717 4303 830 4384 origo:
885 4303 1020 4381 ratione,
1041 4301 1096 4366 aed
1116 4301 1212 4365 etiam
1235 4298 1333 4362 simul
1352 4302 1469 4363 natura
1486 4299 1656 4382 producit:

39 4434 125 4499 ergo
149 4420 186 4481 et
209 4413 370 4481 naturalis
395 4411 493 4476 ordo:
517 4428 597 4492 ergo
618 4412 666 4475 cst
686 4409 732 4474 ibi
754 4410 833 4475 ordo
886 4431 965 4495 ergo
978 4429 1044 4476 non
1056 4413 1103 4473 est
1113 4408 1159 4491 ibi
1170 4408 1248 4473 ordo
1260 4411 1398 4472 nature.

39 4530 190 4590 naturae.
399 4579 401 4583 .
927 4526 957 4586 5.
977 4519 1069 4597 item,
1086 4517 1233 4583 videmus
1245 4515 1282 4579 in
1294 4512 1562 4596 eognoscibilibns
1573 4511 1660 4595 quod

82 4632 186 4709 stem,
202 4631 267 4696 ubl
275 4633 322 4694 0⁸1
330 4646 425 4693 081158
435 4631 467 4692 el
477 4627 619 4702 effecius,
632 4625 676 4688 ibi
685 4628 733 4689 est
743 4624 835 4708 prius
887 4628 1037 4714 qoaedam
1057 4625 1177 4689 babent
1203 4622 1254 4687 sui
1280 4621 1497 4704 cognitionem
1524 4619 1660 4683 inresti-

39 4744 73 4805 et
82 4737 346 4825 posteriuszsed
354 4736 552 4817 ubicumque
563 4732 634 4809 hoc,
646 4732 691 4795 ibi
700 4736 746 4796 est
757 4732 835 4797 ordo
888 4738 1007 4821 gando,
1033 4737 1065 4799 et
1083 4731 1240 4817 posterius
1260 4734 1412 4812 tempore,
1434 4732 1466 4791 et
1485 4726 1600 4810 loquor
1620 4725 1659 4790 de

39 4854 179 4913 naturae
195 4869 204 4910 :
222 4863 316 4927 ergo,
335 4862 409 4908 cunr
426 4843 460 4906 in
472 4840 590 4906 divinis
603 4839 769 4921 contingat
781 4858 836 4903 re·
890 4845 1016 4921 actuali,
1030 4860 1096 4907 non
1108 4840 1147 4905 de
1160 4837 1326 4912 habituali,
1336 4839 1374 4900 ut
1382 4834 1489 4899 anima
1496 4834 1658 4913 humnna3

38 4956 156 5040 perire
176 4971 316 5020 causam
329 4955 362 5015 et
373 4950 533 5028 effectum,
549 4946 630 5011 sicut
642 4946 719 5010 dicit
733 4946 836 5030 Chry·
890 4955 922 5016 et
940 4949 1089 5034 quaedam
1111 4946 1208 5011 simui
1230 4943 1408 5020 duratione,
1433 4945 1470 5005 ut
1491 4940 1659 5021 Angelus:

39 5061 245 5129 sostomus³
258 5075 352 5141 super
360 5053 610 5140 priaotptumlol
621 5053 835 5133 odiiebroe035
891 5095 924 5148 ,L
939 5095 979 5159 ῃ,
994 5107 1016 5144 ο,
1031 5103 1088 5155 xo,
1102 5104 1128 5141 Π,
1140 5092 1163 5140 8,
1174 5114 1203 5126 ,,
1217 5088 1228 5123 a
1237 5089 1312 5139 toan.
1327 5085 1470 5150 emp„
1491 5086 1518 5134 ,·„
1531 5085 1615 5149 Em,
1629 5083 1665 5135 ,d

74 5188 144 5254 ¹Cf.
161 5187 249 5238 Alex.
260 5184 367 5248 biensis,
377 5197 403 5248 p.
416 5184 442 5246 t,
458 5196 484 5247 q.
498 5191 568 5237 surr,
580 5178 677 5229 memb.
687 5180 702 5228 2
710 5192 718 5241 3
733 5178 760 5229 S.
772 5178 838 5229 'ibo-
891 5165 966 5219 Ηθὸν·
980 5166 1101 5227 hom-1¹,
1121 5175 1148 5212 n.
1159 5164 1183 5211 2.
1199 5187 1226 5196 -
1240 5160 1375 5242 ⁴liristot,
1397 5155 1536 5241 Metoptyr.
1556 5157 1601 5240 lib.
1614 5157 1662 5218 iv,

39 5277 117 5327 mas,
138 5276 169 5327 p.
186 5264 197 5312 l
213 5294 221 5320 ,
237 5271 265 5323 q.
277 5269 329 5309 xnu
338 5294 347 5321 ,
362 5260 409 5308 nrt.
420 5260 434 5307 3
442 5272 451 5320 3
466 5261 492 5305 et
512 5257 520 5305 l
536 5254 617 5315 Seni,
631 5252 689 5302 dist.
704 5263 756 5314 xx,
770 5266 796 5315 q,
811 5263 837 5316 1,
891 5245 961 5290 cont¹
972 5231 1387 5316 43.-ildem,·Postproedrcam.,
1401 5244 1425 5281 o.
1437 5229 1467 5280 de
1480 5230 1583 5295 Pnor13
1596 5230 1663 5281 Proe·

40 5340 93 5388 art.
111 5340 146 5398 r;
164 5338 196 5384 ec
209 5329 247 5380 cle
259 5330 365 5392 Patent„
385 5344 410 5393 q.
422 5342 455 5393 x,
470 5331 518 5377 arc.
530 5327 544 5375 3
553 5341 562 5389 ;
582 5323 712 5387 nithard,
734 5323 744 5372 1
759 5323 839 5385 Sene,
892 5312 995 5371 dicam..
1009 5324 1033 5359 a.
1047 5303 1268 5396 dennetquomous.

40 5411 107 5462 diat.
121 5417 162 5457 xx
175 5442 185 5469 ‚
210 5417 241 5469 q.
260 5413 294 5452 tv.
308 5428 340 5438 -
351 5402 362 5436 ²
373 5403 449 5466 Aug,
470 5400 541 5451 Cant.
563 5398 708 5459 baeturia,
727 5394 770 5445 llb.
785 5396 838 5461 tit,
926 5388 956 5455 (a)
973 5383 1083 5437 Snboudr
1098 5382 1230 5449 Epistolae.
