<?xml version="1.0" encoding="UTF-8"?>
<!DOCTYPE html PUBLIC "-//W3C//DTD XHTML 1.0 Transitional//EN"
    "http://www.w3.org/TR/xhtml1/DTD/xhtml1-transitional.dtd">
<html xmlns="http://www.w3.org/1999/xhtml" xml:lang="en" lang="en">
 <head>
  <title>
</title>
<meta http-equiv="Content-Type" content="text/html;charset=utf-8" />
  <meta name='ocr-system' content='tesseract 3.04.00' />
  <meta name='ocr-capabilities' content='ocr_page ocr_carea ocr_par ocr_line ocrx_word'/>
</head>
<body>
  <div class='ocr_page' id='page_1' title='image "./srecardinalissb00peltgoog_0117.png"; bbox 0 0 4100 6300; ppageno 0'>
   <div class='ocr_carea' id='block_1_1' title="bbox 815 440 1029 510">
    <p class='ocr_par' dir='ltr' id='par_1_1' title="bbox 815 440 1029 510">
     <span class='ocr_line' id='line_1_1' title="bbox 815 440 1029 510; baseline -0.005 0"><span class='ocrx_word' id='word_1_1' title='bbox 815 440 951 510; x_wconf 75' lang='lat' dir='ltr'><strong>suerio</strong></span> <span class='ocrx_word' id='word_1_2' title='bbox 974 440 1029 509; x_wconf 87' lang='lat'><strong>111.</strong></span> 
     </span>
    </p>
   </div>
   <div class='ocr_carea' id='block_1_2' title="bbox 166 631 1426 1038">
    <p class='ocr_par' dir='ltr' id='par_1_2' title="bbox 166 631 1147 718">
     <span class='ocr_line' id='line_1_2' title="bbox 166 631 1147 718; baseline -0.002 -16"><span class='ocrx_word' id='word_1_3' title='bbox 166 634 261 702; x_wconf 84' lang='lat' dir='ltr'><strong>iiiiii.</strong></span> <span class='ocrx_word' id='word_1_4' title='bbox 285 636 372 718; x_wconf 80' lang='lat' dir='ltr'><strong>Opus</strong></span> <span class='ocrx_word' id='word_1_5' title='bbox 385 632 674 716; x_wconf 66' lang='lat' dir='ltr'><strong>contemplationis.</strong></span> <span class='ocrx_word' id='word_1_6' title='bbox 692 632 759 699; x_wconf 90' lang='lat' dir='ltr'><strong>lnc.</strong></span> <span class='ocrx_word' id='word_1_7' title='bbox 774 634 861 701; x_wconf 79' lang='lat' dir='ltr'><strong>taos</strong></span> <span class='ocrx_word' id='word_1_8' title='bbox 875 631 1072 716; x_wconf 76' lang='lat' dir='ltr'><strong>ineffabilis,</strong></span> <span class='ocrx_word' id='word_1_9' title='bbox 1087 638 1147 700; x_wconf 80' lang='lat' dir='ltr'><strong>stc.</strong></span> 
     </span>
    </p>

    <p class='ocr_par' dir='ltr' id='par_1_3' title="bbox 169 739 1270 819">
     <span class='ocr_line' id='line_1_3' title="bbox 169 739 1270 819; baseline -0.002 -10"><span class='ocrx_word' id='word_1_10' title='bbox 169 742 278 809; x_wconf 82' lang='lat' dir='ltr'><strong>XXIII.</strong></span> <span class='ocrx_word' id='word_1_11' title='bbox 298 741 494 809; x_wconf 68' lang='lat' dir='ltr'><strong>malumus</strong></span> <span class='ocrx_word' id='word_1_12' title='bbox 510 740 595 806; x_wconf 81' lang='lat' dir='ltr'><strong>des.</strong></span> <span class='ocrx_word' id='word_1_13' title='bbox 612 741 717 807; x_wconf 77' lang='lat' dir='ltr'><strong>croco.</strong></span> <span class='ocrx_word' id='word_1_14' title='bbox 734 740 801 806; x_wconf 86' lang='lat' dir='ltr'><strong>Ino</strong></span> <span class='ocrx_word' id='word_1_15' title='bbox 816 739 1044 808; x_wconf 60' lang='lat' dir='ltr'><strong>Recordare&amp;</strong></span> <span class='ocrx_word' id='word_1_16' title='bbox 1066 741 1196 819; x_wconf 72' lang='lat' dir='ltr'><strong>crocu,</strong></span> <span class='ocrx_word' id='word_1_17' title='bbox 1211 745 1270 807; x_wconf 89' lang='lat' dir='ltr'><strong>etc</strong></span> 
     </span>
    </p>

    <p class='ocr_par' dir='ltr' id='par_1_4' title="bbox 169 846 1000 930">
     <span class='ocr_line' id='line_1_4' title="bbox 169 846 1000 930; baseline -0.007 -13"><span class='ocrx_word' id='word_1_18' title='bbox 169 850 274 917; x_wconf 74' lang='lat' dir='ltr'><strong>xxiv</strong></span> <span class='ocrx_word' id='word_1_19' title='bbox 297 846 1000 930; x_wconf 78' lang='lat' dir='ltr'><strong>Ptolomeoo.1ne.rottomeoooroeota,etc.</strong></span> 
     </span>
    </p>

    <p class='ocr_par' dir='ltr' id='par_1_5' title="bbox 172 954 1426 1038">
     <span class='ocr_line' id='line_1_5' title="bbox 172 954 1426 1038; baseline -0.002 -15"><span class='ocrx_word' id='word_1_20' title='bbox 172 957 264 1024; x_wconf 77' lang='lat' dir='ltr'><strong>xiv.</strong></span> <span class='ocrx_word' id='word_1_21' title='bbox 288 959 330 1022; x_wconf 83' lang='lat' dir='ltr'><strong>ile</strong></span> <span class='ocrx_word' id='word_1_22' title='bbox 351 955 592 1038; x_wconf 75' lang='lat' dir='ltr'><strong>septemsortes</strong></span> <span class='ocrx_word' id='word_1_23' title='bbox 608 956 910 1022; x_wconf 78' lang='lat' dir='ltr'><strong>Domiottocruce.</strong></span> <span class='ocrx_word' id='word_1_24' title='bbox 927 954 991 1019; x_wconf 89' lang='lat' dir='ltr'><strong>luc.</strong></span> <span class='ocrx_word' id='word_1_25' title='bbox 1007 956 1212 1022; x_wconf 81' lang='lat' dir='ltr'><strong>lesaoolotss</strong></span> <span class='ocrx_word' id='word_1_26' title='bbox 1226 956 1351 1036; x_wconf 71' lang='lat' dir='ltr'><strong>molto,</strong></span> <span class='ocrx_word' id='word_1_27' title='bbox 1365 961 1426 1021; x_wconf 86' lang='lat' dir='ltr'><strong>eto.</strong></span> 
     </span>
    </p>
   </div>
   <div class='ocr_carea' id='block_1_3' title="bbox 172 1112 1687 1202">
    <p class='ocr_par' dir='ltr' id='par_1_6' title="bbox 172 1112 1687 1202">
     <span class='ocr_line' id='line_1_6' title="bbox 172 1112 1687 1202; baseline -0.001 -19"><span class='ocrx_word' id='word_1_28' title='bbox 172 1118 315 1199; x_wconf 89' lang='lat' dir='ltr'><strong>insulsa,</strong></span> <span class='ocrx_word' id='word_1_29' title='bbox 330 1118 439 1183; x_wconf 87' lang='lat' dir='ltr'><strong>hiulca</strong></span> <span class='ocrx_word' id='word_1_30' title='bbox 448 1117 606 1200; x_wconf 63' lang='lat' dir='ltr'><strong>‚frigidm</strong></span> <span class='ocrx_word' id='word_1_31' title='bbox 621 1118 782 1201; x_wconf 89' lang='lat' dir='ltr'><strong>incompta</strong></span> <span class='ocrx_word' id='word_1_32' title='bbox 795 1119 872 1181; x_wconf 91' lang='lat' dir='ltr'><strong>sunt</strong></span> <span class='ocrx_word' id='word_1_33' title='bbox 885 1114 1039 1181; x_wconf 88' lang='lat' dir='ltr'><strong>carmina.</strong></span> <span class='ocrx_word' id='word_1_34' title='bbox 1058 1112 1178 1190; x_wconf 77' lang='lat' dir='ltr'><strong>Praesto</strong></span> <span class='ocrx_word' id='word_1_35' title='bbox 1191 1116 1360 1183; x_wconf 88' lang='lat' dir='ltr'><strong>sithorum</strong></span> <span class='ocrx_word' id='word_1_36' title='bbox 1374 1118 1503 1201; x_wconf 83' lang='lat' dir='ltr'>aliquod</span> <span class='ocrx_word' id='word_1_37' title='bbox 1516 1118 1687 1202; x_wconf 84' lang='lat' dir='ltr'><strong>specimen.</strong></span> 
     </span>
    </p>
   </div>
   <div class='ocr_carea' id='block_1_4' title="bbox 788 1304 1061 1374">
    <p class='ocr_par' dir='ltr' id='par_1_7' title="bbox 788 1304 1061 1374">
     <span class='ocr_line' id='line_1_7' title="bbox 788 1304 1061 1374; baseline -0.004 0"><span class='ocrx_word' id='word_1_38' title='bbox 788 1305 839 1374; x_wconf 85' lang='lat' dir='ltr'><strong>Ex</strong></span> <span class='ocrx_word' id='word_1_39' title='bbox 854 1304 1061 1374; x_wconf 88' lang='lat' dir='ltr'><strong>Philomena.</strong></span> 
     </span>
    </p>
   </div>
   <div class='ocr_carea' id='block_1_5' title="bbox 380 1474 1106 2142">
    <p class='ocr_par' dir='ltr' id='par_1_8' title="bbox 382 1474 1106 1746">
     <span class='ocr_line' id='line_1_8' title="bbox 382 1474 1032 1550; baseline 0.006 -20"><span class='ocrx_word' id='word_1_40' title='bbox 382 1475 488 1533; x_wconf 72' lang='lat' dir='ltr'><strong>«Circa</strong></span> <span class='ocrx_word' id='word_1_41' title='bbox 499 1489 567 1532; x_wconf 81' lang='lat' dir='ltr'><strong>vero</strong></span> <span class='ocrx_word' id='word_1_42' title='bbox 580 1474 692 1532; x_wconf 79' lang='lat' dir='ltr'><strong>tertiam</strong></span> <span class='ocrx_word' id='word_1_43' title='bbox 707 1476 788 1550; x_wconf 82' lang='lat' dir='ltr'><strong>qumi</strong></span> <span class='ocrx_word' id='word_1_44' title='bbox 800 1476 918 1533; x_wconf 85' lang='lat' dir='ltr'><strong>modum</strong></span> <span class='ocrx_word' id='word_1_45' title='bbox 930 1476 1032 1548; x_wconf 71' lang='lat' dir='ltr'><strong>aaut,</strong></span> 
     </span>
     <span class='ocr_line' id='line_1_9' title="bbox 450 1573 1106 1650; baseline 0.003 -20"><span class='ocrx_word' id='word_1_46' title='bbox 450 1573 523 1642; x_wconf 82' lang='lat' dir='ltr'><strong>Quia</strong></span> <span class='ocrx_word' id='word_1_47' title='bbox 535 1590 646 1647; x_wconf 86' lang='lat' dir='ltr'><strong>semper</strong></span> <span class='ocrx_word' id='word_1_48' title='bbox 658 1573 795 1648; x_wconf 75' lang='lat' dir='ltr'><strong>gaudium</strong></span> <span class='ocrx_word' id='word_1_49' title='bbox 809 1574 899 1633; x_wconf 88' lang='lat' dir='ltr'><strong>cordis</strong></span> <span class='ocrx_word' id='word_1_50' title='bbox 912 1576 975 1650; x_wconf 82' lang='lat' dir='ltr'><strong>ejus</strong></span> <span class='ocrx_word' id='word_1_51' title='bbox 988 1575 1085 1633; x_wconf 88' lang='lat' dir='ltr'><strong>crescit</strong></span> <span class='ocrx_word' id='word_1_52' title='bbox 1098 1619 1106 1647; x_wconf 89' lang='lat'><strong>,</strong></span> 
     </span>
     <span class='ocr_line' id='line_1_10' title="bbox 449 1672 1085 1746; baseline 0.006 -19"><span class='ocrx_word' id='word_1_53' title='bbox 449 1672 521 1729; x_wconf 80' lang='lat' dir='ltr'><strong>lere</strong></span> <span class='ocrx_word' id='word_1_54' title='bbox 536 1675 634 1746; x_wconf 77' lang='lat' dir='ltr'><strong>guttur</strong></span> <span class='ocrx_word' id='word_1_55' title='bbox 645 1673 797 1746; x_wconf 88' lang='lat' dir='ltr'><strong>rumpitur,</strong></span> <span class='ocrx_word' id='word_1_56' title='bbox 813 1675 852 1731; x_wconf 90' lang='lat' dir='ltr'><strong>sic</strong></span> <span class='ocrx_word' id='word_1_57' title='bbox 865 1691 920 1732; x_wconf 83' lang='lat' dir='ltr'><strong>vox</strong></span> <span class='ocrx_word' id='word_1_58' title='bbox 933 1674 1085 1733; x_wconf 79' lang='lat' dir='ltr'><strong>invalescit.</strong></span> 
     </span>
    </p>

    <p class='ocr_par' dir='ltr' id='par_1_9' title="bbox 380 1769 1052 2142">
     <span class='ocr_line' id='line_1_11' title="bbox 380 1769 979 1846; baseline 0 -15"><span class='ocrx_word' id='word_1_59' title='bbox 380 1769 434 1832; x_wconf 79' lang='lat' dir='ltr'><strong>set</strong></span> <span class='ocrx_word' id='word_1_60' title='bbox 449 1787 514 1827; x_wconf 91' lang='lat' dir='ltr'><strong>cum</strong></span> <span class='ocrx_word' id='word_1_61' title='bbox 527 1771 558 1828; x_wconf 92' lang='lat' dir='ltr'><strong>in</strong></span> <span class='ocrx_word' id='word_1_62' title='bbox 570 1771 689 1829; x_wconf 87' lang='lat' dir='ltr'><strong>meridie</strong></span> <span class='ocrx_word' id='word_1_63' title='bbox 704 1772 745 1828; x_wconf 90' lang='lat' dir='ltr'><strong>sol</strong></span> <span class='ocrx_word' id='word_1_64' title='bbox 758 1774 800 1828; x_wconf 85' lang='lat' dir='ltr'><strong>est</strong></span> <span class='ocrx_word' id='word_1_65' title='bbox 813 1772 843 1829; x_wconf 90' lang='lat' dir='ltr'><strong>in</strong></span> <span class='ocrx_word' id='word_1_66' title='bbox 856 1771 979 1846; x_wconf 75' lang='lat' dir='ltr'><strong>terrore,</strong></span> 
     </span>
     <span class='ocr_line' id='line_1_12' title="bbox 452 1867 1052 1946; baseline 0.015 -22"><span class='ocrx_word' id='word_1_67' title='bbox 452 1869 529 1925; x_wconf 76' lang='lat' dir='ltr'><strong>&#39;l&#39;unc</strong></span> <span class='ocrx_word' id='word_1_68' title='bbox 542 1867 680 1944; x_wconf 80' lang='lat' dir='ltr'><strong>dirumpit</strong></span> <span class='ocrx_word' id='word_1_69' title='bbox 692 1869 800 1928; x_wconf 77' lang='lat' dir='ltr'><strong>viscera</strong></span> <span class='ocrx_word' id='word_1_70' title='bbox 810 1871 900 1930; x_wconf 78' lang='lat' dir='ltr'><strong>nimio</strong></span> <span class='ocrx_word' id='word_1_71' title='bbox 913 1873 1052 1946; x_wconf 68' lang='lat' dir='ltr'><strong>clamore,</strong></span> 
     </span>
     <span class='ocr_line' id='line_1_13' title="bbox 451 1967 966 2043; baseline 0.006 -19"><span class='ocrx_word' id='word_1_72' title='bbox 451 1967 519 2039; x_wconf 84' lang='lat' dir='ltr'><strong>lici,</strong></span> <span class='ocrx_word' id='word_1_73' title='bbox 533 1968 593 2034; x_wconf 93' lang='lat' dir='ltr'><strong>oci,</strong></span> <span class='ocrx_word' id='word_1_74' title='bbox 608 1968 732 2026; x_wconf 87' lang='lat' dir='ltr'><strong>clamitat</strong></span> <span class='ocrx_word' id='word_1_75' title='bbox 744 1968 793 2026; x_wconf 91' lang='lat' dir='ltr'><strong>illo</strong></span> <span class='ocrx_word' id='word_1_76' title='bbox 807 1986 859 2026; x_wconf 89' lang='lat' dir='ltr'><strong>suo</strong></span> <span class='ocrx_word' id='word_1_77' title='bbox 872 1985 966 2043; x_wconf 87' lang='lat' dir='ltr'><strong>more,</strong></span> 
     </span>
     <span class='ocr_line' id='line_1_14' title="bbox 452 2065 1050 2142; baseline 0.015 -20"><span class='ocrx_word' id='word_1_78' title='bbox 452 2065 554 2140; x_wconf 81' lang='lat' dir='ltr'><strong>sicque</strong></span> <span class='ocrx_word' id='word_1_79' title='bbox 569 2082 654 2126; x_wconf 87' lang='lat' dir='ltr'><strong>semu</strong></span> <span class='ocrx_word' id='word_1_80' title='bbox 668 2066 762 2128; x_wconf 73' lang='lat' dir='ltr'><strong>delius</strong></span> <span class='ocrx_word' id='word_1_81' title='bbox 774 2072 873 2128; x_wconf 77' lang='lat' dir='ltr'><strong>antus</strong></span> <span class='ocrx_word' id='word_1_82' title='bbox 885 2085 943 2142; x_wconf 78' lang='lat' dir='ltr'><strong>pre</strong></span> <span class='ocrx_word' id='word_1_83' title='bbox 954 2069 1050 2130; x_wconf 83' lang='lat' dir='ltr'><strong>labore</strong></span> 
     </span>
    </p>
   </div>
   <div class='ocr_carea' id='block_1_6' title="bbox 865 2204 1000 2270">
    <p class='ocr_par' dir='ltr' id='par_1_10' title="bbox 865 2204 1000 2270">
     <span class='ocr_line' id='line_1_15' title="bbox 865 2204 1000 2270; baseline 0.015 -2"><span class='ocrx_word' id='word_1_84' title='bbox 865 2204 1000 2270; x_wconf 68' lang='lat' dir='ltr'><strong>omium</strong></span> 
     </span>
    </p>
   </div>
   <div class='ocr_carea' id='block_1_7' title="bbox 454 2337 1220 2510">
    <p class='ocr_par' dir='ltr' id='par_1_11' title="bbox 454 2337 1220 2510">
     <span class='ocr_line' id='line_1_16' title="bbox 454 2337 1018 2410; baseline -0.004 -12"><span class='ocrx_word' id='word_1_85' title='bbox 454 2339 516 2406; x_wconf 82' lang='lat' dir='ltr'><strong>ou,</strong></span> <span class='ocrx_word' id='word_1_86' title='bbox 532 2338 585 2409; x_wconf 85' lang='lat' dir='ltr'><strong>oei,</strong></span> <span class='ocrx_word' id='word_1_87' title='bbox 600 2337 696 2394; x_wconf 91' lang='lat' dir='ltr'><strong>anima</strong></span> <span class='ocrx_word' id='word_1_88' title='bbox 709 2337 812 2395; x_wconf 87' lang='lat' dir='ltr'><strong>clamat</strong></span> <span class='ocrx_word' id='word_1_89' title='bbox 823 2338 855 2396; x_wconf 91' lang='lat' dir='ltr'><strong>in</strong></span> <span class='ocrx_word' id='word_1_90' title='bbox 867 2338 922 2400; x_wconf 81' lang='lat' dir='ltr'><strong>hoc</strong></span> <span class='ocrx_word' id='word_1_91' title='bbox 934 2342 1018 2410; x_wconf 70' lang='lat' dir='ltr'><strong>metu,</strong></span> 
     </span>
     <span class='ocr_line' id='line_1_17' title="bbox 456 2435 1220 2510; baseline 0 -15"><span class='ocrx_word' id='word_1_92' title='bbox 456 2437 558 2495; x_wconf 84' lang='lat' dir='ltr'><strong>Crebro</strong></span> <span class='ocrx_word' id='word_1_93' title='bbox 571 2435 693 2493; x_wconf 78' lang='lat' dir='ltr'><strong>fundum</strong></span> <span class='ocrx_word' id='word_1_94' title='bbox 706 2436 843 2510; x_wconf 80' lang='lat' dir='ltr'><strong>lacrymas</strong></span> <span class='ocrx_word' id='word_1_95' title='bbox 857 2437 910 2494; x_wconf 90' lang='lat' dir='ltr'><strong>sub</strong></span> <span class='ocrx_word' id='word_1_96' title='bbox 923 2438 976 2495; x_wconf 90' lang='lat' dir='ltr'><strong>hoc</strong></span> <span class='ocrx_word' id='word_1_97' title='bbox 988 2438 1125 2507; x_wconf 73' lang='lat' dir='ltr'><strong>incolatu,</strong></span> <span class='ocrx_word' id='word_1_98' title='bbox 1140 2442 1220 2497; x_wconf 75' lang='lat' dir='ltr'><strong>selo.</strong></span> 
     </span>
    </p>
   </div>
   <div class='ocr_carea' id='block_1_8' title="bbox 868 2574 1002 2640">
    <p class='ocr_par' dir='ltr' id='par_1_12' title="bbox 868 2574 1002 2640">
     <span class='ocr_line' id='line_1_18' title="bbox 868 2574 1002 2640; baseline 0.015 -2"><span class='ocrx_word' id='word_1_99' title='bbox 868 2574 1002 2640; x_wconf 78' lang='lat' dir='ltr'><strong>Omittit</strong></span> 
     </span>
    </p>
   </div>
   <div class='ocr_carea' id='block_1_9' title="bbox 340 2706 1338 2990">
    <p class='ocr_par' dir='ltr' id='par_1_13' title="bbox 340 2706 1338 2990">
     <span class='ocr_line' id='line_1_19' title="bbox 387 2706 1127 2780; baseline 0.007 -20"><span class='ocrx_word' id='word_1_100' title='bbox 387 2724 404 2760; x_wconf 76' lang='lat' dir='ltr'><strong>s</strong></span> <span class='ocrx_word' id='word_1_101' title='bbox 417 2707 494 2763; x_wconf 78' lang='lat' dir='ltr'><strong>&#39;lunc</strong></span> <span class='ocrx_word' id='word_1_102' title='bbox 508 2706 645 2763; x_wconf 75' lang='lat' dir='ltr'><strong>exclamat</strong></span> <span class='ocrx_word' id='word_1_103' title='bbox 657 2706 705 2780; x_wconf 90' lang='lat' dir='ltr'><strong>pia</strong></span> <span class='ocrx_word' id='word_1_104' title='bbox 717 2722 798 2763; x_wconf 87' lang='lat' dir='ltr'><strong>mens</strong></span> <span class='ocrx_word' id='word_1_105' title='bbox 805 2748 815 2778; x_wconf 91' lang='lat'>‚</span> <span class='ocrx_word' id='word_1_106' title='bbox 830 2708 888 2779; x_wconf 93' lang='lat' dir='ltr'><strong>oci,</strong></span> <span class='ocrx_word' id='word_1_107' title='bbox 904 2724 969 2764; x_wconf 89' lang='lat' dir='ltr'><strong>cum</strong></span> <span class='ocrx_word' id='word_1_108' title='bbox 981 2707 1127 2778; x_wconf 90' lang='lat' dir='ltr'><strong>lamentis,</strong></span> 
     </span>
     <span class='ocr_line' id='line_1_20' title="bbox 455 2804 1024 2879; baseline 0.004 -18"><span class='ocrx_word' id='word_1_109' title='bbox 455 2804 503 2861; x_wconf 83' lang='grc' dir='ltr'><strong>θοι</strong></span> <span class='ocrx_word' id='word_1_110' title='bbox 507 2846 518 2876; x_wconf 85' lang='lat'><strong>,</strong></span> <span class='ocrx_word' id='word_1_111' title='bbox 533 2806 577 2861; x_wconf 89' lang='lat' dir='ltr'><strong>eci</strong></span> <span class='ocrx_word' id='word_1_112' title='bbox 584 2846 594 2877; x_wconf 94' lang='lat'><strong>,</strong></span> <span class='ocrx_word' id='word_1_113' title='bbox 608 2805 741 2862; x_wconf 79' lang='lat' dir='ltr'><strong>miseram</strong></span> <span class='ocrx_word' id='word_1_114' title='bbox 754 2805 822 2879; x_wconf 86' lang='lat' dir='ltr'><strong>quis</strong></span> <span class='ocrx_word' id='word_1_115' title='bbox 834 2821 908 2863; x_wconf 75' lang='lat' dir='ltr'><strong>mem</strong></span> <span class='ocrx_word' id='word_1_116' title='bbox 921 2806 1024 2863; x_wconf 85' lang='lat' dir='ltr'><strong>mentis</strong></span> 
     </span>
     <span class='ocr_line' id='line_1_21' title="bbox 340 2902 1338 2990; baseline 0.003 -31"><span class='ocrx_word' id='word_1_117' title='bbox 340 2905 348 2918; x_wconf 78' lang='lat'>⁴</span> <span class='ocrx_word' id='word_1_118' title='bbox 454 2902 559 2960; x_wconf 77' lang='lat' dir='ltr'><strong>iurbat</strong></span> <span class='ocrx_word' id='word_1_119' title='bbox 572 2905 677 2960; x_wconf 87' lang='lat' dir='ltr'><strong>statum</strong></span> <span class='ocrx_word' id='word_1_120' title='bbox 689 2902 809 2978; x_wconf 87' lang='lat' dir='ltr'><strong>pallidus</strong></span> <span class='ocrx_word' id='word_1_121' title='bbox 821 2905 915 2962; x_wconf 80' lang='lat' dir='ltr'><strong>vtrllus</strong></span> <span class='ocrx_word' id='word_1_122' title='bbox 928 2906 1109 2966; x_wconf 76' lang='lat' dir='ltr'><strong>morientis.»</strong></span> <span class='ocrx_word' id='word_1_123' title='bbox 1229 2985 1232 2990; x_wconf 39' lang='lat'><strong>.</strong></span> <span class='ocrx_word' id='word_1_124' title='bbox 1336 2919 1338 2922; x_wconf 82' lang='lat'>·</span> 
     </span>
    </p>
   </div>
   <div class='ocr_carea' id='block_1_10' title="bbox 137 3053 1732 4739">
    <p class='ocr_par' dir='ltr' id='par_1_14' title="bbox 137 3053 1730 3781">
     <span class='ocr_line' id='line_1_22' title="bbox 178 3053 1730 3139; baseline 0 -21"><span class='ocrx_word' id='word_1_125' title='bbox 178 3053 276 3118; x_wconf 86' lang='lat' dir='ltr'><strong>Plura</strong></span> <span class='ocrx_word' id='word_1_126' title='bbox 290 3057 374 3118; x_wconf 88' lang='lat' dir='ltr'><strong>certe</strong></span> <span class='ocrx_word' id='word_1_127' title='bbox 386 3054 426 3118; x_wconf 87' lang='lat' dir='ltr'><strong>ad</strong></span> <span class='ocrx_word' id='word_1_128' title='bbox 438 3074 508 3120; x_wconf 86' lang='lat' dir='ltr'><strong>rem</strong></span> <span class='ocrx_word' id='word_1_129' title='bbox 522 3055 635 3121; x_wconf 87' lang='lat' dir='ltr'><strong>atierre</strong></span> <span class='ocrx_word' id='word_1_130' title='bbox 653 3055 716 3120; x_wconf 91' lang='lat' dir='ltr'><strong>alia</strong></span> <span class='ocrx_word' id='word_1_131' title='bbox 732 3074 920 3139; x_wconf 91' lang='lat' dir='ltr'><strong>possumus,</strong></span> <span class='ocrx_word' id='word_1_132' title='bbox 932 3071 1033 3139; x_wconf 67' lang='lat' dir='ltr'><strong>aaa,</strong></span> <span class='ocrx_word' id='word_1_133' title='bbox 1051 3073 1094 3121; x_wconf 88' lang='lat' dir='ltr'><strong>ne</strong></span> <span class='ocrx_word' id='word_1_134' title='bbox 1106 3054 1256 3137; x_wconf 72' lang='lat' dir='ltr'><strong>magius,</strong></span> <span class='ocrx_word' id='word_1_135' title='bbox 1273 3073 1374 3137; x_wconf 86' lang='lat' dir='ltr'><strong>quam</strong></span> <span class='ocrx_word' id='word_1_136' title='bbox 1390 3055 1521 3139; x_wconf 86' lang='lat' dir='ltr'><strong>parsit,</strong></span> <span class='ocrx_word' id='word_1_137' title='bbox 1541 3053 1730 3137; x_wconf 77' lang='lat' dir='ltr'><strong>progredia-</strong></span> 
     </span>
     <span class='ocr_line' id='line_1_23' title="bbox 137 3160 1728 3244; baseline 0.003 -18"><span class='ocrx_word' id='word_1_138' title='bbox 137 3179 225 3241; x_wconf 85' lang='lat' dir='ltr'><strong>mur,</strong></span> <span class='ocrx_word' id='word_1_139' title='bbox 240 3162 386 3228; x_wconf 91' lang='lat' dir='ltr'><strong>consulto</strong></span> <span class='ocrx_word' id='word_1_140' title='bbox 401 3163 526 3229; x_wconf 88' lang='lat' dir='ltr'><strong>silentio</strong></span> <span class='ocrx_word' id='word_1_141' title='bbox 544 3164 713 3228; x_wconf 86' lang='lat' dir='ltr'><strong>mittimus.</strong></span> <span class='ocrx_word' id='word_1_142' title='bbox 732 3163 809 3228; x_wconf 85' lang='lat' dir='ltr'><strong>Haec</strong></span> <span class='ocrx_word' id='word_1_143' title='bbox 825 3168 933 3229; x_wconf 88' lang='lat' dir='ltr'><strong>autem</strong></span> <span class='ocrx_word' id='word_1_144' title='bbox 950 3160 1156 3241; x_wconf 80' lang='lat' dir='ltr'><strong>Philumena,</strong></span> <span class='ocrx_word' id='word_1_145' title='bbox 1176 3162 1330 3228; x_wconf 84' lang='lat' dir='ltr'><strong>referente</strong></span> <span class='ocrx_word' id='word_1_146' title='bbox 1342 3162 1391 3228; x_wconf 85' lang='lat' dir='ltr'><strong>lo.</strong></span> <span class='ocrx_word' id='word_1_147' title='bbox 1406 3163 1537 3228; x_wconf 72' lang='lat' dir='ltr'><strong>ilberto</strong></span> <span class='ocrx_word' id='word_1_148' title='bbox 1550 3161 1694 3230; x_wconf 80' lang='lat' dir='ltr'><strong>Fabricio</strong></span> <span class='ocrx_word' id='word_1_149' title='bbox 1705 3168 1728 3244; x_wconf 90' lang='lat'><strong>¹,</strong></span> 
     </span>
     <span class='ocr_line' id='line_1_24' title="bbox 138 3266 1729 3355; baseline 0.001 -21"><span class='ocrx_word' id='word_1_150' title='bbox 138 3266 290 3334; x_wconf 80' lang='lat' dir='ltr'><strong>aBaleo¹</strong></span> <span class='ocrx_word' id='word_1_151' title='bbox 303 3270 457 3335; x_wconf 86' lang='lat' dir='ltr'><strong>tribuitur</strong></span> <span class='ocrx_word' id='word_1_152' title='bbox 474 3269 590 3335; x_wconf 82' lang='lat' dir='ltr'><strong>loanni</strong></span> <span class='ocrx_word' id='word_1_153' title='bbox 604 3271 710 3335; x_wconf 87' lang='lat' dir='ltr'><strong>nescio</strong></span> <span class='ocrx_word' id='word_1_154' title='bbox 724 3271 777 3335; x_wconf 91' lang='lat' dir='ltr'><strong>cui</strong></span> <span class='ocrx_word' id='word_1_155' title='bbox 798 3270 971 3336; x_wconf 84' lang='lat' dir='ltr'><strong>Hovedano</strong></span> <span class='ocrx_word' id='word_1_156' title='bbox 988 3269 1089 3345; x_wconf 84' lang='lat' dir='ltr'><strong>dicto,</strong></span> <span class='ocrx_word' id='word_1_157' title='bbox 1109 3268 1237 3333; x_wconf 89' lang='lat' dir='ltr'><strong>natione</strong></span> <span class='ocrx_word' id='word_1_158' title='bbox 1253 3269 1372 3351; x_wconf 78' lang='lat' dir='ltr'><strong>Anglo.</strong></span> <span class='ocrx_word' id='word_1_159' title='bbox 1389 3268 1421 3333; x_wconf 89' lang='lat' dir='ltr'><strong>ld</strong></span> <span class='ocrx_word' id='word_1_160' title='bbox 1436 3287 1512 3333; x_wconf 90' lang='lat' dir='ltr'><strong>cum</strong></span> <span class='ocrx_word' id='word_1_161' title='bbox 1525 3270 1571 3334; x_wconf 90' lang='lat' dir='ltr'><strong>ila</strong></span> <span class='ocrx_word' id='word_1_162' title='bbox 1582 3271 1639 3349; x_wconf 87' lang='lat' dir='ltr'><strong>sit,</strong></span> <span class='ocrx_word' id='word_1_163' title='bbox 1656 3291 1729 3355; x_wconf 92' lang='lat' dir='ltr'><strong>per-</strong></span> 
     </span>
     <span class='ocr_line' id='line_1_25' title="bbox 138 3372 1730 3459; baseline 0.002 -20"><span class='ocrx_word' id='word_1_164' title='bbox 138 3394 250 3459; x_wconf 89' lang='lat' dir='ltr'><strong>peram</strong></span> <span class='ocrx_word' id='word_1_165' title='bbox 270 3377 394 3459; x_wconf 81' lang='lat' dir='ltr'><strong>scripsit</strong></span> <span class='ocrx_word' id='word_1_166' title='bbox 413 3375 599 3442; x_wconf 87' lang='lat' dir='ltr'><strong>Franciscus</strong></span> <span class='ocrx_word' id='word_1_167' title='bbox 617 3376 773 3442; x_wconf 85' lang='lat' dir='ltr'><strong>Xaverius</strong></span> <span class='ocrx_word' id='word_1_168' title='bbox 791 3379 1004 3459; x_wconf 81' lang='lat' dir='ltr'><strong>cognomento</strong></span> <span class='ocrx_word' id='word_1_169' title='bbox 1024 3372 1203 3454; x_wconf 80' lang='lat' dir='ltr'><strong>Quadrlus,</strong></span> <span class='ocrx_word' id='word_1_170' title='bbox 1227 3376 1277 3440; x_wconf 89' lang='lat' dir='ltr'><strong>vir</strong></span> <span class='ocrx_word' id='word_1_171' title='bbox 1305 3376 1464 3458; x_wconf 75' lang='lat' dir='ltr'><strong>ceteroqui</strong></span> <span class='ocrx_word' id='word_1_172' title='bbox 1484 3377 1519 3441; x_wconf 93' lang='lat' dir='ltr'><strong>in</strong></span> <span class='ocrx_word' id='word_1_173' title='bbox 1540 3376 1644 3442; x_wconf 90' lang='lat' dir='ltr'><strong>soluta</strong></span> <span class='ocrx_word' id='word_1_174' title='bbox 1664 3397 1730 3443; x_wconf 94' lang='lat' dir='ltr'><strong>non</strong></span> 
     </span>
     <span class='ocr_line' id='line_1_26' title="bbox 137 3482 1730 3568; baseline 0.003 -22"><span class='ocrx_word' id='word_1_175' title='bbox 137 3483 256 3561; x_wconf 89' lang='lat' dir='ltr'><strong>modo,</strong></span> <span class='ocrx_word' id='word_1_176' title='bbox 275 3483 439 3548; x_wconf 87' lang='lat' dir='ltr'><strong>sedetiam</strong></span> <span class='ocrx_word' id='word_1_177' title='bbox 450 3485 594 3549; x_wconf 90' lang='lat' dir='ltr'><strong>numeris</strong></span> <span class='ocrx_word' id='word_1_178' title='bbox 605 3484 731 3548; x_wconf 90' lang='lat' dir='ltr'><strong>astricta</strong></span> <span class='ocrx_word' id='word_1_179' title='bbox 746 3485 887 3549; x_wconf 84' lang='lat' dir='ltr'><strong>oratione</strong></span> <span class='ocrx_word' id='word_1_180' title='bbox 901 3483 993 3548; x_wconf 83' lang='lat' dir='ltr'><strong>valde</strong></span> <span class='ocrx_word' id='word_1_181' title='bbox 1006 3488 1179 3565; x_wconf 84' lang='lat' dir='ltr'><strong>praestans,</strong></span> <span class='ocrx_word' id='word_1_182' title='bbox 1194 3501 1268 3545; x_wconf 92' lang='lat' dir='ltr'><strong>cum</strong></span> <span class='ocrx_word' id='word_1_183' title='bbox 1281 3482 1314 3547; x_wconf 91' lang='lat' dir='ltr'><strong>id</strong></span> <span class='ocrx_word' id='word_1_184' title='bbox 1330 3501 1435 3565; x_wconf 78' lang='lat' dir='ltr'><strong>genus</strong></span> <span class='ocrx_word' id='word_1_185' title='bbox 1446 3484 1566 3565; x_wconf 89' lang='lat' dir='ltr'><strong>poesim</strong></span> <span class='ocrx_word' id='word_1_186' title='bbox 1583 3485 1730 3568; x_wconf 84' lang='lat' dir='ltr'><strong>scriptori</strong></span> 
     </span>
     <span class='ocr_line' id='line_1_27' title="bbox 138 3586 1728 3675; baseline 0.001 -20"><span class='ocrx_word' id='word_1_187' title='bbox 138 3607 202 3655; x_wconf 85' lang='lat' dir='ltr'><strong>seo.</strong></span> <span class='ocrx_word' id='word_1_188' title='bbox 216 3588 308 3668; x_wconf 84' lang='lat' dir='ltr'><strong>lilll,</strong></span> <span class='ocrx_word' id='word_1_189' title='bbox 325 3595 375 3671; x_wconf 88' lang='lat' dir='ltr'><strong>et,</strong></span> <span class='ocrx_word' id='word_1_190' title='bbox 399 3593 486 3674; x_wconf 89' lang='lat' dir='ltr'><strong>quod</strong></span> <span class='ocrx_word' id='word_1_191' title='bbox 498 3594 591 3675; x_wconf 87' lang='lat' dir='ltr'><strong>pejus</strong></span> <span class='ocrx_word' id='word_1_192' title='bbox 602 3596 665 3670; x_wconf 85' lang='lat' dir='ltr'><strong>est,</strong></span> <span class='ocrx_word' id='word_1_193' title='bbox 682 3592 874 3674; x_wconf 77' lang='lat' dir='ltr'><strong>gravissimo</strong></span> <span class='ocrx_word' id='word_1_194' title='bbox 886 3590 1012 3657; x_wconf 82' lang='lat' dir='ltr'><strong>Doctori</strong></span> <span class='ocrx_word' id='word_1_195' title='bbox 1022 3594 1133 3657; x_wconf 75' lang='lat' dir='ltr'><strong>metro</strong></span> <span class='ocrx_word' id='word_1_196' title='bbox 1145 3588 1320 3659; x_wconf 64' lang='lat' dir='ltr'><strong>atribuite</strong></span> <span class='ocrx_word' id='word_1_197' title='bbox 1335 3586 1396 3653; x_wconf 82' lang='lat' dir='ltr'><strong>Vix</strong></span> <span class='ocrx_word' id='word_1_198' title='bbox 1407 3589 1495 3655; x_wconf 89' lang='lat' dir='ltr'><strong>enim</strong></span> <span class='ocrx_word' id='word_1_199' title='bbox 1508 3590 1593 3655; x_wconf 89' lang='lat' dir='ltr'><strong>credi</strong></span> <span class='ocrx_word' id='word_1_200' title='bbox 1608 3595 1728 3674; x_wconf 84' lang='lat' dir='ltr'><strong>potest,</strong></span> 
     </span>
     <span class='ocr_line' id='line_1_28' title="bbox 137 3695 1304 3781; baseline -0.003 -19"><span class='ocrx_word' id='word_1_201' title='bbox 137 3702 178 3762; x_wconf 87' lang='lat' dir='ltr'><strong>ut</strong></span> <span class='ocrx_word' id='word_1_202' title='bbox 190 3698 334 3763; x_wconf 88' lang='lat' dir='ltr'><strong>carmina</strong></span> <span class='ocrx_word' id='word_1_203' title='bbox 347 3699 407 3763; x_wconf 88' lang='lat' dir='ltr'><strong>isla</strong></span> <span class='ocrx_word' id='word_1_204' title='bbox 420 3699 472 3763; x_wconf 88' lang='lat' dir='ltr'><strong>vel</strong></span> <span class='ocrx_word' id='word_1_205' title='bbox 485 3717 505 3762; x_wconf 91' lang='lat' dir='ltr'><strong>a</strong></span> <span class='ocrx_word' id='word_1_206' title='bbox 517 3699 626 3781; x_wconf 88' lang='lat' dir='ltr'><strong>pueris</strong></span> <span class='ocrx_word' id='word_1_207' title='bbox 638 3700 673 3762; x_wconf 92' lang='lat' dir='ltr'><strong>in</strong></span> <span class='ocrx_word' id='word_1_208' title='bbox 696 3698 814 3763; x_wconf 87' lang='lat' dir='ltr'><strong>scholis</strong></span> <span class='ocrx_word' id='word_1_209' title='bbox 827 3698 1011 3767; x_wconf 85' lang='lat' dir='ltr'><strong>ludentibus</strong></span> <span class='ocrx_word' id='word_1_210' title='bbox 1023 3697 1163 3780; x_wconf 85' lang='lat' dir='ltr'><strong>prolecta</strong></span> <span class='ocrx_word' id='word_1_211' title='bbox 1174 3695 1304 3761; x_wconf 75' lang='lat' dir='ltr'><strong>ineunt.</strong></span> 
     </span>
    </p>

    <p class='ocr_par' dir='ltr' id='par_1_15' title="bbox 181 3801 1492 3889">
     <span class='ocr_line' id='line_1_29' title="bbox 181 3801 1492 3889; baseline 0.001 -22"><span class='ocrx_word' id='word_1_212' title='bbox 181 3801 302 3869; x_wconf 85' lang='lat' dir='ltr'><strong>Prodiit</strong></span> <span class='ocrx_word' id='word_1_213' title='bbox 314 3823 380 3869; x_wconf 89' lang='lat' dir='ltr'><strong>una</strong></span> <span class='ocrx_word' id='word_1_214' title='bbox 394 3823 468 3869; x_wconf 91' lang='lat' dir='ltr'><strong>cum</strong></span> <span class='ocrx_word' id='word_1_215' title='bbox 484 3802 638 3889; x_wconf 85' lang='lat' dir='ltr'><strong>Operibus</strong></span> <span class='ocrx_word' id='word_1_216' title='bbox 650 3805 804 3871; x_wconf 85' lang='lat' dir='ltr'><strong>Ludovioi</strong></span> <span class='ocrx_word' id='word_1_217' title='bbox 818 3805 1020 3870; x_wconf 81' lang='lat' dir='ltr'><strong>Grauatensis</strong></span> <span class='ocrx_word' id='word_1_218' title='bbox 1033 3805 1075 3869; x_wconf 83' lang='lat' dir='ltr'><strong>ab</strong></span> <span class='ocrx_word' id='word_1_219' title='bbox 1087 3803 1215 3868; x_wconf 74' lang='lat' dir='ltr'><strong>Andrea</strong></span> <span class='ocrx_word' id='word_1_220' title='bbox 1226 3801 1356 3867; x_wconf 84' lang='lat' dir='ltr'><strong>Schotlo</strong></span> <span class='ocrx_word' id='word_1_221' title='bbox 1370 3803 1461 3881; x_wconf 82' lang='lat' dir='ltr'><strong>editis</strong></span> <span class='ocrx_word' id='word_1_222' title='bbox 1469 3804 1492 3868; x_wconf 72' lang='lat'><strong>⁸.</strong></span> 
     </span>
    </p>

    <p class='ocr_par' dir='ltr' id='par_1_16' title="bbox 140 3908 1732 4103">
     <span class='ocr_line' id='line_1_30' title="bbox 180 3908 1732 3995; baseline 0.003 -20"><span class='ocrx_word' id='word_1_223' title='bbox 180 3909 271 3975; x_wconf 84' lang='lat' dir='ltr'><strong>Hanc</strong></span> <span class='ocrx_word' id='word_1_224' title='bbox 282 3911 398 3975; x_wconf 89' lang='lat' dir='ltr'><strong>italicis</strong></span> <span class='ocrx_word' id='word_1_225' title='bbox 411 3912 606 3977; x_wconf 87' lang='lat' dir='ltr'><strong>carminibus</strong></span> <span class='ocrx_word' id='word_1_226' title='bbox 617 3913 770 3995; x_wconf 83' lang='lat' dir='ltr'><strong>explicuit</strong></span> <span class='ocrx_word' id='word_1_227' title='bbox 781 3911 836 3977; x_wconf 82' lang='lat' dir='ltr'><strong>Fr.</strong></span> <span class='ocrx_word' id='word_1_228' title='bbox 848 3912 984 3977; x_wconf 75' lang='lat' dir='ltr'><strong>lacobus</strong></span> <span class='ocrx_word' id='word_1_229' title='bbox 995 3930 1016 3976; x_wconf 83' lang='lat' dir='ltr'><strong>a</strong></span> <span class='ocrx_word' id='word_1_230' title='bbox 1027 3908 1144 3988; x_wconf 82' lang='lat' dir='ltr'><strong>Portu,</strong></span> <span class='ocrx_word' id='word_1_231' title='bbox 1158 3909 1324 3990; x_wconf 79' lang='lat' dir='ltr'><strong>llinorita&#39;3</strong></span> <span class='ocrx_word' id='word_1_232' title='bbox 1339 3927 1376 3974; x_wconf 87' lang='lat' dir='ltr'><strong>ao</strong></span> <span class='ocrx_word' id='word_1_233' title='bbox 1388 3908 1528 3975; x_wconf 62' lang='lat' dir='ltr'><strong>venetiis</strong></span> <span class='ocrx_word' id='word_1_234' title='bbox 1542 3911 1593 3977; x_wconf 88' lang='lat' dir='ltr'><strong>odi</strong></span> <span class='ocrx_word' id='word_1_235' title='bbox 1608 3914 1732 3980; x_wconf 84' lang='lat' dir='ltr'><strong>crrravit</strong></span> 
     </span>
     <span class='ocr_line' id='line_1_31' title="bbox 140 4015 982 4103; baseline 0 -22"><span class='ocrx_word' id='word_1_236' title='bbox 140 4036 196 4081; x_wconf 91' lang='lat' dir='ltr'><strong>an.</strong></span> <span class='ocrx_word' id='word_1_237' title='bbox 212 4020 311 4095; x_wconf 76' lang='lat' dir='ltr'><strong>teas,</strong></span> <span class='ocrx_word' id='word_1_238' title='bbox 325 4018 408 4082; x_wconf 72' lang='grc' dir='ltr'>ιιι-ι.</span> <span class='ocrx_word' id='word_1_239' title='bbox 423 4015 621 4083; x_wconf 85' lang='lat' dir='ltr'><strong>Serveturin</strong></span> <span class='ocrx_word' id='word_1_240' title='bbox 634 4017 715 4083; x_wconf 88' lang='lat' dir='ltr'><strong>Bibl.</strong></span> <span class='ocrx_word' id='word_1_241' title='bbox 728 4018 854 4103; x_wconf 88' lang='lat' dir='ltr'><strong>losepbi</strong></span> <span class='ocrx_word' id='word_1_242' title='bbox 867 4018 982 4083; x_wconf 87' lang='lat' dir='ltr'><strong>Smith.</strong></span> 
     </span>
    </p>

    <p class='ocr_par' dir='ltr' id='par_1_17' title="bbox 140 4122 1731 4299">
     <span class='ocr_line' id='line_1_32' title="bbox 180 4122 1731 4211; baseline 0.003 -23"><span class='ocrx_word' id='word_1_243' title='bbox 180 4123 294 4189; x_wconf 82' lang='lat' dir='ltr'><strong>latino</strong></span> <span class='ocrx_word' id='word_1_244' title='bbox 307 4143 384 4190; x_wconf 81' lang='lat' dir='ltr'><strong>vero</strong></span> <span class='ocrx_word' id='word_1_245' title='bbox 398 4125 539 4190; x_wconf 88' lang='lat' dir='ltr'><strong>carmine</strong></span> <span class='ocrx_word' id='word_1_246' title='bbox 551 4126 655 4190; x_wconf 86' lang='lat' dir='ltr'><strong>fusius</strong></span> <span class='ocrx_word' id='word_1_247' title='bbox 667 4126 815 4210; x_wconf 85' lang='lat' dir='ltr'><strong>exposuit</strong></span> <span class='ocrx_word' id='word_1_248' title='bbox 825 4125 873 4190; x_wconf 88' lang='lat' dir='ltr'><strong>lo.</strong></span> <span class='ocrx_word' id='word_1_249' title='bbox 889 4124 1029 4208; x_wconf 82' lang='lat' dir='ltr'><strong>Baptista</strong></span> <span class='ocrx_word' id='word_1_250' title='bbox 1040 4124 1172 4189; x_wconf 74' lang='lat' dir='ltr'><strong>Roscius</strong></span> <span class='ocrx_word' id='word_1_251' title='bbox 1182 4123 1255 4188; x_wconf 97' lang='grc' dir='ltr'>θοι.</span> <span class='ocrx_word' id='word_1_252' title='bbox 1271 4122 1366 4205; x_wconf 81' lang='lat' dir='ltr'><strong>iesu,</strong></span> <span class='ocrx_word' id='word_1_253' title='bbox 1386 4142 1440 4189; x_wconf 91' lang='lat' dir='ltr'><strong>an.</strong></span> <span class='ocrx_word' id='word_1_254' title='bbox 1455 4129 1544 4191; x_wconf 77' lang='lat' dir='ltr'><strong>toto.</strong></span> <span class='ocrx_word' id='word_1_255' title='bbox 1558 4124 1637 4193; x_wconf 75' lang='lat' dir='ltr'><strong>troo</strong></span> <span class='ocrx_word' id='word_1_256' title='bbox 1648 4125 1731 4211; x_wconf 84' lang='lat' dir='ltr'><strong>bey·</strong></span> 
     </span>
     <span class='ocr_line' id='line_1_33' title="bbox 140 4230 636 4307; baseline -0.002 -10"><span class='ocrx_word' id='word_1_257' title='bbox 140 4249 268 4307; x_wconf 86' lang='lat' dir='ltr'><strong>aerum</strong></span> <span class='ocrx_word' id='word_1_258' title='bbox 283 4230 322 4298; x_wconf 83' lang='lat' dir='ltr'><strong>ete</strong></span> <span class='ocrx_word' id='word_1_259' title='bbox 335 4232 439 4299; x_wconf 83' lang='lat' dir='ltr'><strong>Poetis</strong></span> <span class='ocrx_word' id='word_1_260' title='bbox 450 4231 550 4298; x_wconf 73' lang='lat' dir='ltr'><strong>menso</strong></span> <span class='ocrx_word' id='word_1_261' title='bbox 564 4239 636 4299; x_wconf 78' lang='lat' dir='ltr'><strong>aot.</strong></span> 
     </span>
    </p>

    <p class='ocr_par' dir='ltr' id='par_1_18' title="bbox 141 4328 1731 4617">
     <span class='ocr_line' id='line_1_34' title="bbox 182 4328 1730 4418; baseline 0.002 -16"><span class='ocrx_word' id='word_1_262' title='bbox 182 4338 318 4403; x_wconf 83' lang='lat' dir='ltr'><strong>Domum</strong></span> <span class='ocrx_word' id='word_1_263' title='bbox 337 4339 506 4404; x_wconf 85' lang='lat' dir='ltr'><strong>castebano</strong></span> <span class='ocrx_word' id='word_1_264' title='bbox 522 4342 682 4417; x_wconf 87' lang='lat' dir='ltr'><strong>carmine,</strong></span> <span class='ocrx_word' id='word_1_265' title='bbox 701 4344 733 4405; x_wconf 91' lang='lat' dir='ltr'><strong>et</strong></span> <span class='ocrx_word' id='word_1_266' title='bbox 758 4328 900 4405; x_wconf 84' lang='lat' dir='ltr'><strong>oratione</strong></span> <span class='ocrx_word' id='word_1_267' title='bbox 917 4340 1021 4405; x_wconf 84' lang='lat' dir='ltr'><strong>soluta</strong></span> <span class='ocrx_word' id='word_1_268' title='bbox 1040 4336 1208 4404; x_wconf 66' lang='lat' dir='ltr'><strong>coornavit</strong></span> <span class='ocrx_word' id='word_1_269' title='bbox 1226 4334 1280 4401; x_wconf 69' lang='lat' dir='ltr'><strong>Fr.</strong></span> <span class='ocrx_word' id='word_1_270' title='bbox 1304 4336 1489 4418; x_wconf 81' lang='lat' dir='ltr'><strong>Matthaeus,</strong></span> <span class='ocrx_word' id='word_1_271' title='bbox 1510 4338 1588 4404; x_wconf 84' lang='lat' dir='ltr'><strong>liin.</strong></span> <span class='ocrx_word' id='word_1_272' title='bbox 1612 4339 1730 4405; x_wconf 86' lang='lat' dir='ltr'><strong>Discat·</strong></span> 
     </span>
     <span class='ocr_line' id='line_1_35' title="bbox 142 4443 1731 4523; baseline 0.001 -13"><span class='ocrx_word' id='word_1_273' title='bbox 142 4450 262 4510; x_wconf 86' lang='lat' dir='ltr'><strong>coatus.</strong></span> <span class='ocrx_word' id='word_1_274' title='bbox 282 4444 435 4512; x_wconf 84' lang='lat' dir='ltr'><strong>Servatur</strong></span> <span class='ocrx_word' id='word_1_275' title='bbox 453 4445 762 4512; x_wconf 67' lang='lat' dir='ltr'><strong>trasumenum</strong></span> <span class='ocrx_word' id='word_1_276' title='bbox 754 4465 789 4511; x_wconf 88' lang='lat' dir='ltr'><strong>m</strong></span> <span class='ocrx_word' id='word_1_277' title='bbox 806 4445 886 4512; x_wconf 91' lang='lat' dir='ltr'><strong>Bibl.</strong></span> <span class='ocrx_word' id='word_1_278' title='bbox 908 4447 1060 4513; x_wconf 78' lang='lat' dir='ltr'><strong>Conveni.</strong></span> <span class='ocrx_word' id='word_1_279' title='bbox 1080 4444 1131 4510; x_wconf 89' lang='lat' dir='ltr'><strong>del</strong></span> <span class='ocrx_word' id='word_1_280' title='bbox 1150 4445 1315 4523; x_wconf 81' lang='lat' dir='ltr'><strong>Calvario,</strong></span> <span class='ocrx_word' id='word_1_281' title='bbox 1333 4443 1382 4511; x_wconf 88' lang='lat' dir='ltr'><strong>lo.</strong></span> <span class='ocrx_word' id='word_1_282' title='bbox 1399 4465 1420 4510; x_wconf 87' lang='lat' dir='ltr'><strong>s</strong></span> <span class='ocrx_word' id='word_1_283' title='bbox 1440 4445 1473 4512; x_wconf 90' lang='lat' dir='ltr'><strong>S.</strong></span> <span class='ocrx_word' id='word_1_284' title='bbox 1494 4447 1631 4512; x_wconf 79' lang='lat' dir='ltr'><strong>Antonio</strong></span> <span class='ocrx_word' id='word_1_285' title='bbox 1651 4447 1731 4512; x_wconf 87' lang='lat' dir='ltr'><strong>reie-</strong></span> 
     </span>
     <span class='ocr_line' id='line_1_36' title="bbox 141 4557 264 4617; baseline -0.009 0"><span class='ocrx_word' id='word_1_286' title='bbox 141 4557 264 4617; x_wconf 77' lang='lat' dir='ltr'><strong>rente⁸</strong></span> 
     </span>
    </p>

    <p class='ocr_par' dir='ltr' id='par_1_19' title="bbox 183 4656 560 4739">
     <span class='ocr_line' id='line_1_37' title="bbox 183 4656 560 4739; baseline 0.008 -17"><span class='ocrx_word' id='word_1_287' title='bbox 183 4656 330 4739; x_wconf 87' lang='lat' dir='ltr'><strong>Parisiis,</strong></span> <span class='ocrx_word' id='word_1_288' title='bbox 347 4658 467 4738; x_wconf 83' lang='lat' dir='ltr'><strong>be,</strong></span> <span class='ocrx_word' id='word_1_289' title='bbox 458 4680 509 4725; x_wconf 91' lang='grc' dir='ltr'>ιιι-</span> <span class='ocrx_word' id='word_1_290' title='bbox 510 4664 560 4726; x_wconf 84' lang='lat' dir='ltr'><strong>to.</strong></span> 
     </span>
    </p>
   </div>
   <div class='ocr_carea' id='block_1_11' title="bbox 478 4846 1392 4930">
    <p class='ocr_par' dir='ltr' id='par_1_20' title="bbox 478 4846 1392 4930">
     <span class='ocr_line' id='line_1_38' title="bbox 478 4846 1392 4930; baseline -0.001 -17"><span class='ocrx_word' id='word_1_291' title='bbox 478 4846 583 4914; x_wconf 79' lang='lat' dir='ltr'><strong>xxti.</strong></span> <span class='ocrx_word' id='word_1_292' title='bbox 609 4848 730 4916; x_wconf 77' lang='lat' dir='ltr'><strong>Gototta</strong></span> <span class='ocrx_word' id='word_1_293' title='bbox 743 4850 780 4914; x_wconf 86' lang='lat' dir='ltr'><strong>B.</strong></span> <span class='ocrx_word' id='word_1_294' title='bbox 795 4849 842 4917; x_wconf 87' lang='lat' dir='ltr'><strong>ll.</strong></span> <span class='ocrx_word' id='word_1_295' title='bbox 862 4848 899 4916; x_wconf 83' lang='lat' dir='ltr'><strong>V.</strong></span> <span class='ocrx_word' id='word_1_296' title='bbox 918 4848 1392 4930; x_wconf 58' lang='lat' dir='ltr'><strong>incommemoratum.</strong></span> 
     </span>
    </p>
   </div>
   <div class='ocr_carea' id='block_1_12' title="bbox 147 5008 1730 5217">
    <p class='ocr_par' dir='ltr' id='par_1_21' title="bbox 147 5008 1730 5217">
     <span class='ocr_line' id='line_1_39' title="bbox 185 5008 1730 5094; baseline 0.002 -20"><span class='ocrx_word' id='word_1_297' title='bbox 185 5008 223 5074; x_wconf 91' lang='lat' dir='ltr'><strong>ln</strong></span> <span class='ocrx_word' id='word_1_298' title='bbox 238 5009 300 5073; x_wconf 91' lang='lat' dir='ltr'><strong>boc</strong></span> <span class='ocrx_word' id='word_1_299' title='bbox 311 5008 406 5092; x_wconf 87' lang='lat' dir='ltr'><strong>plane</strong></span> <span class='ocrx_word' id='word_1_300' title='bbox 418 5009 614 5074; x_wconf 89' lang='lat' dir='ltr'><strong>conveniunt</strong></span> <span class='ocrx_word' id='word_1_301' title='bbox 626 5009 762 5091; x_wconf 87' lang='lat' dir='ltr'><strong>eruditi,</strong></span> <span class='ocrx_word' id='word_1_302' title='bbox 776 5014 813 5074; x_wconf 90' lang='lat' dir='ltr'><strong>ut</strong></span> <span class='ocrx_word' id='word_1_303' title='bbox 825 5010 953 5093; x_wconf 79' lang='lat' dir='ltr'><strong>generis</strong></span> <span class='ocrx_word' id='word_1_304' title='bbox 964 5010 1066 5094; x_wconf 74' lang='lat' dir='ltr'><strong>umus</strong></span> <span class='ocrx_word' id='word_1_305' title='bbox 1077 5027 1187 5092; x_wconf 82' lang='lat' dir='ltr'><strong>preces</strong></span> <span class='ocrx_word' id='word_1_306' title='bbox 1199 5009 1388 5094; x_wconf 80' lang='lat' dir='ltr'><strong>mcoepermt</strong></span> <span class='ocrx_word' id='word_1_307' title='bbox 1408 5008 1514 5075; x_wconf 84' lang='lat' dir='ltr'><strong>seculo</strong></span> <span class='ocrx_word' id='word_1_308' title='bbox 1525 5009 1656 5075; x_wconf 83' lang='lat' dir='ltr'><strong>incunte</strong></span> <span class='ocrx_word' id='word_1_309' title='bbox 1665 5008 1730 5077; x_wconf 79' lang='lat' dir='ltr'><strong>XV.</strong></span> 
     </span>
     <span class='ocr_line' id='line_1_40' title="bbox 147 5114 1024 5217; baseline 0.005 -37"><span class='ocrx_word' id='word_1_310' title='bbox 147 5115 313 5182; x_wconf 76' lang='lat' dir='ltr'><strong>Peribores</strong></span> <span class='ocrx_word' id='word_1_311' title='bbox 324 5114 482 5196; x_wconf 84' lang='lat' dir='ltr'><strong>viderint,</strong></span> <span class='ocrx_word' id='word_1_312' title='bbox 500 5117 541 5180; x_wconf 91' lang='lat' dir='ltr'><strong>ad</strong></span> <span class='ocrx_word' id='word_1_313' title='bbox 553 5135 634 5199; x_wconf 86' lang='lat' dir='ltr'><strong>quos</strong></span> <span class='ocrx_word' id='word_1_314' title='bbox 647 5116 770 5183; x_wconf 80' lang='lat' dir='ltr'><strong>Corona</strong></span> <span class='ocrx_word' id='word_1_315' title='bbox 783 5118 844 5181; x_wconf 89' lang='lat' dir='ltr'><strong>ista</strong></span> <span class='ocrx_word' id='word_1_316' title='bbox 855 5118 1024 5217; x_wconf 81' lang='lat' dir='ltr'><strong>pertineat.</strong></span> 
     </span>
    </p>
   </div>
   <div class='ocr_carea' id='block_1_13' title="bbox 148 5240 1781 5518">
    <p class='ocr_par' dir='ltr' id='par_1_22' title="bbox 148 5240 1781 5518">
     <span class='ocr_line' id='line_1_41' title="bbox 177 5240 1302 5308; baseline 0.003 -18"><span class='ocrx_word' id='word_1_317' title='bbox 177 5240 264 5293; x_wconf 85' lang='lat' dir='ltr'><strong>¹Bill.</strong></span> <span class='ocrx_word' id='word_1_318' title='bbox 277 5240 359 5291; x_wconf 82' lang='lat' dir='ltr'><strong>tulino</strong></span> <span class='ocrx_word' id='word_1_319' title='bbox 370 5241 460 5291; x_wconf 74' lang='lat' dir='ltr'><strong>mertia</strong></span> <span class='ocrx_word' id='word_1_320' title='bbox 471 5244 497 5291; x_wconf 83' lang='lat' dir='ltr'><strong>el</strong></span> <span class='ocrx_word' id='word_1_321' title='bbox 508 5243 602 5306; x_wconf 76' lang='lat' dir='ltr'><strong>infima</strong></span> <span class='ocrx_word' id='word_1_322' title='bbox 611 5244 704 5307; x_wconf 83' lang='lat' dir='ltr'><strong>oetotis,</strong></span> <span class='ocrx_word' id='word_1_323' title='bbox 718 5246 782 5293; x_wconf 90' lang='lat' dir='ltr'><strong>tom.</strong></span> <span class='ocrx_word' id='word_1_324' title='bbox 794 5243 819 5307; x_wconf 90' lang='lat' dir='ltr'><strong>l,</strong></span> <span class='ocrx_word' id='word_1_325' title='bbox 832 5256 860 5307; x_wconf 83' lang='lat' dir='ltr'><strong>p.</strong></span> <span class='ocrx_word' id='word_1_326' title='bbox 871 5246 927 5298; x_wconf 76' lang='lat' dir='ltr'><strong>iil·</strong></span> <span class='ocrx_word' id='word_1_327' title='bbox 935 5268 966 5280; x_wconf 93' lang='lat'>-</span> <span class='ocrx_word' id='word_1_328' title='bbox 975 5243 987 5278; x_wconf 84' lang='lat'><strong>¹</strong></span> <span class='ocrx_word' id='word_1_329' title='bbox 995 5241 1053 5297; x_wconf 77' lang='lat' dir='ltr'><strong>Vol·</strong></span> <span class='ocrx_word' id='word_1_330' title='bbox 1064 5243 1201 5308; x_wconf 69' lang='lat' dir='ltr'><strong>utili,</strong></span> <span class='ocrx_word' id='word_1_331' title='bbox 1211 5255 1238 5308; x_wconf 82' lang='lat' dir='ltr'><strong>p.</strong></span> <span class='ocrx_word' id='word_1_332' title='bbox 1246 5244 1302 5294; x_wconf 78' lang='lat' dir='ltr'><strong>ito.</strong></span> 
     </span>
     <span class='ocr_line' id='line_1_42' title="bbox 165 5310 1781 5434; baseline 0.002 -72"><span class='ocrx_word' id='word_1_333' title='bbox 165 5312 188 5403; x_wconf 22' lang='grc' dir='ltr'><strong>ι*</strong></span> <span class='ocrx_word' id='word_1_334' title='bbox 197 5315 224 5362; x_wconf 92' lang='lat' dir='ltr'><strong>ln</strong></span> <span class='ocrx_word' id='word_1_335' title='bbox 235 5313 371 5434; x_wconf 49' lang='lat' dir='ltr'><strong>opfiepffi</strong></span> <span class='ocrx_word' id='word_1_336' title='bbox 382 5313 469 5433; x_wconf 58' lang='lat' dir='ltr'><strong>tiltlplue</strong></span> <span class='ocrx_word' id='word_1_337' title='bbox 478 5328 485 5361; x_wconf 76' lang='grc' dir='ltr'><strong>ι</strong></span> <span class='ocrx_word' id='word_1_338' title='bbox 495 5312 577 5434; x_wconf 53' lang='lat' dir='ltr'><strong>iiim</strong></span> <span class='ocrx_word' id='word_1_339' title='bbox 591 5312 686 5378; x_wconf 84' lang='lat' dir='ltr'><strong>Storio,</strong></span> <span class='ocrx_word' id='word_1_340' title='bbox 699 5329 713 5363; x_wconf 90' lang='lat' dir='ltr'><strong>e</strong></span> <span class='ocrx_word' id='word_1_341' title='bbox 726 5314 795 5364; x_wconf 82' lang='lat' dir='ltr'><strong>dello</strong></span> <span class='ocrx_word' id='word_1_342' title='bbox 807 5317 909 5379; x_wconf 75' lang='lat' dir='ltr'><strong>rapiens</strong></span> <span class='ocrx_word' id='word_1_343' title='bbox 918 5312 1006 5379; x_wconf 62' lang='lat' dir='ltr'><strong>&amp;opat</strong></span> <span class='ocrx_word' id='word_1_344' title='bbox 1018 5314 1112 5379; x_wconf 61' lang='lat' dir='ltr'><strong>poesin</strong></span> <span class='ocrx_word' id='word_1_345' title='bbox 1126 5313 1178 5364; x_wconf 83' lang='lat' dir='ltr'><strong>vol.</strong></span> <span class='ocrx_word' id='word_1_346' title='bbox 1192 5310 1228 5377; x_wconf 88' lang='lat' dir='ltr'><strong>ll,</strong></span> <span class='ocrx_word' id='word_1_347' title='bbox 1243 5313 1349 5378; x_wconf 86' lang='lat' dir='ltr'><strong>llilano,</strong></span> <span class='ocrx_word' id='word_1_348' title='bbox 1364 5316 1434 5378; x_wconf 81' lang='lat' dir='ltr'><strong>llll,</strong></span> <span class='ocrx_word' id='word_1_349' title='bbox 1449 5313 1494 5365; x_wconf 90' lang='lat' dir='ltr'><strong>lib.</strong></span> <span class='ocrx_word' id='word_1_350' title='bbox 1507 5314 1533 5378; x_wconf 88' lang='lat' dir='ltr'><strong>l,</strong></span> <span class='ocrx_word' id='word_1_351' title='bbox 1547 5313 1645 5378; x_wconf 86' lang='lat' dir='ltr'><strong>disl.1,</strong></span> <span class='ocrx_word' id='word_1_352' title='bbox 1658 5325 1734 5380; x_wconf 76' lang='lat' dir='ltr'><strong>cvr,</strong></span> <span class='ocrx_word' id='word_1_353' title='bbox 1779 5341 1781 5344; x_wconf 96' lang='lat'>·</span> 
     </span>
     <span class='ocr_line' id='line_1_43' title="bbox 148 5386 607 5518; baseline 0.004 -15"><span class='ocrx_word' id='word_1_354' title='bbox 148 5386 266 5504; x_wconf 39' lang='lat' dir='ltr'><strong>piiiliil.</strong></span> <span class='ocrx_word' id='word_1_355' title='bbox 281 5416 383 5518; x_wconf 60' lang='lat' dir='ltr'><strong>Frena,</strong></span> <span class='ocrx_word' id='word_1_356' title='bbox 396 5397 498 5518; x_wconf 60' lang='lat' dir='ltr'><strong>tempi,</strong></span> <span class='ocrx_word' id='word_1_357' title='bbox 512 5421 607 5518; x_wconf 33' lang='lat' dir='ltr'><strong>pulit.</strong></span> 
     </span>
    </p>
   </div>
   <div class='ocr_carea' id='block_1_14' title="bbox 308 5548 1581 5630">
    <p class='ocr_par' dir='ltr' id='par_1_23' title="bbox 308 5548 1581 5630">
     <span class='ocr_line' id='line_1_44' title="bbox 308 5548 1581 5630; baseline 0 -22"><span class='ocrx_word' id='word_1_358' title='bbox 308 5561 381 5608; x_wconf 83' lang='lat' dir='ltr'><strong>rou.</strong></span> <span class='ocrx_word' id='word_1_359' title='bbox 395 5561 418 5607; x_wconf 88' lang='lat'><strong>1.</strong></span> <span class='ocrx_word' id='word_1_360' title='bbox 1557 5548 1581 5630; x_wconf 69' lang='lat' dir='ltr'><em>f</em></span> 
     </span>
    </p>
   </div>
   <div class='ocr_carea' id='block_1_15' title="bbox 0 0 2070 6292">
    <p class='ocr_par' dir='ltr' id='par_1_24' title="bbox 0 0 2070 6292">
     <span class='ocr_line' id='line_1_45' title="bbox 0 0 2070 6292; baseline 0 0"><span class='ocrx_word' id='word_1_361' title='bbox 0 0 2070 6292; x_wconf 95' lang='lat' dir='ltr'><strong> </strong></span> 
     </span>
    </p>
   </div>
  </div>
 </body>
</html>
