4100 6300
729 446 947 515 ulsrlrte'llo
969 447 1021 513 lx.
1612 452 1672 512 {73

63 588 191 652 tionem
212 586 327 670 speciei
346 587 465 650 innatae
487 584 528 649 ad
551 584 657 667 ipsum
679 584 840 666 cognosci·
894 583 970 647 dicit
981 581 1189 664 Gregorius¹,
1207 582 1281 646 dicit
1292 586 1450 664 quantum
1461 582 1501 646 ad
1513 585 1671 665 majorem

62 696 143 773 hile,
159 696 267 778 ipsum
288 693 467 774 cognoscit3
492 693 550 772 sic,
570 691 747 756 ordinando
766 710 841 774 spe-
894 690 968 754 fidei
981 690 1255 773 explanationem,
1271 708 1312 754 ne
1329 690 1365 773 (tl
1384 708 1474 754 error
1491 690 1607 754 habeat
1619 691 1670 754 lo·

63 804 152 867 ciem
165 802 308 867 innatam
321 801 361 866 ad
373 800 473 865 aliurn
486 799 639 881 angelum
651 817 842 881 eognoscen·
895 815 970 889 cum
983 815 992 860 ε
1014 801 1047 861 et
1066 797 1111 861 sie
1134 797 1266 880 exponit
1287 795 1447 877 Magister.
1469 796 1572 879 Magis
1590 816 1670 879 ergo

62 916 147 990 tem,
170 913 342 993 conceptus
359 927 435 973 suos
453 907 576 990 aperit:
596 906 742 971 similiter
759 907 841 970 alius
895 903 1045 969 convenit
1064 904 1190 968 dicere:
1209 904 1371 987 «Semper
1386 904 1552 986 genitus»
1571 924 1670 988 quam

65 1021 188 1082 mutua
196 1015 401 1081 conversione
407 1013 535 1097 recipit;
548 1017 580 1078 et
586 1014 632 1077 sie
641 1030 727 1076 unus
736 1012 842 1095 loqui·
899 1009 1057 1092 «Semper
1069 1014 1283 1092 generatur.»
1301 1009 1366 1075 Nee
1378 1016 1426 1075 est
1438 1011 1541 1075 simile
1556 1012 1595 1076 de
1609 1013 1671 1077 hoo

65 1128 136 1199 tur,
157 1124 237 1189 alter
257 1122 358 1187 audit.
380 1121 489 1186 Simile
511 1125 558 1185 est
571 1121 609 1185 de
630 1120 755 1185 duobus
767 1137 842 1202 spe·
896 1118 1005 1194 verbo,
1021 1118 1202 1197 estetsatt²
1218 1118 1370 1201 quiahoc
1385 1118 1533 1197 verbum,
1550 1126 1609 1195 cst,
1624 1121 1670 1183 si-

64 1230 152 1294 culis
177 1230 237 1294 sibi
265 1228 427 1312 oppositis,
452 1228 480 1292 si
508 1225 688 1293 voluntarie
715 1230 842 1308 possent
895 1225 1028 1304 gnificat
1049 1242 1106 1307 per
1125 1224 1259 1289 modum
1279 1225 1414 1306 quietis:
1440 1229 1472 1289 et
1494 1225 1567 1289 ideo
1589 1245 1668 1307 esse,

64 1336 262 1402 abscondere
275 1336 357 1415 aliis,
374 1339 407 1400 et
419 1335 558 1412 auferre,
570 1351 644 1417 quae
658 1333 693 1397 in
705 1351 740 1397 se
752 1331 841 1397 relu-
896 1331 975 1395 dum
997 1337 1056 1411 est,
1080 1331 1257 1413 perfectum
1279 1335 1346 1395 est:
1373 1331 1428 1396 sed
1449 1333 1510 1397 hoo
1533 1333 1669 1397 verbnm

64 1446 153 1507 cent.
895 1440 1056 1521 aaaron,
1072 1456 1170 1521 penes
1185 1439 1256 1503 haee
1276 1437 1438 1515 interiora,
1459 1457 1517 1520 per
1536 1440 1669 1504 modum

378 1552 447 1601 ΜΒ·
465 1550 534 1598 Vm·
896 1544 1126 1628 fiertrquiain
1146 1544 1294 1628 pluribus
1307 1545 1368 1609 hoo
1380 1563 1495 1610 verum
1510 1550 1567 1625 est,
1584 1546 1670 1628 quod

236 1653 357 1705 alermus
367 1654 463 1715 verius,
477 1666 579 1718 semper
590 1656 673 1705 name.
896 1651 1029 1734 aliquid,
1046 1653 1124 1717 dum
1138 1653 1185 1732 tlt,
1204 1670 1269 1716 non
1284 1652 1381 1716 hebet
1400 1670 1467 1715 esse
1481 1653 1667 1734 perlectum.

110 1767 257 1851 Gregorii
269 1771 350 1835 ratio
366 1771 436 1835 haee
448 1775 505 1850 est,
516 1773 553 1835 ut
564 1769 645 1835 Deus
659 1775 798 1834 aeternus
811 1774 843 1834 et
896 1757 969 1825 Ideo
982 1777 1049 1824 non
1068 1763 1116 1825 δῖ
1127 1758 1232 1823 Simile
1253 1759 1431 1824 meandum
1445 1760 1601 1825 rationem
1614 1761 1669 1824 in·

65 1875 230 1959 perlectus
249 1878 354 1943 valeat
376 1877 547 1959 designari.
568 1876 628 1941 Sed
652 1882 760 1941 contre
782 1878 843 1941 hoe
895 1865 1091 1947 ttiffigessliae·

64 1987 130 2062 est,
145 1984 227 2066 quod
242 1970 325 2047 inter
341 1984 449 2049 omnia
462 1989 606 2067 tempora
618 2002 756 2067 praesens
772 2003 843 2048 ma·
1214 1975 1283 2021 ⁰⁰¹³·
1307 1975 1355 2020 ¹¹·

61 2092 175 2172 J'orem
187 2091 441 2156 convenientiam
453 2092 840 2172 habetenmaeternitate3
1142 2081 1376 2146 egohouegenui
1388 2084 1424 2133 ¹⁸·

64 2198 150 2279 quia
165 2198 272 2263 verius
289 2199 404 2263 dieitur
422 2206 468 2266 est
487 2200 525 2264 de
544 2198 619 2276 lieo,
643 2218 742 2282 quarn
763 2200 841 2279 suit,
936 2196 1097 2274 Quaeritur
1113 2198 1273 2279 quonmdo
1291 2199 1352 2262 hoc
1369 2197 1573 2279 intelligitur3
1593 2199 1670 2281 quia

64 2308 131 2369 aut
143 2305 214 2384 erit,
230 2306 315 2370 sicut
325 2306 459 2388 exponit
472 2306 686 2387 Augustinus,
699 2311 731 2371 et
747 2307 842 2371 hahi-
896 2305 957 2369 hoe
968 2309 1071 2387 potest
1083 2304 1219 2387 intelligi
1235 2305 1275 2369 de
1287 2305 1348 2383 die,
1363 2323 1429 2388 quo
1443 2323 1484 2369 cx
1495 2310 1598 2369 matre
1610 2324 1669 2368 na-

65 2416 144 2476 tum
165 2415 212 2476 est
237 2413 272 2475 in
296 2414 486 2495 precedenti
513 2413 726 2478 distinetione.
751 2414 843 2479 ltatio
896 2414 949 2474 tus
972 2415 1042 2475 est:
1065 2412 1120 2475 sed
1140 2412 1444 2477 hoenihilvidetur
1458 2411 1574 2491 valere,
1595 2411 1670 2494 quia

65 2518 174 2600 hujus
189 2522 246 2596 est,
266 2520 342 2602 quia
362 2538 502 2604 praesens
524 2520 601 2585 dicit
622 2539 679 2584 ens
698 2521 733 2585 in
755 2527 839 2601 actu,
897 2518 1075 2583 seeundum
1098 2519 1183 2583 hanc
1204 2519 1444 2600 generationem
1469 2537 1535 2583 non
1558 2518 1671 2583 habuit

66 2625 378 2707 aliatemporanon.
896 2630 1031 2708 patrem,
1047 2625 1240 2690 sedtantum
1254 2631 1401 2691 matrem.

112 2731 206 2815 Resp.
222 2731 396 2798 [licendum
407 2735 505 2816 quod,
520 2734 603 2800 sicut
613 2754 710 2818 supra
722 2740 843 2800 tactum
937 2731 1032 2815 Resp.
1061 2731 1236 2798 llieendum
1251 2756 1258 2797 :
1283 2732 1424 2798 Verbum
1446 2732 1525 2797 illud
1551 2732 1670 2796 intelli-

67 2842 133 2916 est,
146 2840 233 2921 quod
242 2842 341 2905 verba
354 2841 556 2906 diversorum
566 2846 749 2926 temporum
761 2844 844 2909 diota
897 2840 1043 2921 gendum
1057 2844 1105 2904 est
1118 2840 1307 2911 casualiter:
1323 2841 1500 2905 secundum
1513 2839 1600 2904 enim
1611 2856 1671 2920 ge-

66 2945 113 3009 de
134 2944 200 3010 Deo
219 2965 287 3012 non
305 2947 488 3029 significant
509 2949 634 3031 aliquos
654 2950 844 3032 temporales
897 2947 1097 3011 nerationem
1109 2965 1151 3012 ex
1165 2952 1266 3011 matre
1282 2947 1398 3011 dicitur
1412 2948 1571 3028 genuisse,
1592 2946 1669 3029 quia

65 3054 178 3131 actus3
193 3052 248 3118 sed
261 3053 436 3136 important
446 3054 649 3120 durationem
661 3057 763 3121 divini
776 3076 843 3123 esse
896 3052 969 3118 feeit
982 3054 1144 3136 generm
1164 3054 1285 3118 Similis
1299 3054 1455 3137 expositio
1474 3072 1572 3136 super
1590 3054 1671 3118 illud

64 3160 144 3224 sine
157 3160 260 3241 initio,
279 3165 317 3226 ut
337 3163 552 3245 praeteritum
575 3164 643 3229 sine
663 3164 842 3246 intervallo,
897 3160 1083 3227 Matthaei¹t
1105 3163 1215 3229 Potens
1230 3169 1278 3229 est
1289 3161 1329 3228 de
1345 3161 1591 3244 matinatella
1603 3177 1672 3228 eus·

65 3271 110 3333 ut
134 3285 286 3350 presens3
309 3268 378 3334 sine
399 3272 548 3351 termino,
570 3276 607 3336 ut
624 3271 790 3337 futurum:
813 3278 844 3338 et
897 3271 997 3336 attare
1017 3269 1105 3349 tilios
1118 3269 1265 3335 atrata.
1284 3269 1403 3351 Glossa,
1421 3270 1457 3332 in
1470 3270 1569 3351 hujus
1581 3270 1672 3333 testi-

63 3374 153 3458 quia
171 3375 279 3439 omnia
300 3375 362 3442 ista
381 3393 474 3460 atque
495 3395 571 3442 vere
591 3378 796 3461 reperiuntur
808 3380 844 3444 in
897 3376 1045 3441 monium
1058 3377 1128 3441 rei:
1146 3375 1254 3441 «Deus
1264 3376 1304 3441 de
1312 3374 1391 3441 Sara
1400 3375 1515 3456 genuit
1523 3375 1670 3454 lilium3o

62 3481 842 3569 Deo,ideoomniaaequeverediountur(oldelleo.
896 3482 931 3548 id
946 3487 1004 3560 est,
1017 3483 1091 3548 lecit
1103 3483 1263 3566 generari.

62 3586 134 3653 Sed
147 3593 267 3666 umen,
287 3589 366 3672 quia
385 3590 478 3655 multi
496 3596 685 3657 erraverunt
697 3593 731 3656 in
745 3612 843 3674 geue-

62 3695 196 3761 ratione
208 3701 366 3778 quantum
379 3698 420 3762 ad
431 3697 572 3778 initium,
588 3699 683 3781 pauci
697 3699 749 3764 vel
761 3701 844 3765 nulli

64 3804 497 3887 mmmmmffium
509 3805 844 3885 velteminum35d00
1088 3785 1216 3851 Splendor
1227 3790 1314 3838 autem
1325 3799 1380 3839 non
1390 3786 1480 3838 semel.

63 3910 153 3975 sacri
166 3910 319 3989 maures,
334 3915 372 3976 ut
384 3930 441 3976 ora
457 3912 682 3978 hereticorum
697 3913 844 3979 obstrue-
937 3908 1073 3974 Genua:
1091 3907 1125 3974 Si
1137 3910 1199 3974 hoc
1213 3911 1316 3976 nmile
1331 3915 1455 3976 rectum
1468 3915 1532 3991 est,
1545 3911 1672 3978 videtur

64 4020 155 4097 rent,
179 4035 251 4081 eam
272 4020 485 4101 perverbum
505 4019 658 4103 praeteriti
679 4021 842 4103 temporis,
897 4017 982 4098 quod
994 4015 1093 4081 Filius
1107 4035 1174 4082 non
1188 4018 1286 4082 semel
1300 4022 1472 4084 nascatur:
1488 4037 1670 4102 ergoqnae·

65 4123 158 4207 quod
178 4142 304 4207 semper
325 4125 495 4207 signifieat,
518 4132 557 4191 nt
577 4129 789 4210 praeteritum,
813 4133 845 4193 et
896 4123 990 4202 ritur,
1004 4141 1106 4206 quare
1126 4124 1230 4206 magis
1251 4125 1417 4205 generatio
1431 4124 1503 4189 Filii
1516 4126 1672 4190 assimila-

63 4232 113 4296 ita
133 4249 304 4314 nunquam
321 4232 440 4297 habere
458 4234 663 4316 principium,
679 4253 844 4317 expresse-
896 4231 1128 4313 tursplendori,
1140 4249 1241 4313 quam
1251 4231 1320 4295 aliis
1328 4232 1434 4310 rebus,
1446 4234 1585 4298 maxime
1596 4252 1671 4297 enm

62 4344 158 4406 runt.
174 4339 246 4404 Alia
255 4340 336 4403 ratio
354 4343 412 4417 est,
430 4339 508 4423 quia
521 4358 581 4404 nos
602 4342 844 4423 generationem
897 4356 963 4402 non
975 4342 1148 4420 generetur
1160 4357 1180 4402 a
1192 4338 1263 4402 luoe
1278 4337 1437 4421 splendor,
1455 4340 1518 4404 nisi
1534 4340 1574 4405 ad
1586 4359 1671 4424 prae-

62 4447 227 4525 divinam,
248 4446 668 4529 manuductionequadm
691 4449 843 4533 intelligi-
897 4445 1033 4509 sentiam
1056 4446 1197 4528 corporis
1222 4445 1359 4527 objectu
1390 4444 1547 4511 Praeterea
1572 4446 1672 4512 Filius

62 4571 145 4619 mus
158 4571 217 4636 per
229 4553 470 4635 generationem
481 4571 556 4636 quae
570 4555 653 4619 cirea
664 4573 725 4620 nos
738 4560 786 4621 est
795 4577 803 4621 ε
813 4560 844 4620 et
896 4552 1015 4616 dieitur
1028 4552 1108 4616 lux:
1123 4570 1191 4617 non
1202 4570 1284 4634 ergo
1294 4552 1444 4635 splendor
1453 4553 1545 4617 lueis.

61 4661 147 4746 qrria
158 4658 307 4725 videmus
322 4660 357 4724 in
370 4659 432 4724 hac
451 4662 669 4743 generatione,
688 4663 766 4745 quia
785 4682 844 4745 ge·
938 4658 1032 4742 ltcsp,
1070 4659 1262 4738 llioendum,
1294 4660 1380 4741 quod
1405 4661 1570 4740 generatio
1598 4660 1672 4725 Filii

59 4770 170 4846 nitus,
188 4766 266 4830 dum
286 4772 470 4848 generatur,
491 4772 539 4832 est
557 4768 771 4852 imperfectam,
785 4788 844 4835 nec
898 4765 993 4831 hahet
1006 4765 1041 4830 in
1057 4785 1091 4830 se
1113 4767 1284 4849 perlectam
1303 4765 1566 4845 conformitatem,
1588 4785 1671 4832 coae·

61 4874 200 4941 eredere
212 4877 318 4956 posset
332 4873 459 4957 aliqids,
479 4875 566 4959 quod
578 4875 634 4940 Ilei
651 4875 751 4941 Filius
764 4881 845 4941 esset
898 4874 1078 4938 tenuitatem
1095 4876 1127 4938 et
1139 4873 1354 4955 aeqrratitatem
1367 4895 1375 4938 ι
1396 4876 1428 4937 et
1445 4874 1522 4956 quia
1533 4874 1567 4938 in
1580 4893 1672 4939 erea-

61 4981 292 5065 imperfectum
307 4980 379 5046 ideo
395 4981 608 5048 decreverunt
626 4983 709 5047 diei:
729 4982 845 5049 «Sem-
898 4985 972 5044 tura
982 5000 1049 5045 una
1060 4980 1241 5045 simulhaee
1251 4998 1317 5044 non
1330 4987 1502 5063 possumus
1512 4981 1670 5062 invenire,

63 5107 128 5174 per
140 5087 313 5170 genitus.»
335 5086 508 5153 Dicendum
529 5108 609 5172 ergo
627 5090 724 5172 quod,
740 5109 844 5174 quan·
897 5087 970 5152 ideo
985 5087 1129 5170 capimus
1148 5105 1190 5152 ex
1204 5087 1326 5165 multis,
1349 5092 1382 5152 et
1402 5088 1474 5152 ideo
1489 5087 1607 5152 multas
1619 5089 1672 5153 isti

65 5203 143 5262 tum
157 5198 208 5260 est
226 5212 269 5259 ax
285 5197 375 5277 parte
394 5197 454 5272 rei,
469 5214 561 5280 eaque
575 5214 651 5264 vere
664 5215 702 5261 ao
718 5197 846 5281 proprie
899 5194 1122 5259 assimilamus.
1136 5193 1300 5272 Quantum
1318 5211 1398 5275 ergo
1411 5195 1452 5259 ad
1464 5195 1670 5260 oanlormita-

65 5304 189 5371 dioitur
209 5320 327 5381 mum,
355 5301 437 5367 sieut
457 5303 630 5387 reliquum.
655 5303 747 5380 Quod
767 5323 845 5370 vero
899 5306 976 5384 tem,
990 5302 1105 5367 similis
1118 5306 1167 5368 est
1180 5301 1380 5385 generationi
1392 5300 1501 5383 Verbi,
1523 5304 1610 5387 qnod
1623 5308 1670 5370 est

103 5430 246 5492 φησι,
259 5424 350 5477 uorat
364 5425 409 5476 lib.
420 5428 499 5479 xlllll
507 5465 516 5492 ,
530 5428 755 5494 e.1.-¹ldottt.,
769 5441 808 5494 ut,
821 5433 844 5482 a.
931 5429 1054 5496 (allidit.
1070 5429 1202 5493 Veienti,
1215 5428 1317 5495 dicitnr,
1329 5427 1405 5480 mdc.
1420 5454 1449 5467 ·-
1462 5428 1496 5497 (ὁ)
1510 5430 1573 5482 item
1583 5443 1642 5483 nee.

1220 3670 1291 3716 DUB.
1308 3669 1346 3715 X.
