4100 6300
733 466 923 537 lilSl'lNG‘l.
946 470 998 537 lil.
1605 488 1663 550 tar

75 594 182 659 uostm
193 593 399 678 spiritualiter
411 595 605 679 immittitur,
619 599 688 665 sive
701 602 836 682 affectio,
891 611 975 671 turae
1003 607 1237 692 indigentiam
1264 613 1318 678 sed
1347 633 1412 680 non
1442 616 1543 681 sicin
1569 618 1664 701 spiri-

74 700 139 766 sive
153 701 305 783 cognitio.
892 713 1034 779 malibus
1053 717 1258 799 substantiis,
1284 738 1358 802 quae
1385 723 1505 806 spirant
1524 743 1566 789 ex
1584 724 1663 789 libe-

112 813 142 872 5.
169 808 218 874 Ad
242 809 322 875 illud
349 811 435 894 quod
459 813 624 897 objicitur,
650 816 737 899 quod
765 836 837 883 mo·
892 819 1016 886 ralitate
1036 823 1219 889 voluntatis.
1237 826 1326 892 Unde
1339 830 1461 895 ratione
1479 831 1578 914 hujus
1597 850 1663 897 non

74 920 126 979 tus
148 920 196 982 est
219 918 394 998 naturalis;
416 920 587 987 dicendum
607 924 693 1007 quod
720 925 767 990 sic
791 930 839 991 est
891 930 1139 1008 transferantur,
1154 932 1209 998 sed
1222 935 1345 1000 ratione
1358 935 1494 1002 abarum
1514 940 1661 1022 proprie-

74 1023 108 1093 iu
120 1024 347 1113 corporalibus,
360 1046 434 1111 quse
447 1029 570 1113 spirant
582 1032 623 1115 (a)
639 1037 768 1115 propter
778 1051 837 1098 ua·
893 1037 1008 1100 tatum.

631 1330 1000 1428 DISTINCTIO
1031 1335 1098 1428 Xl

419 1568 500 1625 oliuo
520 1569 653 1617 semitis
675 1568 808 1617 SANCTUS
830 1571 977 1621 euoenon
999 1574 1032 1620 A·
1044 1574 1140 1621 rarus
1162 1575 1202 1621 ET
1225 1576 1319 1624 nuo.

112 1759 176 1828 Hic
187 1759 363 1829 dicendum
371 1768 431 1847 est,
440 1760 600 1852 Spiritum
612 1769 761 1830 sanctum
776 1761 906 1833 sPatrc
920 1785 1001 1849 esse,
1017 1772 1050 1834 et
1060 1763 1163 1850 Filio,
1179 1771 1211 1834 et
1223 1764 1397 1857 procedere
1410 1789 1430 1835 a
1442 1766 1541 1835 Patre
1554 1774 1587 1835 et
1599 1766 1656 1835 Fi·
1676 1790 1707 1834 oe
1721 1796 1782 1836 aar.

68 1876 114 1945 lio
132 1901 140 1943 ε
158 1877 247 1968 quod
267 1875 365 1945 multi
385 1875 530 1945 haeretici
552 1886 767 1967 negaverunt.
783 1878 879 1960 Quod
893 1887 1003 1949 eutem
1016 1880 1057 1949 de
1072 1889 1212 1974 utroque
1223 1882 1386 1973 procedat,
1405 1883 1519 1951 multis
1531 1882 1661 1953 divino-
1683 1867 1780 1960 iiiiii}

69 2014 147 2060 rum
161 1991 370 2084 eloquiomm
383 1993 578 2062 testimoniis
590 1996 834 2084 comprobatur.
849 1994 935 2064 Dicit
949 1997 1038 2065 euim
1053 1997 1231 2089 Apostolus
1244 2006 1253 2041 ¹
1271 2023 1279 2066 τ
1295 1999 1390 2069 Misit
1403 2002 1490 2067 Deus
1503 1999 1659 2091 spiritum
1681 1975 1773 2082 w

68 2111 152 2179 Filii
165 2111 217 2179 sui
230 2111 267 2179 iit
277 2108 377 2178 cordo
394 2121 521 2178 nostro.
532 2110 613 2177 Ecce
627 2109 680 2178 bic
693 2110 813 2179 dicitur
827 2110 971 2203 Spiritus
984 2112 1074 2180 Filii.
1090 2113 1133 2180 Et
1147 2113 1228 2182 alibi
1241 2125 1253 2159 ¹
1268 2140 1276 2182 ε
1296 2115 1362 2199 Qui
1376 2129 1489 2185 autem
1502 2115 1657 2209 spiritum
1676 2109 1781 2223 ffissff

27 2290 30 2294 l
71 2228 199 2298 Christi
215 2226 404 2310 nonhabet,
427 2227 482 2295 tto
494 2250 562 2295 stou
576 2239 623 2294 est
637 2226 718 2318 ejus.
733 2227 806 2319 Ipse
819 2227 917 2296 etium
932 2228 1037 2298 Filius
1050 2230 1090 2299 de
1105 2230 1231 2322 Spiritu
1243 2240 1353 2301 sancto
1367 2231 1445 2300 dicit
1458 2233 1494 2300 in
1508 2233 1658 2323 Evange·
1671 2229 1781 2346 30¹¹*ssss

68 2345 113 2413 lio
128 2343 141 2378 ⁸
158 2369 166 2412 ε
185 2347 287 2429 Quem
302 2366 359 2436 epo
371 2344 508 2412 mittum
525 2343 615 2413 vobis
634 2347 780 2412 uPutrs.
797 2345 904 2413 Patris
922 2353 1033 2415 autem
1054 2346 1196 2439 Spiritus
1209 2347 1316 2416 dictus
1327 2355 1387 2433 est,
1403 2348 1462 2416 ubi
1484 2348 1631 2437 legitur*
1648 2376 1655 2418 :
1672 2355 1737 2398 ⁶⁶2¹·

67 2462 106 2530 Si
128 2462 266 2554 spiritus
284 2462 355 2552 ejus
374 2460 431 2553 qui
448 2460 621 2529 suscitavit
641 2461 810 2531 Christum
833 2486 855 2530 a
874 2463 1025 2545 mortuis,
1051 2464 1184 2532 habitat
1198 2465 1236 2533 in
1250 2464 1352 2533 cobis.
1370 2468 1410 2533 Et
1422 2466 1491 2556 ipse
1510 2466 1659 2536 Christus

68 2577 150 2646 dicit
162 2586 173 2621 ⁸
187 2602 195 2644 τ
210 2581 287 2650 Non
302 2578 390 2645 caim
404 2600 460 2646 vos
474 2578 552 2646 estis
572 2578 630 2670 qui
644 2578 830 2669 loquimini,
851 2578 910 2646 sed
927 2579 1064 2674 spiritus
1081 2583 1191 2651 Putris
1205 2582 1305 2649 vestri
1325 2582 1381 2673 qui
1394 2582 1549 2673 loquitur,
1575 2592 1655 2669 etc.;

69 2702 99 2764 et
122 2694 162 2762 in
179 2694 244 2763 alio
265 2694 336 2763 loco
355 2696 390 2762 ⁶:
419 2697 522 2779 Quem
545 2696 664 2763 mittet
678 2697 778 2765 Pater
802 2695 839 2764 itt
858 2696 994 2764 nomine
1013 2719 1097 2765 meo.
1121 2696 1164 2765 Et
1181 2697 1260 2766 alibi
1273 2697 1342 2789 ipse
1359 2697 1517 2766 Filiusde
1532 2697 1659 2791 Spiritu

68 2811 473 2880 sancroait⁷zue1>atre
489 2811 652 2906 procedit.
677 2811 738 2879 His
759 2819 792 2880 et
814 2812 888 2880 eliis
909 2813 1158 2904 auctoritatibus
1171 2814 1344 2906 ⁸pluribus
1366 2815 1549 2883 ostenditur
1569 2815 1657 2908 quod

68 2927 216 3020 Spiritus
230 2933 358 2996 sanctus
371 2951 391 2996 a
403 2928 500 2997 Patre
512 2936 545 2996 et
557 2928 642 2997 Filio
657 2920 811 3020 procedit.

112 3044 221 3114 Graeci
236 3052 344 3112 tamur
361 3042 476 3112 dicunt
498 3043 659 3135 Spiritum
675 3026 824 3113 sanctum
848 3045 1020 3137 procedere
1044 3053 1174 3115 tantum
1198 3069 1218 3115 a
1242 3047 1357 3133 Patre,
1379 3053 1412 3116 et
1432 3070 1500 3117 non
1520 3070 1540 3116 a
1558 3045 1656 3116 Filio.
1699 3071 1760 3144 onor

68 3161 167 3244 Quod
181 3161 256 3230 ideo
269 3161 395 3248 dicunt,
412 3160 491 3253 quia
503 3161 623 3229 veritas
635 3161 671 3230 in
684 3161 875 3252 Evangelio,
890 3162 989 3232 fidem
1003 3163 1167 3252 integram
1180 3163 1383 3249 continente,
1401 3164 1442 3232 de
1456 3164 1658 3257 processione
1671 3132 1779 3241 ,3¹⁸0ss

67 3278 214 3370 Spiritus
226 3277 377 3370 loquens,
393 3278 501 3347 solum
514 3279 646 3348 Patrem
660 3284 904 3365 commemorat,
920 3279 1055 3348 dicens⁹
1072 3279 1239 3372 :Spiritus
1254 3281 1311 3370 pti
1328 3303 1349 3347 a
1367 3283 1469 3348 Patre
1485 3280 1660 3372 procedit;
1676 3259 1778 3376 ,2223ss

66 3404 101 3464 et
125 3396 225 3464 etiam
239 3393 326 3481 idea,
341 3395 422 3487 quia
435 3394 471 3463 in
483 3394 720 3487 principalibus
740 3396 886 3464 conciliis
908 3403 943 3482 ¹⁰,
962 3417 1038 3488 quae
1053 3396 1142 3486 apud
1159 3417 1213 3463 eos
1226 3395 1387 3464 celebrata
1400 3405 1490 3481 sunt,
1505 3397 1552 3464 ita
1571 3420 1660 3488 sym-
1672 3388 1779 3502 ἓξὲξ

41 3547 45 3551 ·
64 3513 149 3582 bola
170 3535 286 3581 corum
305 3512 489 3603 subjunctis
507 3511 771 3581 anathematibus
784 3513 906 3582 sancita
922 3520 1011 3599 sunt,
1027 3520 1066 3581 ut
1080 3511 1167 3581 nulli
1179 3511 1220 3580 de
1232 3511 1402 3580 Trinitatis
1415 3511 1481 3580 fide
1496 3511 1586 3579 aliud
1602 3511 1660 3580 do·
1672 3508 1779 3553 ΝΜΟ

64 3652 156 3716 cere,
170 3630 225 3699 vel
251 3629 346 3698 aliter
368 3628 566 3721 praedicare,
582 3652 682 3721 quam
699 3629 746 3698 ibi
768 3629 967 3716 continetur,
982 3629 1078 3697 liceat
1100 3654 1108 3696 ε
1131 3629 1307 3721 inquibus
1329 3627 1466 3721 quidem
1487 3627 1658 3718 symbolis,

65 3769 147 3815 cnm
170 3745 315 3839 Spiritus
333 3754 463 3816 sanctus
482 3759 755 3816 commemoretur
768 3747 940 3837 procedere
954 3770 973 3815 a
986 3747 1100 3832 Patre,
1115 3753 1148 3814 et
1160 3768 1228 3815 non
1241 3770 1261 3814 a
1274 3745 1360 3814 Filio
1377 3771 1385 3814 ι
1405 3771 1422 3811 a
1437 3744 1659 3835 Quicumque,

66 3862 243 3955 inquiunt,
259 3862 377 3932 aFilio
390 3886 468 3932 eum
488 3862 660 3955 procedere
687 3863 829 3948 addunt,
851 3863 1026 3933 anathema
1039 3863 1215 3932 incurrunt
1230 3888 1239 3923 τ
1254 3889 1273 3929 i>
1291 3861 1380 3931 unde
1397 3869 1428 3930 et
1442 3884 1502 3929 nos
1515 3867 1663 3950 arguunt

66 3980 290 4049 anathematis
312 4002 395 4048 reos.
415 3979 552 4048 Addunt
574 3979 688 4062 eiiam,
706 3979 747 4049 ad
760 3980 969 4054 assertionem
984 4003 1053 4049 suae
1066 3978 1231 4072 opinionis
1244 3986 1277 4047 et
1290 3979 1326 4047 iu
1344 3976 1570 4046 testimouium
1588 3996 1664 4044 nos·

68 4105 132 4166 lrae
146 4096 379 4183 damnationis,
394 4096 434 4165 de
447 4095 596 4188 symbolo
610 4096 699 4184 fidei,
716 4097 817 4189 quod,
832 4097 1013 4166 secundum
1030 4097 1250 4182 traditionem,
1266 4094 1498 4188 praedictorum
1511 4089 1665 4161 concilio·

66 4235 149 4282 rum
163 4214 229 4283 Leo
242 4214 290 4282 III
301 4212 416 4283 Romae
429 4215 660 4305 transcriptum
675 4213 710 4282 in
724 4213 837 4283 tabula
852 4222 1017 4302 argentea,
1033 4221 1104 4305 post
1121 4214 1224 4282 altare
1243 4212 1331 4281 beati
1343 4211 1442 4280 Pauli
1454 4210 1573 4302 posita,
1589 4229 1662 4299 pos·

70 4332 154 4399 teris
177 4329 329 4423 reliquit,
355 4356 373 4396 c
396 4353 456 4421 pro
478 4353 588 4400 amore
607 4331 661 4421 (ut
674 4331 744 4423 ipse
764 4329 831 4421 ait)
848 4339 881 4397 et
901 4330 1028 4399 cautela
1047 4329 1126 4398 fidei
1141 4329 1340 4399 orthodoxae.
1359 4354 1378 4393 u
1392 4328 1431 4395 In
1446 4349 1513 4419 quo
1530 4322 1666 4416 quidem
1756 4389 1759 4392 .

65 4447 243 4539 symbolo,
258 4448 294 4516 iu
308 4439 511 4539 processione
534 4446 678 4541 Spiritus
691 4447 780 4516 solus
793 4453 1069 4516 commemoratur
1082 4446 1192 4532 Pater,
1206 4445 1258 4513 bis
1272 4444 1381 4513 verbis
1398 4468 1406 4511 z
1428 4467 1446 4508 c
1458 4442 1500 4510 Et
1510 4441 1546 4509 in
1559 4439 1666 4531 Spiri-

65 4573 148 4633 tum
160 4572 309 4633 sanctum
322 4564 505 4634 Dominum
518 4573 550 4651 ¹¹,
566 4573 598 4632 et
611 4563 859 4651 vivificatorem,
876 4585 918 4632 ex
933 4563 1029 4631 Patre
1051 4561 1295 4654 procedentem,
1310 4583 1386 4629 cum
1411 4559 1508 4626 Patre
1526 4565 1558 4626 et
1579 4555 1665 4625 Filio

66 4681 332 4767 coadorandum,
348 4689 380 4750 et
391 4680 658 4771 glorificaudum,
674 4706 691 4746 u
709 4667 769 4747 eis.
784 4678 874 4748 illud
887 4688 935 4747 est
951 4677 1140 4770 symbolum
1158 4677 1248 4769 quod
1261 4678 1297 4745 in
1311 4676 1410 4744 Missa
1421 4670 1664 4759 cantatur,cdi-

65 4808 148 4868 tum
162 4797 198 4865 in
210 4797 344 4867 Nicaeno
357 4796 516 4883 Concilio,
531 4798 566 4865 iu
580 4796 647 4865 fine
659 4795 754 4887 cujus
767 4795 981 4886 subjunctum
1001 4801 1050 4862 est
1066 4818 1073 4862 :
1095 4818 1113 4859 c
1131 4793 1196 4875 Qui
1219 4792 1309 4861 aliud
1323 4790 1490 4877 docuerit,
1506 4788 1560 4860 vel
1573 4788 1668 4857 aliter

66 4914 315 5007 praedicaverit,
330 4914 505 4983 anathema
517 4913 571 4982 sit.
585 4938 603 4978 u
619 4911 762 5005 Ideoque
775 4911 881 4981 Graeci
893 4933 953 4979 nos
966 4908 1256 4979 anathematizatos
1275 4908 1411 4992 dicunt,
1426 4904 1507 4998 quia
1528 4904 1669 4973 dicimus

66 5031 239 5123 Spiritum
253 5038 403 5100 sanctum
416 5053 436 5099 a
449 5029 535 5099 Filio
547 5029 731 5121 procedere,
750 5027 840 5120 quod
852 5026 900 5096 ibi
913 5049 981 5096 uon
994 5025 1192 5095 continetur.
1204 5023 1300 5106 Quod
1310 5023 1400 5091 enim
1415 5020 1595 5090 secundum
1608 5042 1669 5089 nos

105 5267 117 5303 ¹
128 5265 227 5328 Galat,
239 5277 275 5329 ιν,
290 5265 458 5327 6.-¹llom„
469 5275 531 5330 vrri,
542 5268 567 5315 9.
576 5263 715 5325 -iJoca,
726 5273 770 5327 rr,
782 5264 821 5313 26.
833 5287 861 5298 -
871 5261 969 5323 tuom,
983 5272 1041 5326 vul,
1055 5266 1094 5313 ti.
1104 5257 1264 5318 -⁸ltottit.,
1276 5269 1304 5323 x,
1317 5259 1356 5308 20.
1365 5282 1396 5294 —
1406 5255 1417 5286 ⁸
1426 5256 1507 5315 tosa,
1521 5265 1576 5318 xrs,
1589 5255 1629 5304 26.
1638 5278 1670 5291 -

67 5338 180 5397 woan„
191 5348 236 5400 xv,
246 5339 287 5387 26.
296 5335 475 5401 —⁸dugust.,
488 5335 518 5386 de
533 5336 633 5396 Tristi,
647 5334 691 5385 lib.
704 5334 759 5397 illl,
773 5348 796 5385 c.
806 5345 879 5399 xxvi,
890 5347 918 5382 n.
935 5336 975 5397 tt,
988 5333 1035 5383 hae
1046 5346 1150 5398 quoque
1162 5332 1195 5382 ad
1208 5331 1276 5382 idem
1290 5329 1402 5380 adducit.
1412 5326 1557 5386 -Uoou,
1571 5337 1615 5388 xv,
1628 5327 1669 5376 26.

67 5435 104 5446 -
118 5407 145 5442 ¹⁰
155 5406 232 5458 Conc.
242 5407 310 5470 Nic,
321 5406 425 5470 Ephes.,
437 5406 567 5468 Chalced,
578 5404 741 5456 Constantia.
749 5430 779 5442 -
788 5405 809 5441 ¹¹
819 5405 880 5455 llaec
892 5404 972 5454 verbu
984 5417 1039 5453 non
1051 5403 1150 5453 suntin
1163 5401 1262 5453 Concil.
1275 5399 1372 5451 Nicen.
1381 5399 1475 5464 primo,
1485 5410 1534 5447 nec
1545 5396 1668 5459 meando,

69 5479 124 5530 sed
138 5477 169 5528 iu
182 5477 406 5542 constantinopol.
419 5478 441 5539 1,
454 5478 503 5528 sub
516 5478 627 5528 Damaso
642 5478 720 5540 Papa,
734 5478 793 5539 post
805 5475 861 5526 llic.
874 5476 895 5540 i,
910 5479 936 5526 ct
945 5477 1005 5525 aute
1019 5474 1074 5525 Nic.
1087 5474 1121 5526 11.
1131 5499 1162 5510 -
1172 5473 1204 5537 (a)
1218 5471 1280 5523 eut.
1297 5470 1357 5521 edit.
1371 5469 1508 5535 inspirant.
