4100 6300
1016 426 1134 489 136

1100 555 1282 641 Item,
1307 558 1364 623 si
1382 574 1565 643 posse
1588 558 1683 635 est
1698 557 1872 624 aliud
1889 558 1953 622 et
1972 556 2148 622 aliud
2164 578 2181 637 ;
2200 576 2351 623 cum
2367 575 2552 641 posse

1019 682 1330 747 generare
1379 668 1669 751 respiciat
1702 683 2043 750 personam
2057 713 2076 745 ,
2117 682 2302 749 posse
2341 683 2554 730 creare

1021 776 1350 854 naturam3
1383 793 1538 858 ergo
1559 778 1790 839 natura
1817 777 1881 838 et
1906 791 2179 857 persona
2202 776 2355 838 sunt
2379 773 2507 837 duo
2533 794 2549 837 ε

1024 900 1182 964 ergo
1207 901 1324 947 nec
1346 886 1578 948 natura
1603 882 1681 948 de
1707 901 1980 967 persona
1995 930 2013 959 ‚
2041 900 2163 947 nec
2186 899 2223 946 e
2248 898 2554 947 converso

1023 987 1254 1053 dicitur
1282 1007 1299 1052 ε
1329 988 1502 1073 quod
1525 995 1621 1054 aet
1643 990 1905 1055 omnino
1930 990 2188 1054 falsum.

1105 1095 1292 1176 Item,
1340 1096 1396 1160 si
1441 1102 1538 1162 est
1576 1098 1894 1162 distinctio
1928 1098 2098 1162 inter
2130 1116 2315 1181 posse
2356 1116 2557 1179 gene-

1024 1220 1195 1282 rare,
1243 1205 1306 1267 et
1348 1220 1530 1286 powe
1571 1222 1814 1285 creare,
1855 1223 2012 1287 ergo
2057 1208 2152 1270 est
2193 1205 2283 1270 ibi
2328 1206 2483 1271 ordo
2532 1228 2548 1271 :

1024 1327 1245 1393 quaero
1269 1327 1426 1392 ergo
1439 1359 1458 1392 ,
1486 1312 1644 1395 quid
1667 1311 1751 1377 sit
1776 1312 1961 1395 prius
1982 1313 2338 1378 secundum
2363 1314 2557 1378 ratio-

1026 1436 1176 1483 nem
1216 1418 1619 1501 intelligendi
1663 1441 1679 1483 ε
1723 1423 1788 1483 et
1825 1420 1997 1503 quod
2039 1420 2321 1502 potentia
2360 1439 2560 1503 gene-

1027 1525 1246 1604 randi,
1296 1525 1586 1605 videtur3
1633 1526 1788 1608 quia
1830 1530 1926 1590 est
1958 1530 2251 1609 respectu
2299 1528 2522 1593 aeterni
2539 1577 2558 1609 ,

1030 1637 1095 1699 et
1118 1636 1437 1729 aeternum
1469 1637 1614 1699 ante
1641 1633 2008 1717 temporale.

1111 1741 1234 1808 Sed
1256 1745 1514 1808 contra:
1542 1741 1902 1806 Intellectus
1924 1743 2287 1807 communis
2307 1747 2402 1807 est
2418 1747 2564 1809 ante

1034 1849 1425 1914 intellectum
1470 1850 1709 1934 proprii
1757 1871 1772 1914 ε
1822 1849 1932 1915 sed
1980 1851 2265 1933 potentia
2311 1853 2563 1918 creandi

1034 1954 1186 2021 dicit
1225 1973 1567 2020 commune
1610 1956 1846 2036 tribuS‚
1892 1957 2173 2039 potentia
2218 1956 2566 2038 generandi

1037 2063 1372 2146 proprium
1399 2062 1604 2128 Patris
1633 2081 1651 2127 :
1682 2080 1838 2145 ergo
1853 2110 1869 2141 ,
1903 2067 2022 2128 etc.

1581 2249 2032 2317 CONCLUSlO.

1036 2380 1186 2436 Posse
1209 2393 1462 2450 generare
1478 2418 1495 2447 ,
1535 2382 1590 2435 et
1610 2394 1761 2453 posse
1786 2394 1994 2448 creare,
2033 2383 2161 2436 sunt
2184 2383 2401 2438 unimam
2419 2396 2571 2455 posse

1341 2484 1399 2526 re
1422 2471 1566 2542 ipsa,
1595 2470 1728 2542 licet.
1745 2471 1959 2526 ratione
1984 2468 2261 2541 differant.

1120 2602 1309 2686 Resp.
1333 2603 1416 2668 ad
1431 2603 1591 2684 Arg.
1621 2602 1967 2668 Dicendum
1988 2602 2159 2684 quod
2180 2620 2363 2686 posse
2381 2622 2572 2685 gene-

961 2707 998 2785 “,
1044 2728 1187 2776 rare
1213 2713 1279 2775 et
1312 2728 1493 2793 posse
1528 2728 1741 2775 creare
1769 2711 1921 2774 sunt
1938 2725 2122 2794 posse
2146 2712 2444 2791 unicum,
2474 2715 2567 2777 ta-

1046 2833 1198 2880 men
1249 2814 1581 2899 dupliciter
1630 2816 1892 2881 dictum.
1947 2815 2162 2882 Unum
2214 2817 2385 2882 enim
2440 2837 2576 2883 esse

1046 2922 1238 2989 estin
1271 2940 1378 3003 re,
1412 2941 1547 2988 esse
1582 2922 1873 3005 Patrem,
1912 2929 1977 2989 et
2009 2942 2145 2990 esse
2181 2924 2419 3005 Deum;
2454 2927 2577 2993 dif-

1049 3031 1259 3096 ferens
1310 3034 1528 3096 autem
1573 3032 1928 3098 secundum
1978 3032 2293 3097 rationem
2337 3033 2575 3098 intelli-

1048 3137 1241 3221 gendi
1285 3160 1300 3204 ε
1340 3139 1493 3222 quia
1518 3140 1686 3225 quod
1725 3144 1820 3205 est
1851 3140 2217 3206 ahsolutum
2256 3161 2405 3208 cum
2440 3142 2579 3209 dieo

1053 3263 1188 3311 esse
1216 3246 1416 3312 Deum
1433 3296 1452 3327 ,
1479 3248 1650 3313 idem
1680 3254 1776 3313 est
1798 3249 2073 3315 relatum
2100 3269 2252 3316 cum
2278 3252 2428 3316 dico.
2445 3269 2580 3316 esse

1053 3351 1306 3418 Patrem
1337 3372 1352 3416 ε
1382 3354 1674 3420 similiter
1699 3359 1762 3420 et
1793 3356 1863 3420 in
1894 3372 2075 3439 posse
2099 3362 2193 3422 est
2218 3357 2582 3445 intelligen-

1050 3461 1230 3526 dum.
1258 3460 1434 3531 Unde
1450 3511 1469 3544 ,
1503 3463 1671 3528 sicut
1692 3465 1965 3530 essentia
1990 3468 2058 3529 et
2081 3483 2349 3548 persona
2374 3486 2582 3533 unum

1052 3571 1300 3650 suntin
1326 3589 1397 3636 re
1413 3619 1432 3651 ,
1459 3574 1678 3636 tamen
1713 3576 1810 3636 est
1843 3572 2199 3637 differentia
2225 3574 2490 3639 rationis
2515 3576 2585 3639 in

1054 3677 1470 3761 intelligendo
1488 3727 1506 3758 ‚
1528 3683 1593 3744 et
1623 3680 1696 3745 in
1722 3679 2025 3759 dicendo;
2054 3680 2343 3747 similiter
2374 3683 2582 3749 dicen-

1057 3785 1216 3852 dum
1243 3791 1338 3853 est
1361 3788 1439 3853 de
1466 3789 1750 3871 potentia
1772 3789 2160 3870 generandi,
2190 3793 2255 3854 et
2280 3790 2531 3855 creandi
2563 3813 2582 3857 ε

1055 3893 1221 3958 sicut
1254 3896 1352 3958 est
1391 3895 1482 3958 ibi
1515 3895 1872 3960 differentia
1905 3912 2037 3960 non
2070 3915 2141 3960 re
2156 3944 2176 3976 ‚
2219 3897 2330 3962 sed
2363 3916 2586 3963 secun-

1054 4002 1216 4067 dum
1257 4001 1612 4081 rationem;
1655 4003 1746 4068 ita
1782 4008 1878 4069 est
1913 4003 2003 4067 ibi
2041 4004 2197 4069 ordo
2237 4006 2592 4071 secundum

1058 4109 1374 4174 rationem
1409 4109 1829 4192 intelligendi.
1869 4109 2045 4176 Unde
2065 4157 2083 4190 ,
2116 4113 2469 4178 secundum
2502 4115 2593 4180 di-

1059 4234 1277 4283 versas
1293 4218 1816 4300 comparationes,
1836 4218 2077 4283 habent
2093 4218 2292 4284 alium
2308 4224 2374 4284 et
2390 4221 2589 4286 alium

1062 4325 1376 4391 ordinem.
1403 4323 1837 4408 comparando
1861 4327 2036 4391 enim
2060 4345 2244 4410 posse
2266 4346 2500 4406 creare,
2530 4334 2594 4395 et

1061 4452 1246 4517 posse
1285 4451 1631 4517 generare,
1669 4435 1748 4500 ad
1784 4434 1942 4500 illud
1982 4437 2169 4519 cujus
2212 4442 2395 4515 sunt3
2440 4457 2590 4504 cum

1061 4560 1244 4627 posse
1279 4559 1494 4607 creare
1524 4543 1610 4607 sit
1638 4546 1890 4608 naturae
1906 4590 1924 4621 ‚
1957 4561 2141 4628 posse
2176 4562 2483 4626 generare
2514 4547 2597 4611 sit

1062 4664 1351 4730 personae
1368 4693 1387 4728 ‚
1433 4650 1501 4712 et
1532 4646 1888 4713 intellectus
1927 4649 2288 4713 communis
2314 4653 2409 4716 est
2448 4654 2597 4716 ante

1066 4753 1458 4819 intellectum
1506 4755 1785 4839 proprii3
1843 4755 1934 4820 sic
1981 4756 2220 4839 absque
2278 4756 2602 4821 calumnia

1069 4861 1243 4944 prior
1261 4864 1377 4926 'est
1386 4907 1411 4941 ,
1435 4860 1788 4928 secundum
1822 4863 2139 4928 rationem
2163 4863 2595 4948 intelligendi,

1067 4967 1353 5050 potentia
1416 4970 1691 5035 creandi.
1751 4970 2184 5055 Comparando
2249 4975 2467 5038 autem
2518 4974 2601 5039 ad

1066 5073 1227 5140 illud
1282 5075 1362 5141 ad
1412 5077 1585 5159 quod
1646 5078 2064 5159 terminatum
2118 5098 2269 5144 cum
2317 5080 2599 5163 potentia

1066 5182 1320 5247 creandi
1368 5185 1662 5267 respiciat
1697 5186 2079 5269 temporale,
2121 5188 2404 5269 potentia
2437 5200 2597 5255 vero

1066 5291 1416 5369 generandi
1457 5295 1811 5383 aeternum3
1848 5295 2024 5378 prior
2062 5298 2192 5374 est,
2238 5296 2598 5361 secundum

1068 5393 1380 5469 rationem
1414 5397 1847 5484 intelligendi,
1886 5402 2170 5490 potentia
2200 5404 2592 5485 generandi,

2161 421 2774 491 SENTENTIARUM
2812 422 2960 489 LIB.
3008 422 3058 488 1.

2662 576 2858 642 quam
2882 558 3168 643 potentia
3187 557 3440 623 creandi
3465 574 3483 624 t
3509 558 3576 622 et
3594 555 3689 621 sic
3708 553 3942 639 patent
3962 550 4100 632 obje

2663 667 2743 731 de
2778 668 3021 732 ordine.
3064 666 3490 733 Concedendae
3525 666 3680 729 sunt
3725 678 3894 743 ergo
3932 657 4100 723 rafim

2666 775 3063 840 ostendentes
3086 774 3260 857 quod
3290 792 3424 838 non
3447 771 3758 836 differunt
3788 784 3984 852 posse
4009 783 4100 847 ges

2665 901 2842 963 rare,
2872 888 2938 948 et
2962 901 3144 966 posse
3176 898 3420 958 creare,
3452 877 3822 944 differentia
3851 872 4100 940 secundt

2666 1009 2833 1069 rem,
2864 991 3001 1056 sive
3027 988 3380 1055 secundum
3406 986 3774 1051 essentiam.

2748 1103 2807 1162 1.
2837 1098 2938 1164 Ad
2972 1097 3130 1162 illud
3160 1096 3333 1180 quod
3366 1095 3688 1177 objicitur,
3732 1089 3918 1174 quod
3952 1088 4075 1151 alio

2669 1204 2863 1287 Beue,
2911 1206 3035 1270 alio
3072 1204 3291 1283 Pater3
3327 1201 3691 1278 dicendum,
3730 1196 3916 1282 quod
3946 1195 4100 1275 Aug

2669 1314 2843 1378 tinus
2860 1313 3141 1396 loquitur
3162 1313 3241 1377 de
3260 1312 3383 1376 alio
3404 1313 3469 1375 et
3492 1309 3618 1374 alio
3637 1307 3902 1372 alietate
3919 1303 4100 1367 ratio:

2671 1426 2735 1486 et
2758 1439 2891 1485 non
2909 1421 3043 1485 rei:
3065 1422 3129 1484 et
3151 1417 3534 1499 intelligitur
3562 1414 3784 1479 alietas
3810 1410 4100 1491 rationis]

2671 1529 2856 1593 illum
2898 1527 3165 1592 modum
3181 1574 3199 1607 ,
3224 1543 3354 1608 quo
3396 1541 3591 1607 supra
3620 1522 3875 1586 dictum
3904 1521 4033 1594 est,
4058 1516 4100 1581 d

2672 1655 2749 1713 v,
2773 1636 2887 1700 ubi
2911 1634 3225 1718 quaeritur
3259 1636 3481 1696 utrum
3506 1629 3782 1695 essentia
3812 1627 4099 1709 generet.

2752 1747 2814 1807 2.
2839 1742 2938 1807 Ad
2963 1742 3121 1806 illud
3146 1739 3317 1824 quod
3342 1738 3664 1821 objicitur,
3699 1759 3733 1798 α
3750 1733 4100 1799 Potentiae:

2673 1852 3065 1933 tinguuntur
3078 1867 3191 1932 per
3206 1850 3407 1926 actus,
3418 1868 3450 1907 ι»
3477 1850 3597 1910 etc.
3614 1864 3634 1924 ;
3651 1841 4028 1918 dicendum,
4040 1858 4100 1921 q·

2673 1977 2907 2024 verum
2938 1961 3036 2023 est
3074 1957 3197 2021 hoc
3229 1955 3309 2019 de
3350 1954 3476 2017 illis
3517 1952 3767 2017 actibus
3807 1949 3928 2032 qui
3973 1946 4100 2010 hah

2676 2065 3160 2148 completionem
3194 2064 3277 2127 ab
3304 2061 3563 2146 objectis
3600 2082 3617 2123 ε
3645 2058 3757 2123 sed
3779 2075 3920 2121 non
3943 2058 4095 2120 sunt

2675 2178 2855 2239 actus
2916 2172 3142 2238 divini.
3196 2170 3373 2236 Unde
3391 2216 3408 2247 ‚
3466 2166 3765 2252 quamvis
3810 2167 4100 2229 creatura

2679 2282 2879 2347 Filius
2902 2281 3165 2346 omnino
3205 2280 3535 2357 differant3
3563 2280 3850 2341 attamen
3883 2289 4100 2353 generi

2677 2395 2743 2455 et
2769 2392 3002 2455 creatio
3026 2389 3197 2454 idem
3233 2390 3385 2451 sunt
3400 2435 3418 2466 ,
3459 2385 3625 2449 sicut
3655 2381 3937 2447 essentia
3975 2382 4100 2461 etp

2679 2516 2836 2563 sona
2870 2520 2885 2562 :
2917 2497 3083 2563 Deus
3108 2495 3281 2561 enim
3311 2494 3383 2557 in
3419 2491 3670 2574 agendo
3697 2507 3832 2555 non
3858 2487 4100 2572 comple

2681 2606 2762 2671 ab
2787 2606 3066 2687 objeetO,
3095 2604 3249 2686 quia
3270 2601 3474 2685 seipso
3508 2599 3668 2681 agit.

2763 2718 2822 2777 3.
2851 2713 2951 2778 Ad
2976 2712 3136 2776 illud
3158 2709 3330 2794 quod
3355 2708 3681 2791 objicitur,
3706 2705 3883 2789 quod
3908 2709 4100 2787 poten

2683 2823 3127 2907 plurificantur
3160 2837 3275 2902 per
3310 2816 3625 2900 subjecta3
3663 2813 4010 2879 dicendum
4044 2830 4100 2894 ¹1¹

2684 2931 2855 2996 istud
2893 2947 3124 2994 verum
3165 2931 3260 2991 est
3297 2925 3377 2990 de
3417 2925 3705 3006 subjecto
3741 2920 4004 3004 proprio
4045 2941 4061 2982 :

2685 3038 2906 3117 Filius,
2927 3037 3149 3102 nonin
3162 3038 3479 3118 quantum
3496 3031 3720 3107 Filius,
3736 3032 3833 3093 est
3853 3028 4100 3109 subjecti

2686 3145 2985 3233 potentiae
3011 3142 3301 3224 creandi,
3334 3141 3539 3207 sedin
3570 3142 3892 3222 quantum
3923 3135 4100 3201 Deus.

2637 3294 2648 3305 ·
2686 3258 2932 3320 constat
2954 3252 3128 3337 quod
3144 3301 3163 3332 ‚
3194 3251 3359 3316 sicut
3390 3251 3621 3314 natura
3663 3246 3883 3312 divina
3910 3261 4038 3308 non
4065 3243 4100 3306 fi

2687 3381 3036 3429 numerum
3070 3378 3221 3425 cum
3255 3356 3475 3435 Patre;
3510 3355 3602 3419 ita
3631 3371 3753 3417 nec
3781 3351 4100 3435 potentian

2689 3467 2931 3551 piciens
2952 3467 3247 3528 naturam
3260 3509 3278 3541 ,
3303 3478 3453 3525 cum
3477 3456 3763 3541 potentia
3795 3454 4019 3519 Patris.

2770 3576 2832 3634 4.
2877 3568 2978 3634 Ad
3012 3567 3170 3632 illud
3202 3565 3377 3650 quod
3412 3563 3639 3628 ultimo
3684 3559 4002 3642 objicitur,
4038 3576 4100 3640 q!

2691 3696 2899 3744 unum
2944 3678 3150 3760 potest
3184 3672 3458 3753 intelligi
3484 3671 3622 3734 sine
3644 3668 3845 3734 altero
3862 3715 3881 3745 ,
3914 3670 3976 3730 et
3999 3684 4034 3729 e
4058 3683 4100 3729 α

2695 3804 2913 3864 vers03
2943 3783 3286 3850 dicendum
3315 3779 3488 3862 quod
3503 3826 3522 3858 ‚
3559 3781 3676 3841 aut
3709 3774 3990 3858 loqueris
4009 3789 4100 3854 qm

2695 3898 2836 3958 tum
2862 3893 2942 3957 ad
2971 3889 3436 3972 significatum,
3478 3887 3593 3949 aut
3619 3886 3941 3966 quantum
3964 3880 4040 3945 ad
4071 3896 4100 3942 c

2696 4004 2990 4067 notatum
3022 4021 3038 4060 :
3069 3997 3123 4061 si
3149 3998 3466 4079 quantum
3510 3991 3592 4056 ad
3628 3992 4067 4064 connotatum‚

2698 4126 2848 4172 rum
2874 4106 3050 4186 dicis,
3078 4103 3250 4187 quod
3270 4105 3560 4167 creatura
3578 4101 3787 4182 potest
3805 4094 4067 4176 intelligi
4087 4113 4100 4156 ι

2698 4214 3015 4280 intellecta
3060 4229 3330 4295 persona
3368 4208 3511 4274 Filii
3540 4255 3556 4284 ,
3593 4210 3659 4270 et
3698 4222 3736 4269 e
3784 4219 4100 4278 conver-⁵03

2701 4326 3019 4406 quantum
3061 4319 3144 4384 ad
3178 4314 3525 4402 principale
3560 4312 4027 4394 significatum,
4066 4307 4100 4373 d

2701 4431 2934 4495 falsum
2974 4450 2991 4493 ι
3027 4423 3416 4509 impossibile
3456 4424 3553 4486 est
3590 4419 3771 4484 enim
3816 4417 4082 4498 intelligi

2701 4538 2965 4604 tentiam
2982 4532 3331 4617 generandi
3364 4529 3502 4594 sine
3515 4527 3804 4611 potentia
3828 4524 4100 4600 creandi,

2705 4654 2816 4717 cut
2838 4644 3225 4731 impossihile
3248 4645 3346 4708 oet
3359 4639 3720 4721 intelligere
3737 4653 4069 4721 personam
4089 4653 4100 4697 l

2707 4757 3000 4824 essentia.

3222 4836 3574 4919 QUAESTIO
3617 4834 3724 4902 lv,

2742 4978 2837 5035 An
2858 4989 3008 5049 posse
3032 4974 3280 5045 uenerari
3312 4974 3366 5028 et
3384 4984 3540 5043 posse
3570 4969 3748 5027 creari
3784 4969 3901 5024 sint
3921 4967 4100 5023 ωιέυοσ

3382 5073 3554 5133 posse.

2788 5185 3019 5249 Utrum
3045 5199 3229 5266 posse
3264 5177 3560 5262 generari
3592 5180 3661 5242 et
3687 5195 3873 5261 posse
3893 5173 4100 5240 creari:

2706 5310 2889 5378 posse
2937 5289 3287 5356 univocum
3335 5310 3351 5352 :
3399 5290 3464 5351 et
3507 5285 3681 5369 quod
3714 5302 3847 5349 non
3865 5331 3883 5360 ‚
3924 5281 4100 5346 viden

2706 5405 2882 5491 quia,
2911 5401 3207 5486 quamvis
3240 5399 3409 5466 idem
3448 5397 3533 5464 sit
3567 5413 3877 5479 generare
3904 5398 3968 5459 et
3988 5410 4100 5461 crea
