4100 6300
699 467 888 536 lllSTlNGT.
910 468 964 536 lll.
984 469 1103 537 PART.
1126 470 1151 536 l.
1679 477 1714 540 ct

129 598 184 669 vel
197 598 359 671 indicium
372 601 528 693 exiguum
548 601 663 673 haberi
682 604 838 697 potuerit.
859 604 907 675 De
926 605 989 677 hoc
1008 606 1216 697 Augustinus
1232 607 1270 677 in
1285 607 1345 678 lib.
1368 608 1415 678 Vl
1433 607 1474 680 de
1498 610 1586 680 Tria.
1609 621 1619 656 ¹
1641 610 1687 680 ait
1708 636 1838 680 :eminas

131 741 150 782 s
164 713 303 808 Oportet
315 724 354 787 ut
366 717 551 789 Creatorem
563 742 622 813 per
635 742 674 790 ea
686 742 760 814 qum
773 721 856 792 iacta
869 729 948 792 sunt
959 720 1124 793 intellecta
1132 721 1379 817 conspicientes,
1390 724 1584 796 Trinitatem
1598 726 1721 797 intelli·
1734 703 1836 830 ''iiiii'‘

126 853 258 923 gamus.
273 833 383 926 Hujus
395 835 483 904 onim
494 836 666 907 Trinitatis
676 838 853 928 vestigium
868 838 904 907 in
917 841 1075 908 creaturis
1088 849 1233 933 apparet.
1248 840 1324 910 Haec
1335 841 1423 910 enim
1438 842 1637 935 omniaque
1650 850 1719 912 arte
1743 834 1838 928 nidd·-

125 948 242 1020 divina
255 950 442 1040 factasunt,
457 959 490 1022 et
505 953 665 1024 unitatem
679 954 857 1048 quamdam
871 955 907 1023 in
924 978 959 1024 se
973 956 1163 1043 ostendunt,
1178 964 1209 1025 et
1222 958 1375 1049 speciem,
1392 964 1425 1027 et
1438 959 1588 1028 ordinem
1599 960 1621 1029 ².
1636 958 1720 1028 Nam
1744 947 1780 989 '⁵⁸’

125 1067 283 1160 quodque
296 1067 415 1137 horum
429 1077 626 1155 creatorum,
641 1078 673 1140 et
686 1093 793 1141 unum
806 1071 932 1164 aliquid
947 1081 1007 1159 est,
1022 1072 1107 1141 sicut
1118 1081 1194 1142 sunt
1207 1081 1333 1144 natura
1343 1097 1533 1167 corporum,
1544 1081 1577 1144 ct
1586 1075 1721 1166 ingenia

123 1182 330 1267 animarum
346 1192 378 1254 et
398 1184 511 1278 aliqua
531 1185 636 1278 specie
654 1187 837 1275 formatur,
852 1188 936 1258 sicut
955 1196 1035 1257 sunt
1052 1187 1191 1279 figurae,
1207 1189 1261 1258 vel
1279 1190 1455 1282 qualitates
1473 1213 1667 1281 corporum,
1683 1214 1721 1261 ac

123 1299 294 1387 doctrina,
308 1301 361 1370 vel
375 1309 461 1371 artes
473 1302 659 1371 animarum
675 1327 684 1371 ε
701 1311 734 1372 et
746 1303 895 1373 ordinem
910 1305 1056 1398 aliquem
1070 1305 1163 1398 petit,
1179 1313 1238 1374 aut
1251 1313 1351 1392 tenet,
1366 1306 1451 1376 sicut
1468 1315 1547 1376 sunt
1559 1306 1718 1401 pondera,

122 1417 178 1486 vel
192 1417 421 1487 collocationes
433 1440 625 1510 corporum,
639 1425 671 1488 et
683 1442 830 1507 amores,
845 1421 899 1490 vel
917 1420 1148 1490 delectationes
1166 1422 1352 1492 animarum
1369 1448 1378 1492 ι
1394 1431 1427 1492 et
1445 1423 1491 1493 ita
1504 1423 1540 1493 in
1561 1423 1720 1493 creaturis

122 1533 280 1626 praelucet
292 1533 470 1624 vestigium
482 1533 663 1604 Trinitatis.
682 1535 722 1605 In
735 1536 796 1606 illa
813 1538 902 1607 euim
915 1536 1076 1607 Trinitate
1094 1560 1224 1608 summa
1244 1537 1337 1629 origo
1350 1546 1400 1608 est
1412 1538 1563 1609 omnium
1583 1562 1694 1609 rerum
1708 1591 1718 1627 ,

122 1658 155 1718 et
168 1650 403 1742 perfectissima
415 1650 641 1743 pulchritudo,
653 1659 685 1721 et
693 1652 880 1723 beatissima
894 1652 1106 1725 delectatio.»
1123 1652 1289 1724 «Summa
1300 1663 1409 1725 autem
1419 1655 1525 1745 origo,
1536 1665 1575 1725 ut
1587 1657 1720 1746 Augus·

122 1764 214 1835 tinus
234 1766 376 1836 ostendit
395 1767 431 1835 in
447 1766 506 1836 lih.
523 1765 564 1836 de
575 1790 654 1836 uera
666 1769 836 1862 Reliqiorre
849 1773 876 1853 ³,
898 1770 1096 1861 intelligitur
1110 1771 1198 1839 Deus
1211 1769 1322 1856 Pater,
1337 1795 1358 1839 a
1378 1795 1445 1864 quo
1459 1778 1537 1840 sunt
1555 1772 1720 1859 omnia,a

122 1905 191 1973 quo
203 1881 322 1966 Filius,
337 1893 370 1955 et
383 1884 527 1979 Spiritus
541 1896 689 1976 sanctus3
703 1886 937 1981 perfectissima
948 1886 1163 1980 pulchritudo
1175 1889 1374 1979 intelligitur
1388 1888 1507 1975 Filius,
1525 1889 1647 1959 scilicet
1662 1912 1719 1958 ve-

122 1999 204 2068 ritas
215 1999 334 2085 Patris,
349 2002 442 2072 nulla
454 2026 495 2072 ex
507 2011 599 2095 parte
612 2004 643 2074 ei
654 2004 835 2090 dissimilis,
850 2026 949 2095 quem
961 2026 1039 2073 cum
1053 2004 1124 2096 ipso
1137 2011 1169 2073 et
1181 2005 1218 2074 in
1231 2005 1302 2096 ipso
1314 2005 1413 2074 Patre
1426 2027 1637 2090 veneramur,
1655 2004 1716 2097 qui

120 2116 228 2212 forma
248 2128 296 2186 ast
317 2119 467 2190 omnium
487 2142 562 2214 qun
579 2120 620 2190 ah
641 2143 709 2191 uno
723 2119 919 2206 factasunt,
935 2119 1021 2189 etad
1037 2141 1143 2189 unum
1157 2122 1347 2191 referuntur
1363 2146 1371 2189 τ
1387 2144 1461 2215 qun
1480 2131 1591 2191 tamen
1605 2122 1717 2191 omnia

120 2253 183 2300 nec
197 2231 316 2303 fierent
328 2258 348 2304 a
360 2235 457 2306 Patre
470 2239 529 2330 per
540 2236 685 2324 Filium,
701 2259 809 2330 neque
822 2236 890 2305 suis
903 2235 1029 2305 tinibus
1042 2237 1134 2307 salva
1145 2246 1268 2325 essent,
1283 2237 1347 2306 nisi
1366 2236 1454 2307 Deus
1467 2260 1595 2307 summe
1608 2238 1717 2307 honus

118 2358 224 2435 esset,
238 2352 344 2443 quiet
359 2351 445 2422 nulli
459 2361 606 2441 naturae,
623 2376 697 2447 quae
711 2353 824 2423 abillo
840 2352 929 2422 hona
942 2360 1025 2421 esset
1034 2404 1044 2439 ,
1064 2352 1197 2441 invidit,
1213 2362 1245 2422 et
1259 2361 1296 2422 ut
1309 2353 1345 2423 in
1358 2353 1446 2424 hono
1463 2354 1535 2446 ipso
1555 2365 1714 2442 maneret,

118 2465 186 2534 alia
205 2476 368 2560 quantum
389 2469 510 2558 vellet,
530 2471 596 2540 alia
613 2478 777 2563 quantum
799 2477 927 2563 posset,
949 2469 1039 2538 dedit
1065 2495 1073 2538 ε
1097 2492 1172 2563 quae
1194 2470 1324 2541 bonitas
1345 2471 1549 2561 intelligitur
1574 2472 1716 2564 Spiritus

118 2590 268 2672 sauctus,
281 2583 340 2678 qui
360 2594 408 2656 est
420 2586 552 2657 Donum
566 2587 673 2657 Patris
686 2593 718 2656 et
738 2585 830 2655 Filii.
846 2585 955 2669 Quare
973 2584 1083 2678 ipsum
1106 2583 1239 2656 Donum
1258 2587 1336 2675 Dei,
1350 2610 1427 2657 cum
1456 2587 1554 2657 Patre
1573 2596 1606 2656 et
1627 2587 1714 2658 Filio

116 2719 212 2791 aeque
222 2699 490 2772 incommutabile
502 2704 609 2773 colere
620 2711 653 2772 et
667 2713 776 2772 tenere
785 2725 846 2771 nos
858 2702 1023 2772 convenit.
1039 2703 1103 2771 Per
1116 2702 1409 2773 considerationem
1424 2704 1535 2797 itaque
1549 2712 1716 2773 ereatura·

117 2835 196 2883 rum
210 2816 312 2885 unius
325 2817 514 2890 substantiae
522 2819 717 2889 Trinitatem
726 2818 956 2908 intelligimus,
968 2818 1090 2887 scilicet
1101 2842 1207 2888 uuum
1216 2818 1323 2890 Deum
1332 2820 1465 2889 Patrem
1475 2843 1496 2889 a
1507 2842 1574 2913 quo
1584 2841 1713 2906 sumus,

117 2938 150 2999 et
162 2930 285 3002 Filium
298 2956 357 3025 per
369 2957 469 3028 quem
482 2959 617 3025 sumus,
633 2946 666 3007 et
678 2935 840 3029 Spiritum
854 2944 1005 3003 sanctum
1024 2936 1061 3003 in
1079 2957 1147 3026 quo
1165 2957 1297 3022 sumus,
1314 2936 1436 3005 scilicet
1454 2935 1655 3029 principium
1670 2936 1712 3006 ad

116 3046 209 3140 quod
221 3050 439 3139 recurrimus,
455 3059 488 3121 et
503 3053 645 3123 formam
666 3074 766 3144 quam
790 3051 977 3144 sequimur,
1001 3058 1034 3120 et
1053 3052 1192 3141 gratiam
1213 3074 1281 3144 qua
1301 3052 1581 3122 reconciliamur:
1605 3074 1713 3122 unum

121 3164 246 3236 scilicet
258 3189 325 3260 quo
337 3176 469 3239 auctore
482 3170 606 3240 conditi
619 3193 751 3256 sumus,
766 3177 799 3238 et
816 3162 1068 3237 similitudinem
1082 3167 1153 3260 ejus
1172 3191 1230 3261 per
1246 3192 1348 3261 quam
1368 3168 1410 3238 sd
1429 3168 1591 3238 unitatem
1612 3169 1715 3239 reior-

120 3303 271 3372 mamur3
286 3291 319 3353 et
332 3307 444 3377 pacem
457 3310 525 3379 qua
537 3286 657 3356 unitati
670 3285 893 3371 adhaeremus3
910 3283 1033 3353 scilicet
1050 3283 1157 3353 Deum
1180 3284 1244 3375 (a),
1260 3284 1319 3378 qui
1339 3284 1449 3354 dixit⁸
1464 3308 1472 3352 ε
1489 3284 1570 3353 Fiat
1587 3284 1669 3368 [απ
1681 3293 1715 3354 et

118 3396 288 3488 Verbum,
302 3423 361 3494 per
373 3400 461 3494 quod
473 3402 596 3471 iactum
618 3410 665 3471 est
680 3424 779 3471 omne
796 3401 887 3494 quod
900 3399 1161 3470 substantialiter
1179 3408 1213 3470 et
1225 3400 1420 3470 naturaliter
1439 3408 1505 3487 est3
1524 3408 1556 3471 et
1576 3400 1711 3471 Donum

117 3513 330 3606 benignitatis
343 3517 430 3610 ejus,
444 3541 513 3610 qua
524 3518 648 3611 placuit
660 3517 749 3611 quod
772 3518 868 3586 abeo
882 3538 940 3608 per
957 3515 1109 3586 Verbum
1126 3516 1247 3586 iactum
1261 3524 1331 3604 est,
1344 3525 1378 3586 et
1400 3516 1646 3586 reconciliatum
1667 3527 1716 3587 ast

116 3633 261 3721 auctori,
276 3641 395 3704 utnon
409 3634 602 3704 interiret.»
623 3634 705 3704 Ecce
721 3640 888 3704 ostensum
907 3638 955 3701 est
974 3633 1124 3725 qualiter
1143 3633 1179 3702 in
1199 3633 1359 3703 creaturis
1371 3632 1581 3726 aliquatenus
1604 3633 1715 3725 imago

116 3748 288 3819 Trinitatis
299 3749 464 3820 indicatur
479 3750 671 3820 :nonenim
687 3772 746 3843 per
757 3757 984 3819 creaturarum
997 3749 1307 3842 contemplationem
1322 3748 1491 3819 sufficiens
1512 3749 1629 3819 notitia
1641 3749 1715 3819 Tri·

114 3865 233 3934 nitatis
250 3874 355 3959 potest
368 3866 503 3954 haberi,
520 3867 574 3937 vel
590 3867 720 3958 potuit,
739 3866 809 3936 sine
821 3865 998 3952 doctrinae,
1014 3865 1068 3936 vel
1082 3864 1249 3935 interioris
1261 3864 1488 3958 inspirationis
1500 3864 1711 3936 revelatione.

111 3980 211 4051 Unde
224 3982 276 4051 illi
289 3982 418 4076 antiqui
432 3981 625 4075 philosophi
638 3983 733 4076 quasi
746 4004 806 4077 per
829 3982 1001 4070 umbram,
1026 3983 1115 4052 etde
1134 3981 1338 4076 longinquo,
1353 3981 1509 4052 viderunt
1526 3982 1712 4071 veritatem,

111 4096 302 4169 deficientes
315 4099 353 4170 in
365 4101 517 4169 contuitu
529 4098 713 4187 Trinitatis,
728 4108 767 4169 ut
778 4099 868 4190 magi
881 4096 1063 4169 Pharaonis
1074 4098 1111 4167 in
1126 4099 1221 4170 tertio
1233 4097 1329 4190 signo
1341 4104 1365 4167 ⁸.
1377 4097 1588 4191 Adjuvamnr
1600 4108 1709 4169 tauoen

111 4213 150 4282 in
164 4213 231 4284 fide
242 4213 460 4287 invisibilium
472 4237 531 4309 par
543 4236 668 4309 eaquae
681 4216 765 4286 lacta
778 4223 868 4286 sunt.

305 4496 511 4566 Exposfflo
530 4496 683 4564 'prmus
937 4490 1098 4555 congruas
1119 4471 1355 4554 similitudines,
1375 4478 1406 4539 st
1427 4476 1584 4557 rationem
1606 4475 1640 4542 in
1658 4495 1712 4543 sc·

515 4664 518 4669 A
751 4660 756 4671 Ι
936 4580 1043 4646 cunda
1061 4579 1157 4646 solvit
1168 4585 1368 4663 emergentes
1375 4582 1599 4664 dubitationes,
1617 4585 1715 4668 (inira

157 4660 296 4728 apuu
307 4659 835 4728 „unamquamcunque
936 4687 1076 4753 munet.
1095 4705 1142 4769 ιν,
1157 4687 1191 4752 u
1207 4689 1338 4772 panop.
1357 4711 1365 4754 ι
1384 4690 1445 4756 uu
1458 4693 1564 4759 osce
1575 4694 1714 4774 coccio

1 4841 89 4889 Μ
154 4796 310 4883 Superius
322 4799 390 4883 egit
398 4797 549 4882 Magister
557 4798 596 4863 de
608 4802 717 4862 sancta
727 4795 882 4861 Trinitate
935 4799 1220 4878 mercatoria,
1230 4797 1307 4880 etc.)
1319 4797 1357 4863 ln
1365 4799 1469 4876 tertia,
1477 4799 1712 4866 illisduhitatio
1770 4853 1780 4873 .

109 4907 146 4972 in
159 4912 318 4991 quantum
334 4906 488 4984 creditum
503 4906 538 4971 in
558 4906 620 4971 hac
632 4906 771 4972 secunda
792 4909 882 4989 parte
936 4906 1034 4972 nibus
1049 4905 1172 4984 solutis,
1187 4906 1377 4971 determinat
1391 4906 1565 4986 Trinitatis,
1590 4911 1623 4973 et
1635 4906 1715 4974 Uni·

110 5020 181 5102 agit
193 5018 233 5084 de
244 5019 359 5103 ipsain
370 5022 528 5102 wantum
542 5016 745 5100 intelligitur.
759 5016 800 5082 lit
810 5016 883 5082 haec
936 5017 1010 5081 tatis
1022 5015 1240 5100 proprietates,
1259 5019 1291 5082 et
1303 5016 1498 5082 conditiones
1516 5015 1626 5100 (intra,
1646 5016 1713 5082 dis·

110 5144 187 5209 pars
207 5126 362 5192 dividitur
380 5126 417 5191 in
438 5130 503 5192 tres
521 5130 627 5210 partes
648 5145 657 5190 ε
685 5125 721 5189 in
742 5142 883 5208 quarum
936 5124 1026 5189 unc.
1048 5142 1107 5190 vru
1128 5146 1137 5186 z
1156 5124 1249 5192 Nunc
1268 5123 1309 5191 de
1328 5128 1473 5207 anime,
1490 5127 1560 5193 aive
1576 5124 1615 5192 de
1633 5138 1713 5207 pre·

111 5236 229 5320 prima,
242 5234 284 5301 ad
296 5235 536 5319 intelligendam
546 5233 745 5314 Trinitatem,
754 5232 883 5300 adducit
934 5232 1072 5315 pmice
1080 5231 1104 5317 ).

143 5386 382 5450 mentatum.
402 5385 805 5453 Vl,c.x,n.t2.-¹Eadem
827 5384 882 5437 lere
937 5385 1031 5436 mitt.
1051 5382 1556 5450 -tcen.,1,s.-⁸ncc‹r.,r1u,sa.

105 5457 192 5512 must
201 5458 233 5509 in
244 5457 291 5509 lib.
304 5458 414 5510 Decem
422 5458 546 5524 Mitt-2⁰·
559 5470 607 5524 vu,
618 5459 738 5513 n..t³.·-
747 5456 829 5523 ⁸021).
839 5467 882 5522 nt,
969 5462 1004 5530 (a)
1017 5462 1187 5530 subintetiiqe
1203 5465 1315 5517 Patrem.
