4100 6300
348 547 403 595 nv
832 520 882 586 DE
909 511 1082 584 somatis
1103 513 1135 580 S.
1154 509 1471 580 BONAVENTURAE.

348 665 429 740 tique
443 664 481 722 de
494 664 538 722 lui
551 663 694 721 contester
708 675 755 717 ces
770 657 849 715 deux
860 653 1016 731 opuscules
1033 656 1052 709 a
1066 666 1154 709 cause
1169 649 1221 707 des
1234 646 1451 723 imperfectione
1466 644 1539 720 qu'il
1552 643 1626 702 croit
1638 659 1659 717 y
1670 642 1749 710 noir,
1764 641 1793 697 et
1806 638 1859 696 des
1868 634 1929 693 cita·

348 764 425 822 tions
440 762 587 821 d’auteurs
604 758 743 837 profanes
763 757 816 832 qui
834 755 877 830 s'y
895 753 960 812 font
971 763 1158 825 remarquer,
1178 752 1222 806 est
1238 762 1297 806 une
1313 747 1444 806 maniere
1458 743 1571 803 adroite
1593 741 1660 799 d’en
1680 738 1753 798 taire
1773 738 1804 796 la
1819 733 1931 808 aidane

349 878 418 921 saus
432 876 578 936 mauquer
590 875 630 917 au
642 859 756 932 respect
769 854 842 931 qu’il
856 852 955 937 devait
967 868 1006 910 au
1021 850 1098 909 seim
1111 852 1243 908 Docteur.

483 1094 537 1159 ΙΙΙ.
557 1095 599 1158 In
614 1092 826 1176 annpeltnn
842 1089 875 1155 S.
892 1066 1040 1155 ioannis.
1058 1085 1163 1151 Princ.
1182 1082 1349 1167 Numquid
1364 1081 1409 1149 ad
1420 1084 1614 1164 preceptum
1630 1084 1739 1159 mam,
1755 1077 1813 1138 etc.

390 1285 465 1350 Sine
477 1283 545 1349 ulla
557 1282 769 1347 affirmatione
782 1284 974 1356 asserentes,
989 1276 1069 1341 illud
1080 1294 1176 1340 omne
1187 1274 1369 1338 dubitanter
1381 1273 1539 1348 dicemus,
1555 1266 1640 1350 quad
1656 1266 1764 1329 animo
1775 1263 1932 1327 sentimus

347 1392 445 1460 Nobis
463 1390 595 1474 quidem
614 1389 848 1454 Bonaventurae
869 1404 950 1470 opus
968 1386 1105 1463 videtur,
1125 1403 1164 1448 eo
1177 1383 1264 1466 quod
1284 1401 1304 1445 a
1320 1379 1495 1444 Trilhemio
1512 1375 1801 1440 commemoratum
1819 1370 1887 1434 sit:
1903 1371 1935 1434 in

347 1499 564 1582 annpotiam
577 1497 731 1575 loannis,
747 1496 800 1561 tio.
822 1496 851 1557 1.
869 1493 1032 1559 Sermonis
1045 1488 1155 1556 autem
1168 1491 1248 1554 ratio
1261 1507 1321 1552 uos
1334 1492 1443 1551 contra
1454 1488 1572 1561 movet,
1583 1487 1621 1548 ut
1633 1479 1819 1563 hujusmodi
1832 1478 1935 1560 postil-

347 1609 396 1674 las
408 1607 643 1672 Itonaventurae
654 1620 823 1685 negemus.
839 1600 960 1666 Passim
974 1601 1033 1664 has
1050 1598 1192 1663 arabicas
1206 1597 1338 1661 voculas
1353 1595 1515 1676 legimns:
1535 1592 1748 1657 Personarum
1763 1587 1936 1668 distineat-

349 1716 521 1788 dtlitatem‚
543 1714 719 1790 alietatem,
740 1712 973 1788 causationem,
994 1707 1286 1785 daemomonem
1306 1703 1431 1785 aliaque
1454 1701 1505 1765 his
1525 1699 1658 1776 similia,
1680 1714 1755 1780 quae
1774 1695 1808 1758 in
1826 1693 1936 1758 deliciis

348 1824 534 1888 habuenmt
547 1820 715 1903 scriptores
732 1816 831 1882 seculi
843 1816 912 1883 xlv
923 1824 954 1881 et
967 1816 1032 1882 XV.
1047 1815 1156 1880 Multis
1170 1818 1278 1878 autem
1293 1812 1401 1875 visum
1414 1809 1493 1884 luit,
1511 1807 1747 1890 Expositionem
1765 1804 1860 1866 istam
1871 1818 1934 1865 con·

350 1932 512 1996 sinuatam
525 1930 622 1994 tuisse
635 1928 676 1992 ab
689 1925 871 1992 Alexandro
885 1926 924 1990 de
939 1924 1132 1989 Alexandria
1144 1921 1312 1998 Minorita,
1328 1919 1385 2001 qui
1399 1917 1505 1982 seculo
1516 1917 1647 1981 ineunte
1662 1911 1730 1978 xli
1743 1912 1872 1987 dornit3
1887 1910 1934 1973 sed

349 2039 407 2120 qui
424 2038 469 2102 ita
484 2036 645 2112 sentiunt,
664 2035 870 2100 vehementer
887 2038 1005 2097 errant.
1021 2031 1173 2097 Vetusius
1191 2031 1279 2093 enim
1297 2026 1560 2091 membranaceus
1573 2022 1672 2086 codes
1695 2023 1799 2083 exstat
1814 2018 1848 2081 in
1861 2017 1932 2080 Bibl.

352 2144 504 2210 Patavina
516 2142 578 2208 FP.
593 2142 755 2207 Minorum
769 2140 1054 2217 conventualium,
1069 2140 1126 2222 qui
1138 2136 1312 2201 Alexandri
1324 2133 1483 2217 postillam
1497 2132 1531 2195 in
1544 2129 1699 2194 loannem
1712 2126 1868 2203 contiuet3
1884 2144 1934 2188 cu-

347 2254 406 2334 jus
427 2252 489 2316 hoc
512 2254 561 2315 est
581 2250 734 2314 initium:
757 2249 910 2333 Prolopas
931 2249 963 2314 S.
987 2249 1181 2330 Hieronymi
1199 2244 1395 2327 Presbyteri,
1408 2245 1467 2305 etc.
1490 2240 1553 2305 Hic
1571 2243 1619 2305 cst
1640 2237 1778 2304 ioansns
1799 2235 1931 2316 annpe

349 2358 451 2437 tiata,
465 2362 525 2423 eto.
549 2358 597 2422 dd
620 2357 772 2440 Opusculi
791 2358 911 2422 finem:
934 2357 1082 2439 Enpdcit
1103 2354 1237 2421 Postilla
1255 2368 1351 2435 capo
1372 2348 1583 2432 Eaanpetinm
1600 2345 1632 2411 S.
1654 2345 1702 2410 Ja.
1718 2345 1843 2426 scnpta
1856 2361 1876 2406 a
1888 2343 1934 2406 Pr.

351 2465 536 2533 Atacandro
551 2465 811 2532 dannamaria
827 2465 903 2532 Ord-
921 2466 987 2530 PF.
1005 2466 1102 2540 Min,
1118 2467 1178 2527 etc.

391 2573 459 2640 Suu
472 2572 708 2639 Bonavmturae
721 2574 852 2637 nomine
869 2576 972 2637 exstat
985 2571 1059 2635 God.
1077 2589 1110 2634 n.
1127 2569 1204 2649 XLI,
1225 2568 1346 2649 in-lol.,
1363 2567 1497 2634 Postilla
1511 2582 1606 2649 saper
1620 2566 1797 2642 leonnato,
1813 2560 1848 2624 in
1863 2557 1933 2624 Bihl.

352 2681 610 2762 Heilsbronensi,
623 2686 661 2747 ut
674 2686 796 2747 constat
807 2698 849 2747 ex
864 2680 961 2746 Gatal.
978 2677 1116 2744 Hockeri
1131 2677 1335 2742 Bibliotheca
1351 2675 1524 2757 ejsudem.

1039 2855 1255 2899 ousuavmona

386 2976 466 3032 Nous
477 2988 572 3031 avons
586 2973 655 3046 ddja
666 2971 720 3031 tait
731 2971 797 3030 vair
809 2987 849 3029 au
862 2973 1113 3028 commencement
1127 2968 1165 3026 de
1179 2972 1251 3026 cette
1260 2966 1382 3038 section,
1396 2967 1413 3040 ἓ
1428 2971 1461 3037 Ι,
1479 2981 1509 3023 n.
1523 2968 1551 3035 2,
1567 2980 1626 3039 que
1640 2962 1880 3038 quelques-unes
1890 2960 1935 3017 des

351 3071 538 3147 expressions
568 3071 782 3145 revendiquees
802 3070 841 3128 ici
859 3086 914 3145 par
935 3073 1019 3127 notre
1036 3067 1160 3142 critique
1182 3083 1241 3124 aux
1268 3066 1412 3124 manaim
1438 3064 1479 3123 dn
1505 3063 1701 3139 quatorzidme
1729 3066 1757 3119 et
1780 3064 1876 3119 meme
1899 3060 1935 3117 du

352 3172 517 3246 qrunzieme
528 3170 629 3242 siecle,
644 3187 675 3228 se
689 3170 776 3228 lisent
790 3170 865 3229 daus
882 3169 910 3226 le
924 3167 1133 3227 commentaire
1146 3168 1243 3225 meme
1257 3166 1294 3223 de
1307 3171 1391 3223 notre
1405 3165 1481 3223 saint
1494 3168 1616 3223 Docteur
1629 3179 1679 3220 sur
1691 3163 1733 3220 les
1754 3164 1911 3221 sentences⁸

1096 3432 1117 3524 ἓ
1139 3430 1199 3502 ΙΙΙ.

727 3602 932 3697 Opusculum
947 3603 1088 3674 dubium
1101 3602 1208 3672 adres
1223 3601 1391 3672 Minorum
1404 3608 1562 3693 spectans.

449 3802 622 3886 Eapoaitto
638 3803 676 3868 tn
691 3801 842 3885 &mam
856 3802 1008 3868 &aran
1023 3802 1196 3869 Minorem.
1216 3802 1279 3867 lnc
1299 3801 1491 3885 denamque
1506 3800 1589 3866 tara
1607 3799 1768 3882 caman,
1783 3806 1843 3865 etc.

389 3965 607 4049 Antiquarum
618 3982 660 4028 ne
671 3981 758 4027 unns
769 3962 900 4046 quidem
913 3967 971 4044 est,
987 3964 1044 4046 qui
1055 3964 1139 4028 hanc
1148 3963 1385 4048 Expositioaem
1398 3964 1517 4029 tribuat
1531 3963 1776 4029 Bouaventurae.
1794 3963 1875 4028 Sunt
1884 3960 1931 4045 qui

350 4075 476 4151 dicant,
492 4073 525 4137 id
541 4070 736 4155 opusculum
752 4069 961 4136 siiithemio
975 4071 1140 4154 indigitari
1153 4076 1245 4152 tum,
1267 4091 1343 4137 oum
1357 4072 1466 4137 scribit
1485 4073 1519 4136 in
1537 4072 1680 4137 indiculo
1696 4094 1704 4135 ι
1729 4072 1930 4140 contionis

350 4199 407 4249 nes
417 4183 472 4247 sut
491 4178 635 4257 Ordinis
655 4177 710 4244 lio.
726 4184 756 4241 l.
772 4178 833 4242 Sed
846 4178 932 4260 quod
947 4178 1065 4244 horum
1078 4179 1164 4243 bona
1177 4181 1272 4245 venia
1285 4180 1434 4260 dixerim,
1449 4181 1508 4246 hos
1521 4180 1651 4264 quidem
1662 4180 1745 4244 nihil
1758 4182 1849 4258 scire,
1864 4177 1930 4262 quid

350 4290 555 4376 potissimum
569 4285 807 4370 Expositionem
819 4285 902 4350 iuter
915 4285 1066 4367 Regula,
1084 4292 1116 4351 et
1128 4287 1253 4352 Ordinis
1271 4286 1394 4353 Statrita
1408 4288 1543 4353 intersit.
1560 4286 1681 4352 arear
1695 4290 1826 4352 testium
1841 4290 1930 4353 altum

352 4397 535 4474 silentium,
551 4393 704 4489 suut-alia
717 4394 797 4457 bene
811 4393 934 4471 multa,
953 4412 1028 4477 quae
1041 4393 1280 4479 Expositionem
1297 4397 1381 4461 hanc
1395 4397 1492 4463 Nobis
1506 4402 1685 4481 suspectam
1698 4397 1826 4460 iaciant.
1842 4395 1929 4472 Cum,

350 4507 451 4590 capite
467 4502 520 4584 IV,
538 4503 577 4567 de
594 4502 740 4585 pecuniae
758 4502 936 4585 receptione
953 4507 1064 4584 ageret
1082 4503 1260 4586 Expositor,
1276 4506 1404 4587 omnia,
1421 4524 1495 4589 que
1511 4505 1642 4570 loannis
1657 4502 1740 4568 ΙΙΙΙΙΙ
1759 4506 1931 4586 tempestate

348 4615 384 4681 in
404 4611 569 4679 Minoritas
581 4612 669 4693 jactu
691 4614 784 4687 sunt,
804 4610 917 4675 reiellit
935 4611 1078 4676 omnino.
1101 4611 1185 4693 Hoc,
1208 4631 1338 4695 queso,
1359 4618 1454 4698 caput
1469 4615 1587 4691 confer,
1610 4613 1637 4676 si
1656 4614 1721 4690 vis,
1744 4631 1820 4676 eum
1836 4609 1931 4677 Alvau

349 4721 472 4803 Pelagii
487 4737 602 4803 opere,
620 4717 675 4783 cui
687 4717 822 4782 titulus:
842 4721 884 4785 De
897 4719 1033 4802 planae
1051 4722 1198 4788 Ecclesia
1206 4742 1220 4802 ,·
1239 4726 1271 4784 et
1290 4723 1324 4785 in
1346 4723 1455 4786 multis
1475 4737 1573 4804 quam
1593 4723 1734 4785 maxime
1753 4722 1930 4787 concordare

349 4827 576 4913 deprehendes.
593 4825 754 4909 Ajudicio
767 4829 876 4889 nmen
891 4831 1000 4892 nostro
1012 4828 1142 4893 ferendo
1156 4830 1352 4895 abstinemus
1367 4850 1375 4894 :
1391 4849 1468 4895 nam
1479 4832 1548 4896 deri
1560 4837 1644 4896 certe
1657 4835 1769 4914 potest,
1782 4837 1821 4896 ut
1833 4830 1930 4895 eaden

349 4939 473 5022 objecta
486 4934 642 5000 Minorids
656 4933 775 4999 fuerint
788 4934 930 5018 tempore
945 4933 1179 5000 Bonaventurae
1194 4938 1304 5001 nostri.

389 5045 500 5112 Exstat
512 5044 548 5108 in
563 5044 722 5108 Minorem
738 5040 889 5125 Speculo,
905 5042 979 5108 edit.
996 5042 1188 5126 Rothomag.
1205 5064 1258 5110 an.
1274 5050 1374 5125 t509,
1391 5050 1482 5111 tract.
1498 5045 1559 5125 ΙΙΙ,
1574 5064 1649 5128 pag.
1662 5048 1713 5109 24.

1048 5223 1248 5269 OBSBRVATION.

385 5337 458 5395 G’est
467 5349 524 5392 uae
535 5345 615 5392 asser
624 5332 701 5391 belle
713 5335 856 5410 andqrdtt
867 5350 926 5413 que
936 5333 1009 5398 celle
1018 5336 1071 5418 qai
1082 5341 1214 5397 remonte
1227 5339 1313 5400 dune
1323 5340 1506 5400 soixantaine
1516 5341 1654 5400 d'annees
1664 5342 1824 5400 seulement
1834 5335 1926 5411 depuis

349 5432 794 5507 l'lnventiondsl'imprlmerie.
1816 5424 1818 5428 ’

381 5557 514 5624 tangat·
