4100 6300
498 477 598 545 nlsr.
620 479 726 547 XXVI.
749 478 842 546 aur.
864 476 889 541 Ι.
910 473 1060 554 QUAEST.
1084 473 1137 540 ΙΙΙ.
1557 483 1616 545 aaa

53 625 91 671 oc
99 605 190 671 modo
196 607 398 691 consequitur
404 611 561 677 rationem
570 614 789 694 distinctionis,
848 616 879 677 et
892 611 937 676 ita
952 611 988 674 in
1001 611 1123 676 unitate
1138 609 1316 694 hypostasis
1330 631 1338 675 ε
1352 609 1517 694 quievero
1529 613 1617 695 quod

53 721 119 783 test
135 718 213 782 ratio
225 719 441 787 innotescendi
455 723 709 802 distinctionem,
724 744 791 790 non
846 718 1009 783 reducitur
1024 717 1065 783 ad
1078 718 1164 783 aliud
1180 717 1505 797 sicutadterminum,
1521 720 1616 785 intel-

55 826 261 908 istingnendi,
277 828 359 894 sicut
373 832 511 897 secunda
525 834 633 916 opinio
651 833 745 910 dicit,
761 838 793 898 et
846 825 963 908 ligitur
975 827 1169 910 liraeoedeiei
1185 826 1262 890 hinc
1281 828 1328 890 esi
1347 826 1445 909 quod,
1459 826 1616 892 abstracta

54 935 162 999 rebant
174 935 311 1000 rationes
323 937 462 1003 inductas
476 941 516 1005 ad
529 941 703 1006 secundam
716 959 790 1024 par-
847 933 992 1014 Origine,
1003 936 1073 1016 iam
1085 952 1151 998 non
1162 936 1210 997 est
1227 931 1405 1013 intelligere
1417 932 1615 1016 hypostasim

53 1062 94 1108 {m
111 1043 149 1107 de
162 1043 230 1126 ipsa
248 1045 411 1111 relatione.
429 1047 534 1113 Potest
551 1049 637 1113 enim
655 1049 791 1131 intelligi
846 1043 1082 1127 procedentem.
1102 1040 1158 1107 Vel
1180 1039 1258 1104 illud
1289 1039 1531 1122 intelligendum
1558 1041 1616 1106 ubi

53 1170 105 1214 inc
115 1146 288 1230 distinctio,
303 1153 380 1235 quia
392 1154 582 1238 intelligitur
595 1157 654 1239 qut
663 1155 702 1223 ab
713 1157 789 1235 atto,
846 1153 1060 1237 respectivum
1073 1148 1149 1214 dicit
1161 1147 1414 1231 dependentium,
1427 1147 1551 1213 ratione
1562 1168 1615 1214 cu·

53 1263 163 1340 laquo
176 1258 273 1325 atius.
289 1257 395 1325 Potest
413 1262 509 1326 etiam
522 1267 695 1348 utrumqne
716 1282 792 1347 pro·
842 1262 897 1344 jus
909 1259 1016 1324 delicit
1030 1273 1190 1321 asumma
1209 1254 1431 1337 simplicitate:
1450 1254 1536 1338 quod
1549 1274 1616 1321 non

53 1366 140 1429 rietas
163 1365 353 1450 importare,
376 1369 494 1435 scilicet
519 1371 738 1436 habitudinem
760 1376 792 1436 et
846 1367 941 1432 estin
953 1365 1029 1431 Deo.

53 1474 183 1555 riginem
200 1495 208 1540 :
224 1479 255 1539 et
269 1480 346 1542 tunc
364 1496 431 1542 non
445 1482 569 1543 tantum
580 1484 628 1544 est
643 1480 725 1544 ratio
736 1480 791 1543 in·
886 1479 916 1538 ἓ.
930 1472 978 1538 ad
994 1471 1074 1536 illud
1087 1471 1174 1554 quod
1186 1470 1346 1553 objicitur,
1361 1470 1446 1553 quod
1463 1487 1531 1535 esse
1548 1489 1617 1536 res·

54 1583 217 1660 alescendi,
231 1585 392 1651 sedetiam
405 1587 635 1669 distinguendi.
649 1587 790 1653 Circum·
846 1580 1007 1663 pectivum
1022 1579 1127 1643 solum
1151 1578 1204 1643 dat
1224 1595 1291 1642 esse
1312 1578 1541 1660 respectivum3
1564 1579 1615 1644 di·

53 1689 140 1772 tripta
151 1691 160 1726 ¹
171 1690 257 1755 enim
271 1693 408 1775 origine,
423 1695 493 1759 sive
506 1696 718 1775 emanatione,
733 1695 791 1758 im·
846 1688 983 1753 cendum
997 1685 1084 1770 quod
1105 1686 1168 1749 hoc
1189 1703 1305 1750 verum
1318 1689 1365 1748 cst
1381 1684 1420 1748 de
1440 1684 1615 1767 respective

53 1794 174 1859 ossibile
190 1797 284 1861 estin
301 1798 419 1865 divinis
437 1801 615 1885 intelligere
627 1803 790 1885 pluralita-
846 1799 931 1882 quod
944 1799 1021 1864 dicit
1045 1798 1149 1862 solum
1162 1796 1383 1861 habitudinem
1400 1818 1408 1860 ε
1424 1796 1557 1861 sednon
1569 1799 1616 1861 est

53 1914 104 1960 em:
117 1898 192 1978 imo,
207 1900 290 1965 sicut
303 1903 437 1968 essentia
449 1908 497 1969 est
509 1924 585 1985 una,
600 1905 684 1970 sicet
697 1906 791 1971 intel·
845 1926 961 1971 vernm
983 1907 1022 1970 da
1046 1905 1239 1989 respective,
1252 1905 1337 1989 quod
1352 1904 1427 1969 dicit
1443 1904 1612 1986 originem.

53 2004 321 2089 giturhypostasis
335 2029 410 2076 una.
433 2012 469 2077 Et
486 2014 792 2098 sioprooeditprima
887 2019 917 2079 3.
939 2014 987 2079 Ad
1007 2013 1087 2078 illud
1105 2013 1190 2096 quod
1211 2012 1370 2096 objicitur,
1395 2011 1482 2095 quod
1504 2012 1615 2077 relatio

53 2113 147 2194 pinio,
162 2118 194 2179 et
206 2115 346 2182 rationes
368 2119 407 2184 ad
427 2121 564 2203 primam
578 2128 712 2206 partem.
729 2123 791 2188 Sed
844 2139 911 2185 non
922 2122 1023 2186 oritur
1035 2139 1092 2204 per
1103 2139 1151 2198 se;
1164 2120 1334 2184 dicendum
1344 2119 1431 2202 quod
1445 2119 1555 2184 relatio
1568 2125 1615 2185 est

53 2221 198 2286 otandum
208 2224 294 2307 quod
301 2244 377 2291 cum
384 2227 469 2293 idem
477 2230 517 2293 sit
524 2232 791 2314 personisdivinis
844 2230 1020 2313 proprietas
1041 2227 1217 2293 secundum
1237 2227 1324 2310 quod
1345 2227 1414 2310 ipsa
1435 2230 1502 2306 est3
1522 2227 1615 2309 origo

53 2328 119 2408 riri,
138 2333 169 2394 et
182 2349 268 2411 esse,
289 2337 321 2396 et
333 2335 373 2398 ad
390 2334 526 2401 alterum
544 2356 578 2402 se
591 2339 723 2419 habere,
738 2343 790 2403 ta-
844 2354 933 2416 vero,
948 2340 1044 2419 prout
1052 2339 1101 2400 est
1112 2334 1145 2399 id
1158 2334 1243 2417 quod
1254 2334 1357 2399 oritur
1369 2356 1376 2397 :
1389 2338 1422 2398 et
1434 2334 1511 2417 quia
1522 2335 1614 2418 origo

53 2453 96 2498 ren
119 2438 295 2503 secundum
319 2442 475 2507 rationem
498 2445 696 2526 intelligendi
715 2450 791 2510 sunt
844 2443 975 2526 proprie
991 2461 1058 2506 non
1078 2442 1200 2521 oritur,
1215 2441 1268 2506 sed
1283 2441 1419 2507 estillud
1432 2442 1614 2524 quooriens

54 2543 182 2626 dinata,
203 2550 242 2611 ut
262 2548 403 2631 primum
422 2552 462 2615 sit
475 2553 570 2631 oriri;
596 2554 708 2618 deinde
722 2572 790 2619 esse
843 2550 956 2630 oritur,
979 2551 1024 2614 ita
1043 2548 1129 2633 quod
1146 2566 1213 2612 non
1234 2548 1441 2630 consequitur
1458 2542 1613 2632 tempoie,

53 2653 260 2735 ,telligaturin
272 2657 323 2721 his
335 2677 409 2742 quae
418 2660 537 2726 habent
549 2680 616 2726 esse
625 2664 665 2726 ab
676 2662 749 2742 alio,
758 2666 790 2728 et
843 2657 894 2721 vel
913 2662 1049 2738 natura,
1065 2657 1119 2721 sed
1138 2655 1314 2721 secundum
1328 2655 1484 2720 rationem
1496 2656 1614 2720 intelli·

53 2759 131 2824 ainde
142 2781 176 2826 se
187 2763 228 2827 ad
240 2764 379 2830 alterum
387 2767 514 2832 habere.
525 2767 605 2845 Quia
614 2787 691 2832 vero
704 2768 789 2833 idem
843 2765 952 2847 gendi,
961 2765 1013 2831 vel
1023 2769 1071 2830 ast
1080 2764 1176 2828 simul
1189 2763 1377 2843 necessario,
1388 2763 1440 2828 vel
1448 2763 1597 2847 praeeedit
1601 2786 1611 2845 3

53 2869 96 2929 rnt
108 2867 141 2930 in
154 2867 240 2951 Deo,
253 2871 324 2936 ideo
340 2873 452 2938 eodem
465 2875 594 2940 nomine
613 2876 788 2959 designan-
842 2871 913 2937 ideo
926 2876 1012 2955 patet
1024 2871 1114 2936 illud.

53 2990 85 3035 rr.
100 2972 383 3059 Unds’generatio
397 2980 473 3045 dicit
485 2982 663 3064 originem,
683 2988 714 3049 et
727 2985 788 3048 ha·
883 2984 913 3043 l.
935 2979 984 3044 Ad
1007 2977 1086 3043 illud
1107 2976 1194 3061 quod
1217 2976 1379 3060 objicitur,
1402 2977 1487 3060 quod
1517 2995 1613 3043 omne

54 3079 198 3146 tudinem
214 3106 221 3148 :
239 3088 365 3166 tamen,
387 3087 513 3171 proprie
528 3088 706 3172 loquendo,
729 3108 789 3173 ge·
842 3086 925 3170 quod
938 3085 1069 3151 relative
1083 3084 1211 3163 dicitur,
1222 3064 1276 3148 'est
1286 3083 1417 3167 aliquid,
1431 3089 1561 3168 excepto
1575 3102 1613 3150 eo

54 3189 140 3253 ratio
154 3190 231 3256 dicit
244 3193 422 3276 originem,
435 3199 466 3260 et
479 3198 651 3278 paternitas
663 3198 788 3263 habitu·
842 3212 907 3277 quo
917 3193 958 3277 (α)
966 3193 1096 3258 relative
1107 3191 1239 3270 dicitur3
1250 3190 1421 3255 dicendum
1434 3191 1520 3275 quod
1534 3191 1613 3256 illud

54 3313 136 3359 nem.
151 3296 310 3375 Quoniam
323 3301 425 3383 igitur
435 3303 611 3386 proprietas
619 3304 786 3370 divinase·
841 3318 907 3365 non
929 3301 1024 3365 habet
1046 3299 1217 3365 veritatem
1243 3299 1279 3362 in
1302 3316 1430 3363 summo
1455 3299 1610 3382 simplici,

55 3403 161 3467 indum
173 3424 380 3473 communem
396 3428 492 3474 usum
504 3411 655 3494 loquendi
666 3412 788 3496 impor—
841 3406 926 3489 quod
937 3406 984 3471 sic
996 3407 1122 3471 differat
1133 3424 1213 3483 esse,
1227 3409 1260 3469 et
1271 3405 1392 3484 reterri,
1408 3405 1493 3488 quod
1506 3424 1611 3469 unum

55 3510 291 3579 thabitudinem
303 3521 334 3581 et
345 3518 517 3600 originem,
532 3519 785 3585 ideotcnandum
840 3516 938 3598 possit
956 3515 997 3579 ab
1019 3513 1119 3578 altero
1141 3514 1292 3596 separari,
1308 3513 1375 3577 sive
1391 3512 1541 3592 abstrahi,
1558 3531 1612 3578 se-

55 3618 100 3682 sod
115 3622 328 3705 proprietates
341 3643 406 3689 non
422 3626 527 3690 solum
544 3631 618 3690 sunt
631 3628 712 3693 ratio
732 3628 786 3692 in·
841 3622 984 3687 cundum
998 3621 1431 3717 rem,quiaibiunumsunt;
1442 3621 1495 3686 sed
1506 3621 1611 3685 solnm
1730 3611 1733 3616 ’

56 3730 197 3794 »ascendi
212 3731 467 3812 distinctionem,
485 3736 540 3800 sed
558 3737 654 3802 etiam
672 3735 786 3802 distin·
840 3731 1017 3795 secundum
1034 3730 1231 3794 intellectum
1244 3732 1392 3793 nostrum
1410 3748 1418 3793 ε
1434 3747 1493 3793 neo
1505 3728 1611 3793 adhuc

56 3833 146 3897 rendi.
377 3824 380 3829 ’
839 3838 1015 3902 intellectus
1028 3842 1136 3901 noster
1148 3836 1194 3899 sic
1206 3835 1382 3915 abstrahit,
1397 3841 1435 3900 ut
1454 3835 1611 3918 intelligat

59 3945 86 4001 l.
101 3936 139 4004 Et
151 3942 193 4007 ad
204 3942 283 4008 illud
298 3945 383 4028 quod
398 3946 548 4028 objicitur
558 3947 644 4031 quod
658 3967 786 4033 respec-
839 3946 1024 4029 hypostases
1037 3945 1217 4023 distinctas,
1233 3944 1397 4008 abstractis
1409 3942 1611 4026 proprietati-

57 4066 118 4112 ·um
139 4052 307 4117 reducitur
326 4052 367 4117 ad
390 4054 590 4135 absolutum,
615 4056 785 4121 dicendum
839 4053 901 4117 bus
914 4056 946 4116 et
958 4051 1174 4117 relationibus
1186 4050 1219 4116 Si
1228 4051 1314 4115 enim
1328 4050 1539 4135 abhypostasi
1553 4069 1611 4134 pa-

61 4154 99 4217 od
112 4157 223 4222 reduci
244 4159 285 4223 ad
304 4160 423 4243 aliquid
443 4165 490 4225 est
511 4162 677 4244 dupliciter
700 4186 708 4228 :
729 4168 786 4229 aut
840 4161 897 4226 tris
909 4161 1146 4226 abstraheretur
1156 4160 1338 4243 paternitas,
1347 4160 1400 4224 vel
1412 4178 1430 4223 e
1443 4177 1608 4236 converso,

60 4266 95 4325 ut
105 4263 145 4327 ad
158 4265 365 4349 principium,
381 4269 531 4333 antsiout
543 4269 583 4334 ad
596 4271 783 4335 terminum.
839 4270 905 4352 jam
929 4287 994 4333 non
1014 4270 1146 4333 haberet
1162 4268 1281 4351 aliquid
1296 4267 1447 4350 speciale,
1462 4266 1548 4349 quod
1570 4267 1611 4330 sit

59 4378 194 4459 oprietas
217 4380 353 4463 originis
366 4382 415 4446 his
429 4383 555 4447 duobus
574 4384 676 4449 modis
689 4385 786 4451 redu·
839 4374 1035 4459 principium
1054 4375 1252 4457 intelligendi
1265 4375 1380 4457 ipsam>
1401 4377 1432 4437 θῐ
1444 4374 1489 4437 itu
1502 4374 1610 4438 ⁰011&-

59 4507 96 4551 ur
113 4491 153 4555 ad
178 4492 373 4558 ahsolutum,
390 4494 439 4558 Ad
458 4494 654 4578 hypostasim
684 4496 785 4562 patris
839 4483 969 4547 deretur
981 4483 1042 4546 sub
1055 4482 1178 4546 ratione
1192 4481 1345 4563 generali,
1359 4485 1392 4545 et
1405 4481 1606 4564 incompleta.

59 4596 782 4690 luciturinnascibilitas⁸sicutadprincipium;
840 4588 1606 4673 UssdfleibflsseVidenturfflfflidicefffllffidifflssb

69 4705 267 4789 hypostasim
281 4714 390 4775 autem
403 4713 516 4794 geniti,
528 4717 559 4777 et
571 4713 691 4797 spirati,
703 4714 784 4779 sicut
839 4698 924 4781 quod
933 4702 1077 4762 remanet
1085 4697 1262 4761 intellectus
1269 4697 1369 4780 hujus
1378 4697 1530 4777 nominis,
1543 4714 1606 4778 res,

61 4814 247 4879 terminum.
256 4815 413 4893 Quoniam
421 4819 521 4901 igitur
527 4819 614 4903 quod
621 4820 785 4886 reducitur
839 4805 1015 4870 secundum
1030 4805 1117 4888 qUOd
1135 4807 1182 4869 est
1195 4804 1345 4885 generale
1358 4804 1560 4884 vocabulum,
1575 4809 1608 4870 02

72 4920 191 5004 aliquid
210 4924 292 4988 sicut
306 4925 345 4989 ad
359 4926 574 5010 principium,
589 4927 695 5011 ipsum
707 4948 783 4994 oon-
837 4914 882 4977 ⁸1⁰
894 4916 979 4995 9³¹⁸*
992 4912 1079 4996 quod
1092 4912 1259 4976 ahstfflssfiss
1276 4911 1521 4994 imprimimus
1541 4931 1607 4976 1³0ss

61 5028 173 5109 [uitur3
188 5031 271 5111 ideo,
287 5033 782 5117 abstractaoi·igin0‚501umin.
836 5023 980 5085 remanet
1001 5019 1158 5084 distinctio
1172 5037 1231 5083 nec
1254 5037 1300 5097 re,
1316 5037 1376 5083 nec
1389 5018 1562 5097 intellectu,
1575 5023 1606 5084 et

66 5134 167 5217 igitur
182 5136 268 5203 Deus
278 5139 489 5222 innascibilis,
501 5161 568 5207 non
582 5162 639 5207 ens
652 5144 693 5207 ab
706 5144 780 5225 3150,
836 5126 907 5192 ideo
921 5132 1058 5210 utroque
1070 5127 1165 5191 modo
1179 5126 1342 5191 suntratio
1354 5125 1570 5208 distinguendi
1580 5127 1602 5190 ⁸.

62 5261 142 5327 Scot,
156 5262 319 5328 dist.11v111‚
334 5279 360 5331 q.
374 5278 414 5330 111,
428 5266 556 5319 ibilttrer
562 5268 740 5334 distinquitur.
749 5296 781 5309 -

64 5335 93 5381 nt
107 5339 260 5399 argumenta
268 5338 351 5403 Scoti,
365 5338 425 5390 dist.
435 5341 568 5404 prasenti,
583 5355 609 5406 q.
620 5340 710 5403 unica,
724 5340 778 5393 ibi:
834 5340 892 5392 ‘Ex
902 5339 943 5390 his
955 5343 1035 5404 petet,
1045 5339 1109 5390 laiso
1121 5340 1225 5391 Scotum
1235 5337 1369 5402 imponere
1380 5339 1407 5389 S.
1418 5339 1605 5391 Bonarenturae

64 5406 104 5453 tro
116 5406 196 5455 isram
210 5408 398 5461 concitatores.
407 5436 437 5452 -
449 5411 617 5464 ⁸concordat
635 5414 662 5465 S.
677 5412 779 5474 Thon„
834 5412 904 5478 quod
921 5424 1041 5477 persona
1053 5410 1241 5463 comtibrantur
1253 5424 1300 5475 per
1314 5408 1431 5462 absoluta
1437 5447 1446 5474 ‚
1460 5408 1518 5461 dist.
1529 5421 1602 5473 xxvi,

63 5488 107 5539 ‚q.
117 5486 202 5529 xxxvl
210 5514 220 5543 ,
229 5482 276 5530 art.
291 5482 323 5544 23
334 5484 361 5533 et
373 5480 403 5533 de
415 5484 522 5545 Patent,
536 5498 562 5550 q.
577 5494 623 5536 vrri
631 5521 641 5549 ,
655 5488 703 5535 art.
714 5485 780 5537 ³.-
834 5499 861 5552 q.
870 5484 965 5550 umor,
977 5484 1033 5536 ibi:
1049 5484 1132 5535 Tertio
1141 5483 1233 5548 opinio.
1247 5509 1279 5522 —
1296 5481 1329 5549 to)
1343 5482 1405 5536 Crat.
1416 5482 1478 5535 edit.
1491 5483 1572 5548 quod.
