4100 6300
954 433 1076 496 ιω

1566 579 1709 628 nus.
1734 577 1876 624 vm.

1333 722 1533 789 Semel,
1568 726 1690 788 etc.,
1719 720 1897 791 genuit
1918 718 2118 773 Filium.

950 887 953 890 ·
1040 865 1307 933 Videtur
1330 865 1497 931 male
1530 865 1738 931 dicere
1762 862 1985 944 semel,-
2010 863 2165 945 quia
2188 862 2378 928 semel
2400 860 2493 925 di-

969 975 1054 1040 cit
1077 972 1580 1040 vicissitudinem
1611 995 1626 1036 :
1658 973 1766 1037 sed
1790 972 1859 1035 in
1885 969 2295 1054 generatione
2314 972 2492 1035 aeter-

962 1100 1072 1162 na,
1096 1080 1274 1146 nulla
1298 1080 1461 1145 cadit
1479 1079 1846 1145 vicissitudo
1874 1098 1893 1143 ε
1925 1096 2110 1161 crgo,
2131 1081 2249 1142 etc.

1042 1187 1225 1272 Resp.
1253 1186 1602 1253 Dicendum
1621 1186 1793 1271 quod
1814 1186 2002 1252 semel
2030 1188 2235 1269 potest
2258 1184 2487 1263 dicere,

956 1296 1059 1362 vel
1084 1310 1257 1361 nunc
1277 1294 1603 1378 temporis,
1620 1293 1724 1360 vel
1747 1310 1922 1359 nunc
1948 1293 2318 1359 aeternitatis
2348 1314 2363 1358 :
2391 1296 2487 1370 et,

961 1402 1016 1468 si
1040 1402 1207 1468 dicat
1231 1417 1404 1467 nunc
1437 1403 1740 1487 temporis
1755 1451 1774 1482 ,
1812 1420 1960 1467 cum
1980 1406 2239 1485 tempus
2262 1401 2495 1466 habeat

963 1508 1215 1575 diversa
1236 1525 1440 1589 nunc,
1471 1509 1729 1575 denotat
1743 1508 2247 1587 intercisionem3
2287 1507 2342 1571 si
2369 1525 2493 1571 au-

959 1620 1092 1683 tem
1108 1633 1282 1685 nunc
1296 1618 1687 1693 aeternitatis,
1708 1635 1859 1684 cum
1876 1616 2034 1683 illud
2053 1633 2224 1683 nunc
2245 1632 2494 1699 semper

956 1730 1053 1790 est
1069 1730 1177 1805 ,·et
1207 1731 1303 1792 est
1327 1724 1707 1791 invariabile
1741 1730 1806 1789 et
1839 1742 2049 1789 unum
2069 1771 2087 1801 ‚
2112 1721 2305 1790 semel
2344 1721 2496 1786 dicit

958 1834 1398 1900 omnimodam
1424 1833 1866 1899 invarietatem
1883 1881 1902 1910 ,
1941 1831 2395 1917 perfectionem
2431 1834 2495 1896 et

957 1941 1292 2008 unitatem.

1595 2040 1738 2088 nus.
1786 2039 1875 2085 lx.

1456 2149 1569 2202 Filii
1594 2148 1852 2201 charitatis
1869 2161 1994 2199 suae.

1040 2266 1371 2346 Quaeritur
1415 2270 1638 2330 utrum
1688 2265 1961 2329 charitas
2007 2264 2356 2347 accipiatur
2401 2262 2493 2326 ihi

962 2376 1399 2455 essentialiter,
1428 2377 1545 2439 aut
1572 2372 1997 2438 notionaliter.
2027 2371 2097 2437 Si
2132 2370 2494 2436 essentiali-

960 2489 1057 2549 ter
1070 2532 1089 2563 ,
1133 2500 1291 2563 ergo
1319 2481 1606 2546 Christus
1629 2480 1804 2543 fllius
1834 2483 1931 2544 est
1954 2477 2244 2544 essentiae
2273 2496 2291 2542 ε
2321 2477 2496 2560 quod

957 2609 1094 2658 non
1138 2588 1532 2655 conceditur.
1580 2585 1768 2683 Situ
1805 2586 1976 2653 dicas
2015 2585 2188 2669 quod
2233 2588 2329 2649 est
2369 2585 2498 2648 im-

956 2699 1212 2785 propria
1250 2697 1516 2776 locutio,
1545 2702 1609 2761 et
1630 2700 1723 2760 est
1763 2712 1986 2760 sensus
2012 2693 2492 2776 mitescentia»,

958 2807 1024 2874 id
1079 2811 1175 2871 est
1216 2807 1331 2890 qui
1365 2808 1460 2870 est
1512 2804 1784 2868 essentia
1803 2851 1822 2883 ‚
1862 2807 2015 2868 tunc
2050 2802 2270 2868 nullus
2307 2802 2496 2868 vide-

957 2919 1068 2981 tur
1110 2932 1354 2995 sensus,
1391 2918 1454 2978 et
1494 2930 1611 2997 pro
1642 2912 1844 2977 nihilo
1884 2912 2174 2977 additum
2218 2918 2313 2978 est
2346 2912 2491 2992 hoc,

957 3022 1131 3107 quod
1174 3025 1290 3099 est,
1333 3020 1696 3087 charitatis.
1731 3019 1809 3086 Et
1836 3037 2064 3085 rursus
2088 3019 2497 3102 Augustinus

959 3128 1262 3214 exponit:
1302 3153 1334 3192 α
1359 3127 1503 3193 Filii
1521 3126 1869 3208 charitatis,
1899 3126 1964 3192 id
1992 3130 2087 3192 est
2110 3126 2323 3193 dilecti
2350 3134 2369 3170 ¹
2407 3145 2425 3192 2
2454 3150 2485 3188 a

956 3236 1067 3302 sed
1092 3235 1280 3302 Pater
1312 3235 1521 3317 diligit
1544 3233 1781 3299 Filium
1809 3232 2057 3317 Spiritu
2103 3240 2320 3301 sancto
2352 3257 2369 3300 :
2396 3254 2496 3300 er·

956 3364 1045 3429 go
1061 3392 1079 3424 ,
1108 3349 1227 3409 etc.
1257 3343 1325 3410 Si
1349 3345 1607 3427 propter
1631 3341 1754 3406 hoc
1792 3341 1964 3407 dicas
1982 3391 2002 3422 ,
2036 3343 2211 3427 quod
2240 3346 2496 3407 tenetur

956 3453 1399 3532 notionaliter3
1428 3457 1584 3516 tunc
1611 3468 1769 3533 ergo
1809 3450 2010 3516 Filius
2043 3450 2156 3516 Dei
2196 3455 2291 3516 est
2324 3453 2496 3517 filius

956 3561 1230 3646 Spiritus
1254 3558 1489 3625 sancti:
1511 3558 1684 3641 quod
1710 3557 1979 3622 omnino
2002 3562 2099 3622 est
2119 3557 2490 3623 absurdum.

1032 3668 1222 3754 Resp.
1245 3669 1417 3752 quod
1430 3671 1691 3750 propter
1711 3667 1835 3730 hoc
1852 3665 2075 3730 dicunt
2085 3664 2306 3749 aliqui,
2324 3666 2494 3748 quod

956 3778 1063 3844 ille
1085 3777 1414 3861 genitivus
1436 3822 1454 3852 ‚
1485 3792 1603 3838 nec
1634 3773 1890 3858 proprie
1915 3772 2351 3852 essentialiter,
2378 3792 2497 3840 nec

952 3884 1210 3971 proprie
1225 3881 1645 3961 notionaliter,
1656 3881 1766 3946 sed
1782 3880 1991 3947 medio
2006 3881 2198 3946 modo
2214 3887 2489 3964 tenetur,

954 3992 1022 4058 id
1059 3994 1156 4056 est
1193 3989 1614 4074 appropriate.
1666 3986 1838 4053 Licet
1887 3987 2065 4052 enim
2111 3987 2382 4054 charitas
2415 3990 2498 4058 sit

956 4099 1261 4167 omnihus
1297 4094 1660 4163 communis
1675 4141 1695 4172 ,
1742 4099 1817 4160 et·
1848 4095 2186 4180 proprium
2222 4096 2497 4181 Spiritus

952 4210 1179 4287 sancti,
1209 4226 1345 4276 uno
1368 4210 1587 4272 tamen
1615 4204 1807 4270 modo
1831 4205 2234 4289 appropriate
2268 4223 2497 4272 conve·

957 4320 1057 4385 nit
1082 4317 1273 4397 Patri,
1311 4315 1468 4399 quia
1489 4314 1762 4393 charitas
1797 4331 1979 4378 amor
2015 4314 2338 4395 gratuitus
2361 4317 2458 4378 est
2472 4363 2492 4395 ,

954 4427 1069 4511 qui
1093 4429 1348 4491 tantum
1379 4423 1489 4487 dat
1509 4425 1574 4486 et
1609 4437 1742 4485 non
1767 4419 2031 4503 accipit,
2058 4423 2122 4485 et
2143 4419 2267 4485 hoc
2292 4425 2389 4486 est
2427 4421 2498 4485 in

955 4549 1230 4618 persona
1274 4528 1480 4596 Patris
1530 4547 1547 4592 ε
1611 4527 1757 4593 ideo
1805 4528 2256 4611 appropriatur
2302 4527 2493 4593 Patri.

955 4641 1101 4706 Alio
1138 4638 1328 4706 modo
1372 4635 1497 4703 dici
1522 4639 1727 4721 potest
1752 4635 1926 4719 quod
1966 4635 2241 4701 charitas
2284 4635 2377 4701 ibi
2400 4639 2499 4701 te-

957 4754 1150 4816 netur
1168 4744 1602 4821 essentialiter,
1645 4742 1809 4808 sicut
1833 4742 1985 4808 dicit
2016 4742 2425 4825 Augustinus
2448 4743 2494 4823 ²,

959 4857 1113 4942 quia
1149 4854 1315 4922 nihil
1346 4853 1523 4921 aliud
1559 4857 1654 4918 est
1691 4851 1900 4917 dicere
1941 4851 2081 4933 filii
2119 4851 2493 4933 charitatis,

958 4983 1157 5050 quam
1204 4962 1337 5045 filii
1387 4960 1788 5028 substantiae.
1827 4956 1951 5025 Sed
1994 4960 2325 5043 genitivus
2364 4978 2502 5026 non

962 5071 1356 5139 construitur
1374 5068 1448 5134 in
1463 5068 1709 5135 ratione
1731 5067 2050 5153 principii,
2072 5067 2184 5134 sed
2207 5086 2289 5133 ex
2310 5066 2500 5135 vide-

969 5179 1337 5248 clarationis
1366 5177 1692 5256 essentiae3
1733 5182 1797 5241 et
1827 5181 1924 5243 est
1960 5195 2185 5244 sensus
2205 5227 2225 5259 ‚
2269 5181 2336 5244 et
2367 5177 2503 5259 filii

968 5288 1340 5368 charitatis,
1371 5285 1439 5352 id
1465 5288 1560 5351 est
1588 5283 1703 5349 filii
1724 5285 1937 5365 chari3
1965 5289 2030 5351 et
2053 5283 2188 5366 filii
2212 5284 2503 5354 substan-

1026 5420 1046 5456 *
1082 5417 1159 5471 De
1186 5416 1388 5479 Triuia,
1414 5414 1502 5466 lib.
1540 5414 1651 5477 xv,
1679 5426 1728 5464 c.
1764 5424 1895 5478 ιιι,
1922 5427 1975 5466 n.
2012 5416 2096 5466 37.
2132 5441 2194 5454 -
2225 5416 2249 5451 ²
2275 5414 2407 5468 leid.
2439 5441 2500 5456 --

2082 416 2703 489 SENTENTIARUM
2742 416 2891 485 LIB.
2937 418 2988 483 Ι.

2601 556 2738 636 tioe,
2764 553 2870 619 vel
2890 553 3084 617 etiam
3120 558 3405 632 natum,
3442 552 3567 616 hoc
3597 552 3695 617 est
3716 546 3845 613 mii
3865 544 4100 612 consuh

2598 661 2907 728 stantialis
2929 664 2995 726 et
3021 659 3355 725 naturalis.

3241 840 3386 886 Dus.
3414 839 3482 885 X.

2800 960 2982 1012 Filium
3008 973 3128 1012 cum
3156 961 3304 1013 Patre
3329 957 3640 1013 homousion
3668 956 3943 1009 confitere.

2680 1083 2948 1150 Contra:
2980 1085 3164 1163 Quia,
3194 1104 3344 1150 cum
3367 1085 3538 1150 filius
3558 1083 3875 1149 naturalis
3896 1086 4100 1166 parton

2599 1191 2973 1258 substantias
2997 1192 3208 1257 trahat
3228 1212 3268 1257 a
3295 1196 3502 1277 patre,
3533 1195 3785 1274 partem
3817 1210 3858 1256 a
3899 1193 4100 1254 matre

2603 1299 2675 1364 in
2697 1299 2803 1364 his
2830 1299 3265 1380 inferioribus3
3299 1304 3365 1365 et
3387 1300 3456 1363 in
3480 1300 3824 1365 Deototam
3845 1297 4100 1363 substan

2600 1406 2757 1471 tiam
2773 1407 2986 1472 trahat
3010 1426 3051 1471 a
3073 1406 3288 1486 Patre;
3311 1406 3567 1472 videtur
3591 1405 3770 1490 qnod
3796 1403 3991 1468 Pater
4013 1421 4100 1468 no

2599 1519 2853 1581 tantum
2881 1516 3137 1581 deberet
3182 1515 3305 1581 dici
3338 1520 3518 1599 pater
3539 1563 3558 1591 ,
3586 1514 3698 1579 sed
3734 1517 3800 1578 et
3829 1516 4061 1592 mater,
4088 1533 4100 1573 1

2602 1624 2807 1688 multo
2852 1624 3081 1690 fortius
3126 1629 3352 1706 mater,
3404 1624 3560 1707 quia
3606 1619 3816 1687 mater=
3860 1620 4011 1705 plus
4042 1620 4100 1686 111

2601 1750 2798 1814 quam
2824 1735 3024 1816 pater.
3047 1730 3227 1811 Item,
3260 1732 3457 1797 Filius
3479 1732 3588 1797 Dei
3613 1734 3803 1797 voest
3818 1730 4100 1813 sesapie1

2603 1841 2781 1917 tiam,
2809 1844 2873 1905 et
2894 1840 3204 1923 sapientia
3221 1844 3316 1905 est
3340 1858 3489 1924 quae
3517 1839 3904 1924 concipitur,
3925 1841 3995 1903 et
4014 1856 4100 1922 pa]

2600 1948 2843 2013 turitur
2869 1953 2914 2011 ⁸.
2944 1947 3149 2030 Ergo,
3186 1965 3334 2012 cum
3367 1946 3492 2012 hoc
3514 1947 3600 2011 sit
3621 1947 3968 2031 proprium
4005 1962 4100 2009 1111

2601 2056 2742 2135 tris»,
2770 2056 3026 2135 videtur
3051 2057 3223 2139 quod
3242 2054 3427 2120 Pater
3453 2054 3752 2139 proprius
3782 2054 3868 2138 (a)
3894 2052 4100 2119 deber«

2603 2163 2726 2227 dici
2746 2167 2971 2241 mater,
3000 2180 3197 2248 quam
3218 2166 3420 2247 pater.

2683 2269 2867 2353 Resp.
2892 2270 3265 2350 Dicendum,
3292 2271 3466 2353 quod
3498 2286 3738 2334 nomen
3761 2271 3992 2335 matris
4021 2287 4100 2335 no

2602 2378 2985 2443 transfertur
3037 2378 3121 2443 ad
3162 2377 3405 2443 divina.
3448 2375 3527 2442 Et
3568 2394 3771 2440 unam
3830 2376 4100 2441 rational

2600 2484 2887 2565 assignat
2938 2482 3280 2548 Anselmus
3330 2483 3402 2546 in
3453 2481 3811 2566 Monotoqio
3869 2481 3893 2517 ⁸
3926 2504 3944 2545 :
3998 2481 4100 2563 qui

2602 2590 2990 2673 principium
3084 2594 3451 2653 maternum
3534 2589 3878 2672 praeexigit
3975 2588 4100 2653 aliu

2602 2698 2992 2781 principium
3052 2698 3253 2780 prius.
3314 2695 3497 2762 Ratio
3546 2698 3749 2780 hujus
3803 2702 3937 2777 cst,
3998 2698 4100 2780 qui

2603 2810 2808 2872 mater
2848 2810 2945 2871 est
2974 2805 3371 2890 principium
3409 2806 3739 2889 passivum
3772 2806 3819 2887 ⁸,
3856 2810 3924 2871 et
3953 2823 4100 2886 omn

2599 2913 2725 2978 tale
2757 2917 3054 2979 movetur
3081 2913 3162 2977 ab
3195 2913 3321 2978 alio
3366 2932 3385 2977 ε
3432 2931 3591 2995 ergo
3626 2919 3774 2979 ante
3809 2914 4032 2998 ipsum
4055 2932 4100 2979 e

2600 3021 2985 3106 principium
3004 3021 3180 3086 aliud
3202 3040 3219 3086 ε
3238 3023 3545 3105 quoniam
3570 3041 3730 3105 ergo
3749 3023 4100 3108 principiul

2601 3129 3033 3211 generationis
3052 3129 3168 3195 filii
3194 3134 3288 3194 est
3308 3130 3618 3215 primum,
3641 3135 3706 3196 et
3725 3134 3825 3196 est
3846 3148 4013 3215 pure
4039 3148 4100 3196 at

2599 3238 2793 3319 male,
2815 3239 2958 3305 ideo
2970 3239 3152 3305 nullo
3172 3240 3360 3304 modo
3375 3240 3754 3305 transfertur
3774 3245 4100 3305 mater-nux

2600 3346 3009 3430 principium.
3041 3345 3443 3414 Transfertur
3459 3352 3678 3413 tamen
3704 3352 3888 3413 actus
3910 3353 4100 3413 mater

2602 3472 2750 3532 nus,
2780 3459 2855 3519 ut
2879 3455 3211 3539 concipere
3234 3461 3298 3520 et
3338 3454 3688 3539 parturire,
3714 3474 3835 3540 pro
3870 3474 3949 3521 eo
3973 3473 4100 3541 qno

2600 3559 2690 3624 ihi
2716 3560 2854 3642 agit
2878 3578 3088 3625 unum
3117 3560 3528 3643 principium,
3556 3566 3632 3626 ut
3662 3562 3739 3645 (b)
3768 3562 3884 3628 hic
3903 3563 4055 3629 duo.

3227 3748 3366 3796 DUB.
3413 3750 3505 3795 xl.

2704 3863 2888 3916 Filium
2914 3869 2966 3917 et
2989 3865 3235 3931 Spiritum
3259 3869 3495 3919 sanctum
3519 3881 3626 3919 non
3649 3882 3766 3920 esse
3793 3868 3859 3920 de
3880 3868 4056 3922 nihilo.

2681 3989 2948 4056 Videtur
2973 3991 3097 4057 hoc
3114 3992 3372 4073 falsum,
3397 3994 3552 4077 quia
3577 3995 3641 4060 id
3669 3995 3846 4079 quod
3868 3996 3949 4061 de
3971 3994 4100 4061 null

2600 4102 2982 4184 praejacente
3023 4100 3291 4165 materia
3322 4105 3421 4166 est
3434 4150 3453 4180 ,
3497 4103 3577 4167 de
3614 4103 3822 4168 nihilo
3858 4108 3956 4169 est
3988 4126 4005 4168 z
4033 4122 4100 4169 se

2601 4207 2807 4273 Filius
2843 4211 2910 4273 et
2934 4207 3205 4292 Spiritus
3235 4212 3493 4274 sanctus
3530 4215 3685 4275 sunt
3722 4211 4092 4296 hujusmodi

2601 4334 2781 4399 ergo,
2808 4320 2927 4382 etc.
2962 4315 3130 4382 Situ
3159 4316 3333 4383 dicas
3357 4319 3529 4401 quod
3555 4318 3757 4385 Filius
3779 4324 3846 4385 et
3871 4318 4100 4404 Spiritu

2601 4428 2859 4491 sanctus
2886 4429 3040 4490 sunt
3065 4424 3145 4491 de
3171 4426 3409 4508 aliquo,
3443 4432 3519 4492 ut
3544 4426 3624 4493 de
3649 4427 3871 4508 Patre;
3898 4427 4100 4513 quaeri·

2601 4534 2709 4596 tur
2735 4535 2890 4596 tunc
2918 4534 3143 4597 utrum
3174 4532 3360 4598 Pater
3384 4534 3466 4598 sit
3496 4536 3575 4600 de
3600 4535 3808 4602 nihilo
3843 4556 3860 4602 ε
3889 4535 4100 4602 etvide

2603 4643 2714 4703 tur
2736 4640 2910 4722 quod
2927 4639 3051 4720 sic;
3073 4641 3227 4723 quia
3251 4657 3384 4709 non
3410 4641 3678 4726 aliquod
3708 4649 3774 4709 et
3793 4645 3969 4711 nihil
3990 4662 4098 4709 con

2603 4750 2945 4811 vertuntur
2968 4765 2983 4805 ι
3007 4747 3118 4812 sed
3135 4745 3323 4814 Pater
3342 4767 3476 4815 non
3494 4755 3685 4816 estex
3702 4750 3921 4835 aliquo
3945 4774 3961 4817 ε
3986 4768 4100 4832 erga

2603 4859 2699 4919 est
2745 4872 2829 4919 ex
2863 4854 3090 4919 nihilo.
3154 4853 3344 4935 item,
3385 4857 3538 4940 quia
3572 4856 3761 4923 Pater
3797 4876 3933 4924 non
3956 4857 4100 4922 habe

2603 4961 2991 5046 principium
3031 4962 3401 5029 effectivum
3422 5013 3441 5045 ,
3470 4963 3615 5030 ideo
3659 4964 3895 5033 dicitnr
3933 4981 4100 5031 esses

2603 5070 2784 5135 nullo
2813 5091 2831 5135 :
2875 5069 3068 5136 simili
3089 5071 3279 5138 modo
3298 5119 3316 5153 ,
3347 5091 3501 5139 cum
3528 5090 3665 5139 non
3689 5073 3922 5140 habeat
3941 5076 4100 5138 mate

2608 5231 2630 5267 ⁸
2656 5232 2829 5297 Prov.‚
2855 5244 2950 5285 vul
2968 5270 2987 5298 ,
3012 5236 3094 5286 22.
3114 5261 3176 5272 —
3205 5234 3228 5271 δ
3248 5233 3521 5301 Μοηοὶος.,
3552 5250 3599 5288 c.
3637 5247 3728 5289 11..
3746 5262 3808 5276 -
3843 5236 3865 5274 ⁸
3883 5235 4041 5299 Arist„
4066 5232 4100 5283 d

2610 5304 2788 5358 Gener.
2811 5305 3046 5369 animal„
3071 5305 3159 5356 lib.
3187 5306 3274 5371 lv,
3294 5321 3340 5357 c.
3362 5318 3431 5358 w.

2668 5413 2743 5480 (11)
2774 5414 2976 5481 Com-iq.
3003 5415 3171 5480 magis
3199 5414 3505 5482 proprie.'—
3527 5415 3594 5479 (b)
3625 5414 3915 5476 Coet.„edc·e.,
3945 5419 4032 5465 etc.
