4100 6300
366 451 406 510 :ii
942 434 1345 506 semiarrianorum.
1369 437 1394 504 1.

260 633 264 643 .
366 582 510 646 cutsunt
527 580 593 642 tres
608 592 674 657 res,
690 574 736 642 sic
752 579 849 639 eruut
869 577 934 639 tres
955 573 1134 639 fruitiones.
1192 571 1333 654 homine,
1346 573 1485 639 monada
1496 591 1573 639 non.
1586 571 1643 639 Vel
1656 578 1704 639 cst
1723 591 1855 658 speram
1871 577 1952 642 ssuaa

370 685 461 763 Item,
476 689 540 751 tres
553 683 676 749 articuli
697 685 774 748 sunt
789 682 829 747 de
847 682 950 747 tribus
967 681 1111 766 personia
1124 698 1134 745 ε
1190 680 1376 764 premium,
1391 685 1424 746 et
1436 682 1496 745 hoc
1509 681 1603 747 debet
1613 698 1683 746 esse
1695 684 1828 746 tantum
1841 681 1875 746 in
1884 682 1950 762 lfm3

367 812 447 876 crgo
461 812 481 858 a
493 792 588 857 simili
599 794 631 858 ei
644 796 709 856 tres
719 791 897 857 fruitiones.
1191 787 1242 853 vel
1254 788 1426 872 temporale
1439 788 1641 869 heneficium,
1660 793 1692 854 et
1705 789 1769 854 hoc
1782 793 1885 873 potest
1897 809 1952 857 aar

408 901 501 986 Resp.
517 901 607 978 Quod
630 918 680 965 ree
693 898 846 984 accipitur
858 896 1136 964 hicmmmuniter
1189 898 1224 959 tn
1237 897 1378 961 homine.
1395 894 1541 961 Primum
1558 897 1586 959 si
1606 901 1745 981 ponatur
1762 897 1801 962 in
1815 897 1949 977 honrinc,

367 1011 407 1076 ad
427 1010 595 1076 essentiam
613 1012 644 1073 et
656 1026 841 1090 porsonam,
856 1011 986 1091 propter
998 1006 1050 1070 sui
1074 1024 1134 1087 ge-
1189 1010 1331 1070 meretur
1362 1005 1641 1087 maledictionem
1676 1007 1859 1072 secundum
1888 1025 1951 1073 rere
2044 1031 2045 1036 ¹

365 1118 563 1183 ncralitatcm
573 1138 580 1181 t
592 1120 623 1182 et
636 1115 713 1200 quia
725 1120 926 1198 assumptum
941 1119 989 1178 est
1003 1113 1065 1178 hoc
1075 1132 1133 1180 vo·
1189 1131 1267 1179 non.

365 1225 526 1302 eubulum,
541 1240 607 1303 rea,
619 1225 660 1288 ab
682 1228 755 1288 actu
768 1224 897 1302 anima,
911 1221 982 1287 ideo
994 1224 1061 1286 tres
1081 1223 1134 1287 di·
1511 1214 1580 1261 ¹³⁰³·
1602 1213 1637 1261 ¹·

364 1337 481 1399 cuntur
501 1350 572 1413 res,
587 1331 663 1415 quia
683 1334 746 1396 tres
765 1348 928 1415 personae3
948 1329 1003 1394 scd
1024 1333 1133 1393 tamen
1489 1322 1543 1388 ¹1⁸,
1556 1324 1652 1375 amur.

363 1457 455 1523 aeque
466 1439 548 1503 hene
560 1456 629 1502 una
641 1455 702 1517 ree,
721 1437 798 1520 quia
809 1455 876 1500 una
888 1434 1013 1499 bonitas
1032 1433 1133 1498 estin
1228 1436 1501 1521 Quaeriturquare
1513 1438 1589 1503 dicit
1605 1439 1801 1517 dehomine,
1817 1440 1871 1506 itu
1884 1440 1952 1507 Fra·

362 1548 419 1613 eis.
431 1546 600 1627 Quiacrgo
614 1544 829 1624 musonius,
845 1544 916 1609 ideo
928 1546 961 1607 et
973 1562 1039 1606 una
1051 1541 1133 1606 imi·
1188 1549 1254 1625 to,
1274 1561 1329 1629 epo
1347 1546 1443 1626 fruor
1458 1551 1487 1613 fe
1503 1549 1542 1613 ia
1556 1547 1709 1628 Domino,
1731 1547 1844 1630 magis
1867 1566 1951 1631 quan
2045 1563 2046 1638 j

361 1655 422 1734 iio,
441 1655 591 1739 quamvis
607 1658 671 1717 tres
685 1669 745 1717 res.
759 1651 798 1716 Et
811 1651 964 1735 quoniam
977 1648 1132 1715 articulus
1186 1652 1226 1716 de
1241 1653 1343 1733 asino,
1357 1654 1411 1719 vel
1423 1654 1462 1719 de
1474 1654 1538 1719 alia
1551 1660 1705 1736 creatura,
1721 1674 1801 1721 cum
1815 1657 1952 1721 inomni·
2045 1645 2046 1724 l

361 1762 436 1828 dicit
444 1762 550 1845 quida
561 1768 652 1845 parte
662 1760 779 1825 animae
793 1757 1033 1841 distinguentis,
1048 1757 1131 1822 scili·
1186 1758 1247 1823 bus
1260 1761 1414 1827 creaturis
1425 1764 1565 1829 reluceat
1576 1763 1752 1846 vestigium
1764 1764 1889 1830 divina
1902 1764 1950 1830 bo-

361 1874 411 1936 cet
420 1870 608 1950 intellectus,
621 1873 653 1934 et
665 1868 774 1933 fmitio
786 1867 915 1951 respicit
927 1866 1130 1932 divinantes-
1185 1866 1305 1934 nitatis.

360 1979 495 2045 santiam
509 1982 541 2042 ct
566 1976 751 2054 honitatem,
773 1979 806 2040 et
831 1974 982 2040 unionem
999 1972 1130 2038 effectus
1224 1975 1318 2061 Resp.
1337 1975 1427 2056 Quod
1447 1979 1564 2045 dicitur
1579 1980 1694 2064 aliquis
1710 1981 1824 2065 aliquo
1843 1982 1906 2048 frui
1922 1982 1951 2046 in

360 2086 585 2166 communiter,
598 2084 670 2149 ideo
686 2083 793 2149 fruitio
808 2086 854 2148 est
867 2101 943 2148 una.
1184 2082 1266 2165 Deo,
1281 2103 1347 2149 non
1362 2086 1435 2151 facit
1448 2088 1703 2172 repraesentatio,
1717 2090 1773 2155 sed
1793 2091 1902 2173 magis
1912 2091 1950 2154 in·

1182 2189 1345 2259 habitatio.
1361 2193 1451 2260 Unde
1465 2214 1619 2261 conversa
1630 2215 1688 2281 per
1702 2215 1903 2282 conmquens
1912 2205 1950 2263 m

660 2277 730 2325 ΗΠΒ·
751 2274 822 2323 vm·
1183 2302 1329 2384 propria,
1344 2302 1491 2368 videlicet
1507 2304 1578 2369 haec
1597 2325 1605 2369 :
1621 2305 1688 2388 Epo
1709 2305 1806 2386 mar
1826 2306 1950 2373 maa·

503 2397 615 2463 ¹d⁰⁰t¹²²
629 2394 766 2461 ΜΨ
777 2393 879 2458 ‘'⁰³²⁰‘’
893 2391 980 2444 autu.
1181 2409 1220 2475 io
1233 2413 1280 2486 fe,
1294 2410 1372 2474 dum
1386 2428 1444 2493 per
1460 2429 1559 2495 opera
1574 2410 1673 2476 sciam
1692 2412 1795 2478 ileum
1814 2412 1948 2478 habitare

397 2526 465 2591 Hoc
474 2524 602 2590 videtur
614 2523 742 2598 falsum,
754 2520 908 2605 quoniam
921 2519 1009 2584 stulti
1020 2517 1128 2584 homi·
1181 2516 1216 2581 in
1231 2519 1276 2597 tc,
1290 2522 1322 2582 et
1334 2521 1382 2583 est
1396 2518 1573 2600 figurativa
1585 2520 1715 2585 locutio.

356 2633 573 2716 nea‚similiter
587 2632 733 2697 ethecae
742 2630 764 2710 ¹,
773 2630 937 2706 fruuntur,
948 2628 1128 2711 quiaprop-

355 2750 405 2809 ter
428 2763 462 2808 se
491 2743 687 2808 delectantur
708 2739 742 2803 in
767 2737 958 2815 delectabili3
981 2735 1036 2801 scd
1061 2754 1127 2801 non

355 2855 503 2917 utuntur.
525 2848 559 2915 Si
578 2850 675 2927 dicas,
689 2846 774 2931 quod
793 2845 909 2910 dicitur
924 2842 1125 2922 manslativm
1221 2844 1300 2910 ltem
1313 2846 1470 2930 quaritur
1479 2848 1519 2913 de
1531 2848 1758 2915 hacsolutionc
1765 2849 1946 2933 Augustini,

354 2965 433 3025 tunc
446 2957 615 3043 quaeritur,
630 2973 730 3040 qnare
743 2971 809 3020 non
819 2951 963 3017 similiter
974 2952 1126 3018 transfer·
1179 2972 1244 3037 qua
1253 2954 1350 3019 solvit
1361 2956 1583 3021 auctoritatem
1596 2957 1781 3041 praediotam
1794 2977 1856 3042 per
1869 2959 1948 3023 illan

354 3066 554 3132 turrerbum
566 3064 688 3130 utendi.
766 3145 770 3151 ³
1178 3062 1490 3144 determinationem,
1502 3067 1544 3130 lo
1559 3067 1692 3133 Domino
1704 3088 1717 3132 .·
1729 3064 1946 3134 Sedinlioole·

395 3175 487 3261 Resp.
508 3176 562 3242 Uti
578 3175 728 3258 importat
745 3171 923 3237 libertatem
940 3170 975 3234 in
991 3187 1052 3234 sua
1065 3187 1125 3251 ge·
1177 3171 1300 3238 aiaafe⁸
1327 3173 1511 3257 simpliciter
1537 3173 1654 3239 dicitur
1676 3197 1685 3240 ι
1707 3179 1827 3242 Furem
1851 3176 1945 3244 bord.

354 3285 454 3350 nerali
467 3283 664 3367 acceptione;
686 3281 720 3347 in
733 3280 860 3366 speciali
870 3280 1021 3361 importat
1033 3276 1125 3341 liber·
1178 3277 1269 3357 ltem,
1292 3281 1327 3345 in
1346 3280 1611 3349 Deuteronomio⁸
1630 3282 1945 3368 :aureamento

352 3399 450 3459 tatem
461 3412 535 3459 cum
546 3391 698 3457 relatione
710 3391 750 3456 ad
763 3389 861 3454 aliud.
876 3387 961 3454 Frui
972 3386 1125 3470 importat
1178 3392 1207 3453 et
1222 3388 1324 3470 filiae,
1337 3395 1368 3457 et
1379 3406 1445 3457 nort
1459 3390 1579 3472 meria
1596 3392 1663 3462 etr,-
1676 3409 1719 3456 ex
1734 3390 1798 3457 hoc
1811 3393 1947 3479 implicat

350 3500 529 3567 libertatem
541 3520 615 3566 cnm
626 3499 848 3577 delectatione;
868 3500 900 3561 et
917 3495 992 3561 licet
1010 3511 1070 3558 nec
1081 3492 1123 3557 li·
1175 3495 1263 3578 quod
1277 3497 1305 3559 si
1320 3514 1387 3561 non
1400 3503 1575 3582 peccarem,
1589 3499 1773 3569 fruerentur
1785 3500 1844 3566 cie.

349 3610 465 3691 bertas,
475 3629 536 3676 nec
546 3608 657 3675 relatio
668 3605 836 3673 conveniat
846 3603 962 3683 brutis,
973 3601 1123 3669 convenit
1215 3601 1306 3688 Resp.
1316 3594 1488 3670 Dicendum
1499 3604 1585 3689 quod
1598 3606 1749 3690 predicta
1759 3607 1943 3676 minuerer

350 3718 396 3783 eia
404 3723 514 3783 tamen
532 3715 707 3781 delectatio.
721 3713 844 3778 ntideo
859 3711 913 3778 Uti
925 3710 1121 3777 nullomodo
1174 3715 1222 3777 est
1232 3712 1414 3794 generalis,
1429 3712 1483 3778 sed
1497 3713 1602 3778 solum
1615 3714 1653 3779 ad
1667 3716 1865 3798 propomam
1876 3736 1944 3783 auo

350 3824 500 3891 convenit
521 3824 624 3888 bruds
638 3824 677 3902 ²3·
687 3822 757 3902 {fni
776 3824 884 3885 autem
903 3819 1053 3883 convenit
1075 3819 1121 3885 eis
1173 3820 1348 3899 toritatem3
1363 3820 1475 3887 ctideo
1487 3821 1736 3887 reccurrendum
1748 3828 1798 3888 est
1808 3824 1851 3889 ad
1861 3826 1942 3890 rolu-

350 3927 859 4017 aliquomodo,licctimproprie.
1172 3928 1294 4000 tionem
1307 3928 1491 4013 predictam
1501 3929 1941 4017 extralittcraminquaestio

1172 4031 1299 4112 nibust,
1312 4032 1398 4115 quod
1407 4033 1479 4114 fisi
1490 4032 1662 4118 accipiatur
1675 4038 1941 4121 communificari

1171 4141 1298 4225 proprie
1310 4163 1318 4206 :
1329 4142 1530 4226 inpraedictis
1540 4141 1782 4211 auctoritatibus
1792 4145 1941 4231 accipitur

494 4236 523 4286 fn
533 4232 650 4287 homines
663 4245 723 4298 epea
734 4231 855 4299 ponenda
867 4243 921 4282 non
930 4235 977 4284 est.
1172 4250 1386 4316 communita.
1402 4255 1540 4317 tantum·

388 4362 520 4429 Conna:
531 4360 613 4440 Ouia
620 4364 653 4426 et
664 4361 703 4426 dc
715 4361 807 4425 beata
816 4358 948 4442 Virgine
959 4362 1116 4442 cantatur,

351 4471 442 4555 Vita,
455 4470 600 4551 dulcedo,
613 4475 644 4539 et
657 4484 739 4552 spes,
752 4466 952 4547 ablfcclesia,
965 4486 1117 4552 quaenon

344 4584 440 4648 erret.

386 4689 482 4770 ltem,
505 4686 636 4753 Jonae⁸z
652 4686 791 4754 Accessit
812 4684 858 4753 ad
875 4702 946 4753 eam
961 4684 1116 4770 paderno·
1209 4686 1276 4752 Hoc
1288 4685 1503 4765 non1videtur
1515 4685 1634 4765 valere,
1651 4687 1730 4771 quia
1741 4686 1826 4753 licus
1836 4687 1936 4770 diligit

345 4795 545 4867 facillume:
565 4793 743 4861 «Naturale
756 4798 804 4861 est
821 4794 945 4860 homini
958 4796 1063 4878 magis
1076 4797 1116 4864 de
1167 4815 1228 4863 se:
1251 4814 1319 4861 non
1343 4800 1451 4860 lamen
1469 4794 1581 4872 utitur,
1604 4794 1769 4879 quianon
1784 4795 1887 4880 diligit
1903 4812 1934 4860 se

343 4905 415 4971 aliie
429 4922 529 4989 quam
541 4904 581 4969 de
594 4922 628 4968 se
638 4903 674 4968 in
687 4903 835 4989 periculis
847 4905 1016 4971 confidere.
1029 4928 1045 4965 r
1168 4910 1298 4992 propter
1309 4904 1395 4969 aliud
1407 4925 1415 4983 ;
1429 4923 1490 4969 nec
1505 4904 1634 4984 fruitur,
1648 4903 1727 4988 quia
1743 4904 1801 4969 uhi
1818 4903 1931 4983 fruitio,

384 5012 478 5097 Reap.
498 5012 670 5079 Dicendum
691 5012 778 5095 quod
800 5031 927 5096 sperare
947 5013 986 5079 de
1003 5014 1113 5098 aliquo
1166 5015 1212 5080 ibi
1225 5012 1465 5090 inhaerentiam
1476 5010 1663 5093 indigentia,
1674 5016 1713 5076 ut
1724 5012 1801 5078 dicit
1810 5013 1933 5094 Augu

343 5126 390 5188 eet
405 5119 573 5205 dupliciter
587 5138 596 5185 ε
610 5122 666 5183 aut
678 5120 761 5184 sicut
772 5118 811 5184 de
823 5119 986 5204 adjutorc3
999 5126 1057 5187 aut
1069 5122 1114 5185 si·
1167 5124 1273 5191 tinus⁷
1287 5145 1295 5188 :
1310 5121 1392 5187 Deus
1405 5122 1513 5185 autem
1526 5124 1665 5203 utroque
1675 5124 1773 5201 earet,
1786 5123 1845 5185 etc

342 5234 398 5296 cut
414 5229 453 5294 de
471 5227 645 5293 salvatore.
664 5225 774 5292 Prima
786 5244 857 5312 spes
876 5232 1065 5312 potestesse
1077 5230 1113 5296 in
1206 5231 1299 5314 Resp.
1312 5229 1497 5308 Dicendum,
1509 5227 1595 5312 quod
1604 5226 1716 5293 fruitio
1727 5228 1824 5294 desui
1836 5244 1931 5312 gene·

1497 2711 1571 2757 DUB·
1593 2712 1638 2758 ΙΙ.

666 4112 736 4159 DUB.
757 4112 801 4158 IX·

1481 4442 1551 4489 nun.
1570 4442 1630 4489 xrr.
1727 4507 1729 4515 y

1298 4556 1326 4612 Si
1339 4557 1410 4610 enim
1422 4571 1472 4610 nec
1485 4559 1586 4625 fanium
1599 4558 1749 4626 recutitur,
1763 4564 1815 4612 etc.

291 5355 295 5363 ’
375 5394 458 5447 ¹vm.
481 5396 598 5459 rupee,
619 5391 665 5442 uu.
684 5392 806 5444 ursam
832 5393 933 5455 oaesi..
956 5408 982 5459 q.
1001 5407 1111 5448 xrs·
1165 5406 1267 5461 xxvar,
1291 5391 1926 5459 sr.-·o.1,art.a.-tnenoerr.cusu,

341 5465 426 5520 titia.
440 5491 472 5505 -
485 5466 568 5527 Uoc,
584 5475 592 5514 r
600 5501 610 5530 ,
623 5467 647 5514 6.
661 5490 693 5502 -
706 5463 817 5526 inerte,
832 5475 887 5529 ru,
907 5469 945 5516 ft.
960 5491 990 5503 -
1003 5466 1014 5502 ⁸
1027 5468 1111 5530 fieret,
1164 5467 1209 5519 lib.
1224 5469 1244 5533 l,
1259 5482 1282 5519 c.
1292 5477 1373 5533 mr,
1386 5480 1413 5518 n.
1426 5468 1466 5517 et.
