4100 6300
814 459 950 526 SECTIO
972 460 997 524 l.
1622 479 1703 525 mr

114 592 298 675 Sigebertns
317 592 491 659 Monachus
505 594 740 659 Gemblacensis
751 599 940 677 prosecutus
951 596 1075 673 tuerat,
1093 596 1129 658 in
1144 594 1232 658 hunc
1246 593 1379 658 modum
1398 592 1551 657 scribit¹:
1569 593 1703 658 «Bona-

113 705 248 765 ventura
266 702 394 766 natione
413 702 512 767 ltalus
525 707 556 767 ct
569 704 637 785 ipse
650 702 725 767 Ord.
745 700 808 767 FF.
823 700 1003 778 Minorum,
1020 700 1077 785 qui
1095 701 1192 766 etiam
1212 700 1339 765 Parisiis
1356 698 1557 782 Theologicae
1579 700 1704 766 Scholae

113 808 243 890 praeluit
257 830 265 873 :
281 809 405 893 scripsit
417 809 452 873 in
466 808 506 874 [V
520 810 617 874 libros
631 808 868 874 Sententiarum
883 809 924 873 M.
940 808 1035 873 Petri.
1050 830 1065 868 1)

733 1043 843 1111 Testes
863 1041 966 1110 seculi
987 1041 1080 1112 xlv.

150 1236 304 1320 Sequitur
323 1236 478 1302 Martinus
498 1237 674 1302 Monachus
694 1237 860 1303 Fuldensis
877 1238 913 1303 in
930 1258 990 1303 suo
1009 1238 1186 1318 Chronico,
1208 1239 1328 1322 quoda
1345 1237 1460 1302 Christi
1475 1236 1646 1303 Nativitate
1665 1238 1706 1303 ad

114 1362 238 1408 annum
252 1348 331 1409 13711
342 1343 503 1427 perduxit,
520 1345 627 1409 dicens
639 1352 671 1408 ἐ
688 1344 784 1409 «Hoc
797 1347 893 1409 etiam
911 1350 1073 1428 tempore,
1095 1365 1160 1428 quo
1172 1346 1329 1410 nimirum
1340 1346 1450 1411 tloruit
1463 1344 1624 1428 Aquinas,
1643 1344 1706 1410 tlo-

110 1451 176 1516 ruit
187 1451 222 1514 in
240 1451 355 1516 Ordine
367 1449 431 1516 FF.
451 1450 529 1515 Min.
549 1451 602 1517 Fr.
625 1451 868 1532 Beneventum,
885 1452 1036 1535 Magister
1053 1453 1157 1518 Sacrae
1171 1452 1354 1535 Theologiae
1368 1454 1402 1517 in
1416 1453 1527 1518 eadem
1545 1453 1706 1518 Facultate

109 1558 395 1642 profundissimus,
414 1559 453 1623 de
466 1558 581 1623 Tuscia
594 1560 759 1643 provincia
761 1607 822 1624 .....
839 1559 895 1624 Vir
912 1560 1040 1642 Magnas
1058 1560 1236 1625 devotionis
1254 1579 1292 1624 oc
1310 1561 1522 1639 innocentiae,
1539 1561 1573 1624 in
1591 1562 1657 1624 vita
1675 1566 1707 1625 et

111 1666 256 1730 doctrina
285 1665 458 1731 admodum
490 1667 680 1747 gratiosus3
708 1668 763 1732 sed
790 1667 950 1750 praecipue
976 1669 1011 1730 in
1046 1686 1195 1732 sermone
1199 1712 1260 1731 .....
1290 1666 1396 1748 HuJus
1423 1667 1579 1750 scriptum
1611 1686 1707 1750 super

110 1771 291 1838 Sententias
308 1777 341 1838 et
358 1772 545 1855 Ductoribus
557 1770 663 1858 Sacrae
677 1772 809 1856 Paginae
822 1775 962 1839 multum
975 1775 1172 1858 approbatur
1185 1780 1216 1839 et
1229 1773 1322 1858 quasi
1335 1792 1394 1856 pro
1411 1774 1594 1839 authentico
1606 1793 1706 1858 repu-

110 1884 207 1944 tatur.
221 1902 239 1939 1>
255 1880 402 1946 Succedit
413 1881 554 1963 locuples
566 1882 653 1945 testis
671 1879 724 1945 Fr.
742 1879 995 1946 bartholomaeus
1017 1881 1171 1960 Pisanus,
1194 1881 1251 1965 qui
1269 1881 1537 1960 conformitatem
1552 1884 1640 1964 Opus
1652 1882 1707 1945 ab

109 1987 201 2051 solvit
214 2006 302 2052 anno
316 1992 460 2053 vertente
474 1991 566 2052 1385.
585 1987 665 2052 «ur.
681 1987 915 2068 Beneventura,
930 1990 1074 2070 11111113,
1090 1989 1129 2054 dc
1140 1987 1361 2070 Balneoregio,
1370 1990 1428 2072 qui
1441 1989 1503 2053 1111
1513 1994 1621 2072 postea
1631 1988 1705 2053 Gar-

109 2094 225 2158 dinalis
238 2095 364 2177 primus
381 2094 506 2159 Ordinis
519 2099 550 2159 et
563 2094 738 2179 Episcopus
755 2095 969 2161 Albanensis:
985 2096 1110 2180 scripsit
1126 2096 1306 2162 luculenter
1322 2114 1420 2179 super
1437 2102 1578 2178 quatuor
1596 2095 1707 2161 Libros

112 2200 395 2267 Sententiarum.»

739 2323 850 2392 Testes
872 2325 975 2394 seculi
996 2325 1074 2395 XV.

145 2522 212 2588 Hoc
226 2523 361 2606 quidem
376 2542 447 2588 aevo
460 2524 610 2588 omnium
624 2525 749 2608 primus
760 2525 915 2589 familiam
932 2526 1020 2590 ducit
1037 2524 1175 2590 loannes
1188 2524 1304 2601 Gerso,
1322 2527 1411 2589 testis
1426 2525 1512 2589 haud
1525 2525 1705 2606 mediocris,

104 2631 198 2711 juxta
221 2649 262 2695 ac
286 2632 497 2708 certissimus,
532 2632 589 2714 qui
608 2651 685 2697 cum
704 2633 843 2715 passim,
870 2638 942 2697 tum
962 2633 1103 2697 maxime
1121 2632 1356 2697 Beneventurae
1376 2630 1553 2696 doctrinam
1565 2631 1708 2697 11111111-

107 2737 274 2802 mentariis
287 2742 469 2803 contentam
481 2738 630 2804 laudibus
643 2739 732 2804 vehit
745 2740 779 2803 in
792 2739 950 2822 Epistola,
966 2759 1065 2823 quam
1077 2758 1163 2804 anno
1178 2744 1267 2819 1116,
1281 2738 1480 2821 Lugdunum
1495 2739 1625 2803 miserat
1637 2740 1708 2802 cui*-

107 2843 176 2907 dam
190 2843 298 2908 Fratri
315 2844 450 2910 Minori*
465 2869 472 2909 :
491 2869 506 2907 a
520 2844 654 2910 Secutus
667 2851 725 2926 est,
739 2849 860 2930 inquit,
876 2845 988 2911 hoctor
1000 2847 1060 2911 iste
1071 2848 1309 2924 amoventem,
1323 2865 1357 2910 se
1370 2850 1515 2926 testante,
1531 2847 1707 2910 doctrinam

108 2968 315 3016 communem
329 2957 361 3015 et
375 2952 529 3032 solidam,
551 2971 625 3035 quae
641 2952 768 3017 Parisiis
786 2953 935 3036 vigebat,
958 2955 1101 3019 maxime
1118 2960 1262 3037 tempore
1282 2972 1350 3018 suo.
1373 2952 1462 3018 Unde
1482 2958 1514 3018 et
1531 2953 1649 3036 allegat
1666 2952 1707 3018 ad

107 3051 386 3123 confirmationem
402 3059 554 3124 doctrinae
568 3078 636 3125 suae
652 3059 844 3125 Parisienses
856 3061 1033 3142 Articulos,
1053 3080 1135 3145 quos
1147 3080 1204 3145 per
1218 3059 1428 3126 Guillelmum
1445 3059 1655 3125 Parisicnsem
1668 3061 1708 3124 de

106 3167 235 3231 consilio
251 3170 286 3231 et
298 3185 431 3232 assensu
443 3167 671 3250 Magistrorum
684 3168 832 3233 omnium
843 3168 918 3233 dicit
927 3169 1023 3234 tuisse
1034 3169 1200 3235 damnatos
1211 3175 1243 3234 et
1253 3170 1558 3248 excommunicatos,
1575 3169 1707 3235 vivente

105 3277 181 3337 tunc
194 3278 227 3338 et
239 3275 459 3339 consentiente
474 3273 587 3340 Fratre
600 3275 784 3341 Alexandro
803 3277 842 3341 de
860 3275 953 3357 Ales,
973 3278 1069 3359 cujus
1086 3277 1231 3342 doctrina
1244 3281 1374 3360 quantae
1389 3276 1432 3342 sit
1448 3277 1625 3356 ubertatis,
1644 3275 1707 3341 dici

107 3381 180 3444 satis
193 3382 332 3464 nequit:
349 3383 389 3446 de
408 3401 474 3465 qua
490 3381 592 3446 lertur
612 3383 812 3466 respondisse
832 3381 967 3447 Sanctus
980 3382 1140 3461 Thomas,
1162 3384 1241 3449 dum
1261 3384 1478 3467 inquireretur
1498 3386 1539 3448 ab
1558 3401 1613 3463 eo,
1635 3383 1708 3466 quis

106 3491 185 3551 esset
196 3489 342 3571 optimus
353 3489 468 3554 modus
476 3489 625 3554 studendi
635 3488 844 3571 Theologiam
861 3513 868 3554 :
884 3490 1050 3574 respoudit
1060 3508 1211 3555 exercere
1222 3509 1256 3554 se
1266 3491 1301 3554 in
1312 3508 1379 3554 uno
1390 3490 1522 3555 Doctore
1533 3490 1705 3573 praecipue.

104 3594 187 3660 11111
200 3597 290 3660 ultra
302 3600 475 3679 peteretur,
495 3597 569 3679 quis
581 3601 662 3661 esset
678 3597 749 3661 talis
764 3596 882 3662 Doctor
896 3619 904 3661 :
920 3597 1101 3663 Alexander
1113 3597 1153 3662 de
1166 3597 1260 3678 Ales,
1282 3597 1398 3679 inquit.
1415 3597 1524 3662 Testor
1537 3616 1590 3661 me
1603 3598 1647 3662 ita
1658 3597 1707 3661 le-

105 3703 189 3784 gisse
203 3703 332 3786 pridem
348 3704 382 3767 in
395 3703 542 3769 Tractatu
554 3705 693 3787 quodam
707 3698 748 3771 dt
764 3707 892 3771 visione
907 3703 997 3771 beata
1010 3709 1120 3769 contra
1133 3704 1289 3769 loannem
1301 3701 1396 3767 Xth.
1411 3703 1580 3768 Testantur
1592 3705 1709 3785 scripta

105 3812 250 3893 ejusdem
266 3810 299 3876 S.
313 3810 468 3892 Thomae,
484 3813 625 3877 maxime
640 3811 788 3877 Secunda
802 3811 974 3891 Secundae,
991 3831 1090 3895 quam
1103 3813 1258 3877 intimum
1271 3811 1332 3875 sibi
1344 3812 1461 3875 iecerat
1475 3815 1506 3874 et
1520 3810 1708 3875 familiarem

103 3917 195 3983 illum
209 3937 313 4002 quem
326 3903 476 3984 laudabat
489 3918 653 3983 [tectorem
667 3919 899 3984 Alexandrum.
930 3919 969 3984 Et
982 3937 1072 3996 ecce,
1091 3919 1174 4002 proh
1188 3919 1296 3983 dolorl
1312 3916 1459 3982 Doctores
1472 3917 1524 3980 isti
1535 3915 1619 3997 duo,
1634 3917 1708 3981 Ales

105 4029 135 4088 et
146 4024 396 4105 bonaventura,
412 4026 564 4090 videntur
577 4027 669 4108 quasi
682 4026 799 4109 sepulti
816 4045 891 4091 cum
910 4025 972 4089 illis
986 4044 1125 4109 quorum
1139 4043 1205 4089 non
1219 4028 1266 4089 cst
1278 4025 1434 4088 memoria
1447 4024 1604 4106 amplius,
1623 4042 1708 4106 prae-

105 4133 215 4196 sertim
234 4133 273 4197 in
290 4132 396 4197 cordis
412 4150 532 4196 amore.
552 4131 760 4197 Extolluntur
777 4132 831 4196 alii
853 4134 1004 4215 quidem,
1023 4150 1165 4215 quorum
1186 4132 1251 4195 sint
1269 4131 1395 4195 utinam
1417 4132 1551 4196 nomina
1570 4131 1605 4194 in
1627 4131 1708 4195 libro

104 4240 199 4319 ritae,
219 4257 292 4304 non
310 4237 397 4303 enim
413 4237 562 4304 studiosis
574 4238 777 4317 invidemus3
793 4239 849 4304 sed
867 4240 977 4304 multas
995 4239 1118 4321 aliquos
1131 4238 1275 4321 ipsorum
1288 4238 1403 4302 litterae
1417 4238 1560 4302 lecerunt
1576 4238 1637 4302 sub
1649 4255 1707 4302 no-

104 4349 190 4413 mine
211 4346 399 4413 subtilitstis
418 4345 560 4411 insanire
580 4365 656 4411 cum
680 4347 875 4429 sequacibus
893 4348 1048 4430 ipsorum.
1072 4344 1322 4427 Numquidnon
1338 4344 1463 4409 insania
1480 4349 1527 4409 est
1539 4345 1708 4409 concedere

105 4454 192 4536 quod
206 4455 277 4520 duo
289 4451 536 4518 contradictoria
548 4456 624 4517 sunt
637 4453 735 4517 simut
748 4472 828 4518 vera
846 4472 905 4537 pro
918 4453 1031 4518 eodem
1049 4451 1182 4516 instanti
1198 4452 1372 4533 temporis,
1389 4451 1465 4515 licet
1477 4469 1543 4516 non
1555 4453 1708 4515 naturai?
1841 4531 1844 4536 θ

105 4562 190 4643 quod
204 4567 365 4646 praeterea
379 4563 489 4626 multae
502 4565 579 4626 sunt
592 4561 742 4627 veritates
754 4560 796 4624 ah
813 4566 954 4641 aeterno,
972 4564 1004 4625 et
1021 4560 1124 4625 multa
1136 4563 1258 4623 aeterna
1271 4576 1345 4641 quae
1359 4576 1424 4621 non
1438 4558 1629 4622 1111111111
1647 4555 1708 4622 lste

105 4672 152 4732 est
163 4688 253 4734 unus
267 4667 425 4732 articulus
435 4669 519 4733 inter
531 4672 794 4751 praememoratos
807 4666 995 4745 damnatus,
1013 4685 1099 4732 enno
1114 4670 1204 4730 1110.
1219 4665 1359 4747 legatur
1372 4666 1530 4730 secundus
1542 4663 1708 4730 Bonaven·

106 4779 185 4840 tnrae
198 4776 309 4855 Liber,
326 4775 401 4840 11111.
419 4774 535 4854 1111111,
552 4775 634 4839 circa
646 4776 764 4852 1111111,
781 4775 839 4838 ubi
853 4776 1005 4839 recitatur
1017 4775 1090 4838 haec
1102 4774 1278 4838 damnatio.
1294 4773 1334 4838 lit
1347 4773 1476 4855 ponitur
1489 4772 1568 4835 alter
1582 4772 1707 4836 Articu-

106 4880 165 4961 lus,
180 4883 270 4966 quod
283 4882 429 4966 primum
438 4901 548 4959 nunc,
561 4886 593 4946 et
607 4883 724 4947 creatio
737 4882 859 4965 passio,
876 4900 942 4947 non
956 4885 1033 4946 sunt
1049 4881 1180 4946 Creator
1192 4880 1245 4946 vel
1257 4884 1415 4945 creatura.
1435 4879 1545 4944 Error.
1565 4878 1708 4962 Repetite

107 4994 152 5052 est
165 4991 283 5054 cadem
298 4990 463 5054 damnatio
476 4990 620 5072 ejusdem
635 4991 762 5054 articuli
775 4991 814 5055 de
827 4989 1001 5055 eternitate
1013 4989 1204 5068 veritatum,
1223 5006 1281 5070 per
1292 4986 1385 5051 Itom.
1401 4987 1600 5069 Stephanum
1613 4985 1708 5050 Pari·

107 5095 351 5162 sienseminter
368 5097 515 5162 11111119
538 5096 696 5161 Articulos
712 5097 914 5178 famosiores,
934 5115 1020 5163 anno
1041 5101 1140 5177 1176,
1161 5095 1277 5160 scilicet
1294 5092 1376 5159 duos
1394 5112 1497 5159 annos
1513 5098 1584 5177 post
1602 5092 1708 5158 letices

137 5297 230 5360 ¹Apud
243 5296 379 5348 Albcrtum
394 5294 539 5345 Fabricium
553 5294 580 5344 in
595 5293 663 5345 aiot.
677 5294 782 5354 Foetes,
797 5311 821 5346 c.
832 5308 916 5349 nvn.

136 5367 244 5417 ’Exstm
257 5367 288 5417 in
304 5366 411 5431 Corpore
422 5365 540 5416 historico
553 5365 629 5415 medii
639 5368 702 5427 ceci,
713 5367 746 5417 ab
761 5367 876 5418 Eccardo
886 5367 1005 5431 collado,
1019 5370 1085 5422 tom,
1095 5369 1104 5418 l
1112 5403 1122 5431 ,
1135 5366 1186 5418 col.
1198 5370 1268 5431 llll,
1282 5368 1352 5422 1711.

137 5437 227 5490 ⁸lmrt.
239 5438 277 5503 ll,
293 5436 370 5490 lruct.
380 5435 543 5487 8.-⁸Tom.
555 5438 584 5501 1,
596 5437 647 5488 col.
658 5439 703 5489 lt'l
717 5438 782 5489 edit.
793 5438 920 5504 ejusdem.
