4100 6300
436 455 496 518 366
1007 444 1318 517 SENTENTIARUM
1338 446 1414 513 LIB.
1434 446 1460 512 Ι.

432 587 529 652 habet
551 586 701 666 formam,
721 585 891 651 dicandum
913 586 999 669 quod
1018 604 1086 650 non
1108 583 1203 648 habet
1301 581 1380 647 ltem
1393 582 1456 647 hoc
1465 579 1574 665 ipsum
1584 580 1707 647 ratione
1716 582 1828 664 ridetur,
1836 591 1927 671 quiunt

431 693 569 758 formam
592 693 735 777 perviam
756 697 866 758 nostro
888 692 1071 771 intellectui,
1093 692 1206 773 cnjus-
1259 689 1329 753 lum
1350 707 1468 754 nomen
1490 690 1684 755 sufficienter
1699 693 1928 774 exprimitmeiri

432 801 519 866 modi
540 804 588 865 est
609 802 712 864 torma
731 802 824 882 cuins
845 803 893 864 est
913 799 1021 880 imago
1035 798 1069 861 in
1083 816 1201 862 sensu:
1258 815 1353 877 num,
1368 815 1427 863 neo
1440 797 1475 861 in
1488 815 1538 875 se,
1552 797 1660 862 necin
1676 801 1927 881 comparationealn

432 906 529 971 habet
548 911 657 971 umen
678 907 826 987 formam,
850 906 926 989 quia
946 906 1015 989 ipse
1037 908 1085 969 est
1103 904 1206 968 forma
1259 902 1538 987 tellectum;quod
1552 905 1926 994 patetquiaomnispate'q

432 1032 506 1097 quae
520 1017 568 1078 ast
579 1015 660 1078 ratio
673 1013 895 1096 cognoscendi,
909 1013 1064 1096 quoniam
1075 1012 1135 1076 etsi
1146 1029 1205 1075 nos
1258 1013 1365 1090 otest,
1384 1014 1416 1075 et
1428 1010 1623 1092 intelligitur
1635 1029 1702 1075 ease
1712 1012 1743 1076 in
1754 1012 1819 1091 lieo,
1829 1021 1852 1078 et
1861 1019 1927 1084 nula

432 1138 501 1185 non
522 1120 745 1201 cognoscimus
763 1120 798 1184 in
812 1138 856 1196 se,
869 1120 936 1202 ipse
948 1117 1112 1200 cognoscit
1123 1135 1158 1182 se
1169 1117 1205 1180 in
1258 1135 1375 1182 nomen
1388 1119 1542 1202 exprimit
1549 1119 1657 1183 omnis
1667 1120 1927 1205 conditionispnlet‘»

431 1246 478 1308 se,
493 1231 525 1292 et
533 1245 592 1292 nos
603 1245 679 1292 eum
693 1228 726 1291 in
736 1227 962 1293 formacreata.
975 1226 1205 1292 Undealorma
1258 1242 1332 1289 nam
1346 1247 1353 1289 :
1369 1243 1465 1308 ergo,
1479 1245 1554 1290 cum
1567 1243 1636 1291 non
1648 1228 1742 1309 possit
1751 1228 1809 1292 ilari
1819 1248 1927 1313 pann

432 1339 537 1400 creata
554 1353 612 1399 nos
628 1335 759 1400 nomina
773 1334 980 1419 imponimus,
999 1352 1096 1417 quam
1110 1333 1204 1398 intel-
1257 1329 1442 1414 indigemus
1452 1333 1611 1417 pluribus.

434 1441 569 1524 ligimus
580 1445 613 1507 et
625 1442 781 1508 videmus.
1297 1437 1394 1518 ltem,
1408 1440 1487 1505 illud
1502 1440 1537 1503 in
1557 1458 1624 1522 quo
1645 1458 1696 1504 res
1714 1441 1929 1521 conveniantai

476 1553 496 1612 6
519 1552 551 1613 et
566 1554 596 1613 7.
614 1548 663 1614 Ad
684 1548 764 1614 illud
776 1551 864 1633 quod
878 1549 1028 1633 obiicitur
1043 1549 1127 1632 qnod
1141 1568 1204 1614 no-
1256 1565 1321 1629 quo
1335 1549 1502 1625 differunt,
1517 1552 1574 1613 ant
1591 1567 1720 1614 necesse
1735 1554 1778 1614 est
1787 1550 1931 1632 rumina

433 1673 509 1721 men
535 1655 695 1737 significat
718 1655 927 1721 substantiam
951 1660 984 1722 at
1006 1657 1201 1740 qualitatem,
1256 1654 1304 1719 dis
1323 1655 1443 1736 dicere,
1466 1661 1524 1720 ant
1543 1674 1673 1721 necesse
1689 1661 1734 1722 est
1750 1675 1837 1722 noun
1851 1658 1932 1740 aqna

432 1763 607 1828 dicendum
628 1764 713 1847 quod
734 1764 910 1829 substantia
931 1768 963 1830 et
982 1765 1118 1846 qualitas
1138 1783 1203 1830 non
1256 1762 1346 1827 cari:
1371 1763 1426 1828 sed
1445 1763 1660 1846 aequivocatio
1676 1769 1797 1846 generat
1812 1766 1933 1846 anagnia

433 1870 635 1953 accipiuntur
647 1871 785 1954 proprie,
800 1871 856 1937 sed
870 1871 1094 1950 communiter,
1108 1875 1204 1955 prout
1255 1873 1337 1951 tam,
1363 1874 1396 1935 et
1416 1871 1555 1936 tollenda
1577 1876 1651 1936 est:
1674 1890 1750 1954 ergo
1769 1883 1933 1955 oongrmna

433 1977 610 2043 substantia
623 1978 738 2044 dicitur
749 1979 835 2061 quod
844 1980 1056 2062 cognoscitur,
1068 1980 1203 2063 qualitas
1255 1976 1388 2042 diversis
1400 1979 1580 2062 exprimere
1595 1980 1791 2043 nominibus:
1804 1982 1934 2061 mnogr'n

433 2083 552 2150 dicitur
570 2104 634 2169 quo
652 2088 865 2168 cognoscitur,
884 2091 916 2151 et
928 2087 989 2152 hoc
999 2106 1057 2171 per
1070 2088 1203 2154 modum
1254 2083 1373 2149 divinis
1384 2085 1426 2149 sit
1440 2103 1613 2151 commune
1624 2090 1659 2151 et
1677 2086 1935 2170 proprinmotioci

433 2190 549 2273 quietis
561 2213 570 2257 ε
585 2196 618 2256 et
629 2193 690 2258 hoc
702 2194 772 2258 dico
781 2198 911 2277 propter
920 2195 1070 2274 verbum,
1082 2199 1114 2259 et
1125 2214 1202 2278 par-
1255 2190 1413 2272 plurihus‚
1427 2210 1556 2258 neeesse
1568 2196 1617 2256 est
1629 2192 1721 2276 plura
1732 2193 1901 2258 nominoe

430 2297 588 2380 ticipium,
610 2303 643 2364 et
662 2300 850 2365 adverbium
871 2301 957 2383 quod
979 2306 1027 2366 est
1039 2301 1202 2385 dispositio
1296 2298 1392 2376 itam,
1405 2300 1554 2383 quamvis
1565 2300 1607 2364 ait
1620 2301 1737 2365 veritas
1749 2320 1814 2379 nna,
1827 2305 1935 2364 unar-

432 2404 534 2470 rerbi.
549 2404 588 2471 Et
600 2406 753 2489 quoniam
766 2408 802 2471 in
813 2409 966 2473 creaturis
976 2413 1014 2473 nt
1025 2408 1202 2492 plurimum
1254 2405 1344 2470 tiouli
1356 2407 1432 2472 fidei
1449 2411 1526 2472 sunt
1537 2407 1656 2484 multi:
1670 2407 1698 2470 si
1711 2424 1783 2490 ergo
1797 2406 1856 2472 lita
1867 2406 1892 2471 ta
1903 2405 1935 2470 le

431 2511 536 2577 diliert
549 2514 634 2595 quod
646 2514 860 2596 cognoscitur,
871 2519 986 2597 atquo,
999 2516 1071 2581 ideo
1082 2535 1201 2582 nomen
1254 2513 1373 2578 multos
1384 2514 1533 2579 meaios
1546 2515 1659 2595 credit,
1674 2519 1706 2579 et
1717 2516 1794 2598 qnod
1804 2514 1936 2582 aaron

430 2619 465 2682 in
486 2619 638 2684 creaturis
651 2626 687 2686 ut
708 2621 884 2704 plurimum
903 2621 964 2686 hoc
981 2622 1131 2705 importat
1144 2642 1202 2707 per
1255 2632 1309 2691 tor
1328 2625 1372 2692 cui
1388 2624 1574 2708 iustitiam,
1596 2631 1723 2710 oportet
1738 2642 1785 2696 ote
1803 2623 1936 2706 cmfteirl

430 2727 656 2794 diversitatem.
681 2728 718 2793 ln
738 2729 802 2794 Deo
818 2749 895 2796 vero
916 2732 1002 2796 idem
1020 2736 1068 2796 est
1087 2733 1200 2814 cogni-
1253 2733 1389 2799 solutam
1407 2740 1431 2813 ⁶,
1453 2733 1571 2800 multos
1590 2738 1695 2817 potest
1713 2738 1744 2798 et
1761 2733 1837 2798 debat
1849 2731 1937 2796 atur

431 2837 504 2899 turn
518 2839 550 2900 et
567 2837 648 2901 ratio
669 2837 895 2919 cognoscendi,
915 2843 1073 2920 quantum
1092 2844 1140 2904 est
1160 2840 1200 2906 tie
1252 2856 1309 2904 ore
1322 2841 1483 2906 confiteri:
1496 2841 1552 2908 sed
1564 2842 1662 2908 multi
1675 2841 1792 2907 articul
1801 2859 1853 2906 uno
1861 2840 1936 2904 mnia

430 2960 485 3006 aa:
503 2942 573 3007 ideo
587 2943 747 3025 significat
765 2963 886 3010 nomen
902 2945 1050 3011 divinum
1063 2946 1117 3010 illa
1134 2947 1199 3013 duo
1253 2949 1674 3032 nonexpresseatexpticite
1686 2948 1936 3030 expnnmurzap

430 3067 488 3134 per
508 3049 755 3116 indifferentiam
776 3052 847 3118 rai:
870 3057 902 3117 et
920 3052 966 3115 ita
987 3053 1130 3117 salvatur
1153 3051 1199 3117 ihi
1251 3057 1377 3135 oportet
1390 3054 1507 3119 habere
1520 3054 1616 3138 plura
1629 3055 1765 3121 nomina.

429 3159 512 3224 ratio
528 3158 731 3239 substantiae,
750 3165 783 3225 at
801 3159 978 3243 qualitatis,
999 3165 1037 3225 ut
1048 3163 1200 3244 congruit
1292 3160 1425 3226 Contra:
1439 3168 1469 3226 l.
1484 3181 1541 3245 per
1554 3163 1750 3230 Hilarium⁷2
1764 3157 1934 3228 «lum
1944 3184 1976 3227 ιι

428 3266 566 3331 nomini.
1252 3284 1315 3344 res,
1328 3267 1383 3333 sed
1396 3268 1444 3333 rei
1454 3272 1935 3355 sermoestsnbjectnsnagoon

691 3390 870 3470 QUAEgqqp
891 3391 931 3457 ῃ,
1252 3373 1288 3437 in
1303 3373 1368 3439 Deo
1388 3375 1429 3439 sit
1445 3377 1631 3443 omnimoda
1650 3379 1742 3444 realis
1756 3377 1852 3454 ιιιιίῐιι,
1865 3376 1935 3457 aaut

491 3540 538 3599 An
551 3540 620 3599 lietu
632 3540 731 3599 tabeat
744 3559 826 3600 unum
840 3558 951 3612 nomen,
966 3543 1010 3601 vet
1023 3543 1109 3616 plora
1122 3542 1142 3600 ¹.
1251 3498 1339 3547 νοω
1351 3485 1383 3546 et
1392 3501 1543 3548 mmm·

1291 3593 1321 3655 2.
1338 3588 1433 3670 ltem,
1447 3587 1932 3676 omnequodestinoeaatlea:

305 3738 412 3787 rutam.
472 3695 588 3763 Utrum
602 3699 811 3765 [laushabeat
823 3718 929 3765 unum
941 3700 1046 3766 solum
1060 3719 1194 3779 nomen,
1250 3718 1329 3782 ergo
1340 3703 1425 3785 quod
1438 3703 1599 3784 significat
1610 3700 1932 3789 aliquidqnodestirsstt

427 3823 470 3870 an
482 3806 585 3890 plura.
601 3805 640 3870 Et
652 3806 738 3890 quod
754 3807 857 3890 plura,
873 3807 1196 3876 videturauotoritate
1250 3813 1298 3873 est
1315 3807 1417 3875 Deus:
1432 3811 1488 3876 sed
1508 3811 1592 3876 [leus
1615 3831 1703 3877 unus
1720 3817 1782 3877 ast:
1799 3828 1859 3892 crgo
1873 3807 1933 3873 arn

429 3910 621 3995 Scriptura,
644 3931 719 3997 quaa
736 3913 842 3997 ipsum
859 3913 993 3980 diversis
1011 3916 1197 3983 nominibus
1250 3917 1383 3982 nomina
1410 3917 1529 3983 habent
1558 3937 1668 3984 unum
1693 3919 1872 4002 signinaun
1885 3911 1932 3977 :ti

424 4019 575 4103 appellat.
589 4019 721 4102 legitur
738 4019 774 4084 in
790 4021 899 4086 Exodo
911 4023 942 4085 ¹:
961 4022 1082 4090 Nomen
1094 4041 1196 4092 meum
1249 4028 1357 4093 omnia
1370 4028 1447 4094 talia
1457 4031 1534 4094 sunt
1546 4047 1746 4114 synonyma3
1759 4027 1932 4095 nomnibus

327 4136 333 4145 ·
426 4143 578 4210 mappam
591 4127 721 4195 Adonai
732 4144 798 4195 nort
810 4128 959 4196 indicavi
972 4132 1031 4197 cia.
1248 4140 1314 4202 tem
1336 4137 1524 4220 synonymis
1546 4154 1616 4201 non
1639 4138 1712 4221 plus
1729 4137 1826 4203 ditius
1844 4132 1931 4218 ptris

467 4235 597 4298 ltem⁸z
625 4235 828 4318 omnipotero
853 4252 968 4306 nornen
992 4238 1074 4320 ejus.
1098 4240 1139 4306 Et
1159 4242 1194 4307 in
1248 4246 1472 4330 quamuno⁸:
1489 4263 1569 4328 ergo
1588 4247 1717 4313 videtur
1733 4237 1931 4329 mutarint

426 4340 554 4406 Psalmo
565 4342 594 4406 *τ
614 4344 769 4410 Dominus
782 4360 896 4439 nomen
913 4345 976 4412 itti.
995 4344 1028 4411 si
1042 4364 1121 4430 ergo
1134 4349 1195 4413 ista
1247 4355 1289 4419 ab
1302 4373 1369 4420 uno
1382 4373 1449 4420 non
1460 4355 1524 4419 sint
1537 4356 1726 4422 necessaria.

428 4452 503 4514 sunt
513 4449 636 4515 diversa
647 4451 789 4532 nomina,
799 4456 885 4534 patet
896 4453 1083 4518 auctoritate
1091 4453 1194 4539 Scrip
1287 4466 1318 4526 3.
1343 4461 1440 4542 ltem,
1463 4461 1687 4546 multiplicatio
1707 4450 1930 4528 divinornntw‘t

427 4561 510 4622 iurae
525 4557 612 4641 quod
621 4557 705 4622 Deus
716 4558 812 4623 habet
822 4558 916 4641 plura
928 4561 1071 4626 nomina.
1247 4590 1328 4636 num
1341 4576 1398 4636 aul
1410 4572 1500 4637 venit
1511 4591 1532 4636 a
1544 4577 1636 4655 parte
1650 4573 1710 4652 mi,
1722 4577 1775 4638 aut
1783 4591 1800 4637 a
1809 4559 1929 4654 [ΝΜ

466 4662 556 4744 ltem,
572 4664 750 4748 Dionysius,
760 4668 795 4730 in
807 4666 1074 4735 lnrodecttetats
1084 4670 1193 4738 Nomi·
1246 4677 1402 4755 lectrum,
1417 4679 1474 4741 aut
1494 4681 1621 4760 aparte
1641 4668 1928 4750 cosmometra*

425 4759 541 4850 nibus,
553 4771 645 4855 plura
665 4773 808 4855 assignat
824 4775 957 4840 nomina
975 4775 1045 4855 llei;
1065 4780 1098 4840 et
1111 4776 1192 4841 Am·
1246 4785 1394 4863 rei,tunc
1406 4783 1531 4848 bonitas
1543 4789 1575 4848 et
1587 4785 1706 4850 veritas
1717 4773 1927 4849 nonacrim

424 4878 552 4944 hrosins
571 4877 715 4944 similiter
732 4879 769 4944 in
787 4879 869 4945 libro
887 4880 926 4948 de
946 4881 1143 4964 mutate&
1160 4888 1193 4950 et
1246 4890 1382 4970 diversa,
1396 4890 1473 4974 qtria
1485 4908 1536 4955 rea
1548 4892 1684 4957 omnino
1696 4874 1926 4971 ιιιιιμίιμιιὲὑι

297 4996 303 5009 ·
423 4983 574 5068 Magister
586 4985 731 5051 similiter
743 4985 777 5050 in
790 4986 903 5053 littera.

1245 5087 1341 5138 Martii.
1355 5086 1473 5153 inguen,
1487 5087 1591 5149 lseat„
1605 5074 1922 5153 q.11r,utt,tntt;l²

455 5150 463 5186 ¹
476 5149 517 5215 cs.
530 5148 602 5200 Alex.
613 5147 711 5212 Alana,
721 5164 749 5215 p.
761 5151 785 5215 l,
800 5152 1072 5217 quintanorum
1087 5157 1114 5207 s.
1124 5154 1190 5208 Tho·
1245 5159 1277 5210 de
1290 5160 1403 5223 raram,
1419 5159 1428 5208 t
1442 5159 1522 5222 aeut,
1536 5159 1596 5210 dist.
1608 5171 1676 5224 xxrr,
1689 5174 1715 5225 q.
1723 5144 1922 5213 ιι-’ῑωίιῠιῑ

422 5233 487 5284 mas,
501 5235 529 5286 p.
545 5221 570 5284 l,
583 5234 610 5286 q.
622 5232 681 5285 ιιιι,
695 5224 767 5273 arti
775 5237 784 5286 ;
798 5222 984 5281 etdePotent.,
998 5239 1024 5290 q.
1034 5237 1086 5292 vri,
1099 5232 1188 5293 art63
1244 5229 1397 5293 -llteod,
1416 5241 1463 5293 ιι,
1480 5233 1546 5280 3.-
1560 5232 1623 5283 ‘Pa
1639 5244 1725 5295 nxru,
1738 5212 1923 5280 t-‘tnms‘

421 5293 620 5357 agitantum
633 5293 1076 5361 aenc,uat.1x11,q.11;menno.,
1091 5300 1188 5363 isene,
1243 5300 1322 5362 rm,
1340 5300 1384 5351 ιιι.
1397 5302 1434 5365 ιι,
1447 5301 1475 5351 tn
1488 5302 1593 5368 Prolog.
1605 5329 1638 5342 -
1651 5288 1921 5364 ‘manac-'m

421 5362 640 5428 quanqam
654 5364 1188 5436 namucensiumangeatur,
1243 5371 1469 5435 terraemotu
1488 5374 1515 5424 in
1529 5374 1794 5437 measa-musta,
1808 5360 1920 5426 thart

422 5445 496 5503 q-113
510 5434 602 5488 Thone.
615 5437 731 5502 argent,
744 5437 754 5487 l
768 5436 848 5502 Seut,
861 5438 921 5491 dist.
931 5451 1003 5505 xxti,
1018 5453 1044 5507 q.
1060 5453 1083 5507 ι,
1097 5445 1145 5495 art.
1155 5445 1186 5509 23
1243 5444 1289 5496 lib.
1303 5445 1331 5512 1,
1344 5449 1371 5496 ot
1383 5444 1541 5512 Prodicum,
1556 5462 1581 5499 c.
1594 5446 1626 5499 de
1639 5446 1783 5499 &obtutis-
1982 5456 1983 5489 t
