4100 6300
383 427 443 489 tat
953 418 1270 487 SENTENTIARUM
1291 420 1366 486 LlB.
1391 421 1418 486 l.

382 562 501 622 cuntur
517 557 670 621 habentes
692 555 838 620 eamdem
851 556 1050 637 qualitatem.
1075 557 1156 634 Quia
1210 557 1389 621 secundum
1412 554 1614 634 relationem,
1627 571 1670 617 ex
1686 558 1855 637 oonaeqm
1869 578 1923 627 m

381 685 460 748 ergo
473 666 600 749 respicit
619 664 819 747 suppositum
837 682 895 746 per
913 683 957 743 se,
977 665 1154 729 secundum
1208 665 1386 730 secundum
1409 664 1626 729 substantiam
1645 662 1923 740 diffluum&

381 775 466 856 quod
482 778 676 850 concretum,
692 771 763 835 ideo
783 771 897 834 dicitur
910 770 1088 835 secundum
1102 789 1155 834 re·
1208 772 1386 854 loquendo;
1401 777 1435 837 et
1447 772 1511 835 boc
1525 771 1631 851 magis
1648 775 1751 852 patet,
1769 770 1927 839 §emtas

380 880 543 945 lationem.
563 880 624 945 Sed
645 881 679 943 in
699 879 924 955 abstractione,
946 879 1022 959 quia
1041 879 1154 942 simili·
1208 899 1281 943 mus
1309 879 1577 961 significationem
1603 878 1729 942 borum
1755 879 1929 944 uomnunin

379 987 456 1051 tudo
470 990 518 1051 est
540 986 647 1051 unitas
670 992 806 1064 naturae,
823 985 874 1049 vel
894 986 1057 1064 manbre,
1077 986 1154 1068 quia
1207 987 1383 1063 creaturis,
1411 986 1500 1051 unde
1528 988 1566 1049 fit
1595 985 1776 1051 translatio.
1805 984 1929 1053 Simius

379 1095 505 1177 respicit
521 1096 678 1159 unitatem
690 1093 803 1158 formae
818 1093 933 1175 primo,
943 1112 1009 1159 nou
1021 1094 1154 1158 distinc-

378 1202 500 1266 tionem
515 1203 754 1284 suppositorum
764 1248 779 1279 ,‚
787 1200 849 1263 nisi
872 1219 913 1264 ex
933 1201 1150 1284 consequenti,

378 1309 594 1392 principaliter
606 1309 721 1373 dicitur
733 1308 912 1373 secundum
929 1308 1150 1389 substantiam,

260 1432 357 1489 Improb.
379 1414 439 1480 Sed
452 1416 511 1479 iste
522 1417 636 1479 modus
649 1414 791 1479 solvendi
807 1432 873 1478 non
885 1419 932 1480 est
945 1415 1150 1479 conveniens.

378 1523 460 1589 Nam
473 1528 519 1589 est
531 1524 642 1588 eadem
656 1522 848 1605 significatio
859 1524 893 1587 in
906 1527 1063 1600 concreto,
1074 1526 1106 1586 et
1117 1523 1151 1586 in

378 1633 547 1712 abstracte,
558 1632 593 1696 in
603 1631 768 1715 principali
779 1631 958 1713 significato
967 1651 976 1695 ε
984 1649 1063 1713 ergo
1069 1632 1096 1695 si
1102 1631 1150 1694 di-

379 1740 464 1804 citur
477 1739 653 1804 secundum
676 1738 887 1803 substantiam
900 1756 1007 1803 unum
1025 1743 1057 1802 et
1076 1739 1151 1802 reli-

377 1867 479 1931 quum
496 1847 655 1926 similiter,
679 1864 758 1928 ergo
778 1847 840 1910 hoc
861 1865 927 1910 non
950 1846 1045 1910 solvit
1064 1848 1150 1929 quod

257 1965 323 2022 Oria·
341 1970 362 2012 ²·
376 1959 498 2024 dictum
521 1962 578 2022 est.
602 1956 749 2021 Secunda
773 1955 883 2038 opinio
902 1975 910 2017 ε
927 1956 1012 2037 quod
1035 1955 1150 2037 bujus·

377 2067 463 2131 modi
472 2066 615 2141 nomina,
624 2064 696 2128 etin
705 2063 956 2142 concretione,et
963 2062 998 2125 in
1007 2061 1149 2126 abstrac-

375 2175 477 2254 tione,
488 2175 638 2239 dicuntur
650 2170 865 2256 principaliter
879 2170 1057 2234 secundnm
1072 2169 1150 2233 sub-

375 2283 535 2362 stantiam,
550 2284 582 2345 et
591 2283 764 2345 connotant
777 2278 1010 2342 distinctionem
1022 2278 1058 2341 in
1072 2296 1150 2361 sup-

374 2390 494 2471 positis.
522 2389 560 2453 at
587 2389 668 2452 ratio
699 2387 844 2469 ipsorum
874 2389 941 2464 est,
969 2384 1047 2467 quia
1073 2401 1149 2448 cum

374 2496 548 2561 similitudo
562 2495 708 2578 respiciat
727 2494 788 2558 ista
802 2493 884 2573 duo,
898 2493 1017 2557 scilicet
1030 2511 1147 2557 conve-

374 2605 528 2669 nientiam
555 2608 587 2668 et
621 2602 849 2678 differentiam,
875 2601 1091 2665 immedIatius
1118 2606 1149 2666 at

374 2711 563 2794 completius
576 2711 703 2793 respicit
713 2709 981 2774 convenientiam.
994 2708 1149 2774 Dicuntur

373 2819 460 2882 enim
481 2818 663 2882 differentes
680 2836 748 2883 esse
776 2816 913 2897 similes,
929 2816 964 2879 iu
989 2821 1148 2899 quantum

373 2926 585 3005 conveniunt;
598 2926 824 2990 convenientes
833 2943 910 2990 vero
919 2943 985 2989 non
997 2924 1148 2989 dicuntur

372 3034 504 3113 similes,
518 3033 553 3097 in
567 3038 726 3116 quantum
741 3033 901 3097 differunt.
918 3031 1055 3114 Respicit
1068 3050 1147 3113 ergo

372 3140 547 3206 similitudo
565 3138 802 3207 distinctionem
815 3160 872 3224 per
887 3140 1020 3206 modum
1042 3143 1147 3205 mab-

371 3248 443 3329 riae3
458 3249 512 3314 sed
526 3269 584 3332 per
608 3250 741 3314 modum
758 3250 870 3315 lormae
891 3249 1021 3332 respicit
1040 3250 1147 3313 unita-

206 3341 210 3350 ’
309 3423 312 3431 ,
371 3359 436 3420 tem
462 3357 606 3421 essentia
628 3374 636 3420 z
662 3361 694 3421 et
718 3358 789 3422 ideo
815 3356 1004 3439 completive
1032 3356 1148 3421 dicitur

370 3465 765 3529 secundumsubstantiam
773 3470 840 3529 tam
849 3464 1036 3544 similitudo,
1047 3482 1146 3546 quam

253 3589 350 3647 ruptos.
371 3572 491 3637 similis.
506 3572 566 3636 Sed
576 3574 637 3636 ista
650 3574 760 3656 positio
769 3591 834 3637 non
848 3576 950 3656 potest
962 3576 1045 3636 stare
1061 3589 1147 3635 :cer-

370 3685 440 3744 tum
457 3681 545 3745 enim
568 3681 718 3764 estquod
741 3681 921 3746 similitudo
941 3679 1058 3744 dicitnr
1077 3697 1145 3743 res·

370 3793 480 3870 pectus
493 3781 676 3872 aliquorum
688 3790 727 3853 ad
739 3789 896 3854 invicem:
912 3788 965 3852 sed
978 3788 1014 3852 in
1027 3787 1146 3853 divinis

371 3914 436 3960 non
446 3897 562 3960 estnisi
577 3901 739 3979 respectus
749 3915 894 3980 personae
904 3896 944 3961 ad
954 3914 1142 3979 personam:

369 4009 531 4087 respectus
557 4010 664 4069 autem
678 4023 823 4088 personae
837 4005 878 4069 ad
890 4022 1060 4086 personam
1078 4022 1145 4066 non

370 4116 473 4194 potest
484 4112 545 4176 dici
560 4114 737 4178 secundum
749 4113 979 4177 substantiam:
996 4129 1074 4194 ergo
1084 4130 1144 4176 ne-

370 4238 454 4283 cesse
474 4222 625 4304 estquod
645 4220 707 4284 hoc
729 4238 859 4295 nomen,
880 4220 997 4300 simile,
1012 4220 1098 4302 quod
1125 4239 1144 4284 a

369 4328 577 4392 similitudine
593 4327 782 4411 imponitur,
798 4327 975 4392 secundum
995 4327 1144 4390 substan*

1207 1095 1296 1158 enim
1308 1099 1356 1159 est
1367 1094 1482 1159 relatio
1494 1094 1676 1158 secundum
1689 1094 1865 1176 qualitatem,
1874 1098 1930 1158 Q

1206 1201 1278 1265 liter
1290 1207 1322 1265 et
1335 1202 1504 1285 aequalitas
1520 1202 1704 1267 secundum
1718 1203 1933 1285 quantitatem

1206 1310 1383 1375 similitudo
1403 1310 1480 1374 dicit
1502 1310 1694 1374 relationem
1718 1310 1886 1389 formabtu,
1900 1314 1933 1376 td

1206 1418 1392 1499 qualitatem
1421 1417 1599 1482 causaliter.
1631 1409 1794 1482 'Similiter
1821 1420 1934 1501 murth

1205 1524 1281 1588 dicit
1297 1526 1508 1607 quantitatem
1520 1525 1715 1604 causaliter,
1729 1526 1784 1589 sed
1800 1527 1934 1591 mamm

1204 1631 1390 1696 formaliter.
1403 1629 1474 1696 Non
1488 1631 1575 1696 enim
1587 1636 1636 1695 est
1648 1632 1825 1697 similitudo
1833 1635 1935 1716 qusint

1204 1738 1259 1804 sed
1272 1739 1383 1804 relatio
1395 1758 1470 1823 quae
1483 1739 1659 1804 atterrditur
1684 1741 1855 1805 secundun
1865 1742 1937 1823 qni-

1204 1848 1314 1911 tatem.
1398 1864 1404 1872 ·

1245 1957 1274 2016 1.
1287 1955 1337 2019 Ad
1350 1955 1429 2020 illud
1443 1955 1529 2037 quod
1550 1954 1708 2037 objicitur
1730 1954 1771 2018 de
1788 1953 1936 2037 stamas

1205 2059 1336 2137 Hilario,
1359 2063 1446 2145 quod
1465 2066 1512 2126 est
1533 2062 1686 2140 essentia,
1710 2061 1868 2126 diemdum
1881 2064 1937 2145 qut

1204 2170 1370 2233 causaliter
1401 2170 1630 2252 intelliguntur
1660 2188 1779 2234 omnes
1810 2171 1875 2235 lala
1895 2191 1938 2235 u-

1204 2295 1325 2342 mones.

1241 2390 1271 2448 2.
1300 2385 1349 2449 Ad
1379 2385 1461 2450 illud
1485 2385 1572 2467 quod
1591 2390 1708 2467 postea
1732 2388 1861 2465 dicitur,
1882 2387 1940 2468 qud

1203 2493 1322 2575 <equale
1343 2492 1461 2557 dicitur
1483 2494 1666 2557 secundum
1684 2498 1897 2577 quantitatem,
1909 2494 1941 2556 b

1203 2600 1340 2664 cendum
1358 2600 1445 2682 quod
1468 2601 1649 2665 secundnm
1666 2601 1747 2665 dicit
1762 2620 1881 2666 cansam
1894 2602 1942 2663 ffl-

1203 2707 1349 2784 cientem,
1365 2726 1431 2771 non
1444 2708 1583 2772 formam
1600 2731 1607 2771 :
1623 2709 1672 2772 sic
1684 2709 1847 2775 dearatt

1241 2818 1271 2877 3.
1286 2815 1334 2879 Ad
1345 2815 1426 2879 illud
1440 2832 1519 2879 vero
1532 2816 1620 2898 quod
1639 2815 1814 2898 objicitur,
1827 2815 1898 2898 quod
1910 2832 1943 2877 re

1201 2924 1298 2988 lativa
1327 2925 1502 3007 important
1532 2924 1788 3004 distinctionem
1814 2923 1943 2990 barim

1201 3031 1285 3113 quod
1300 3031 1450 3114 quaedam
1463 3033 1497 3094 in
1511 3032 1630 3096 divinis
1645 3031 1942 3097 dieuntmsecmtm

1201 3139 1389 3205 relationem
1402 3158 1478 3224 quae
1499 3144 1578 3212 sunt
1598 3139 1785 3206 distinctiva
1797 3140 1943 3212 relatum

1203 3253 1239 3313 ut
1251 3248 1342 3313 Pater
1357 3253 1389 3313 et
1401 3248 1519 3328 Filins3
1536 3255 1569 3313 ct
1583 3249 1661 3313 talia
1672 3252 1944 3333 importantrapar

1201 3364 1272 3424 tum
1287 3360 1560 3442 distinguentem
1577 3365 1610 3425 et
1628 3362 1708 3426 talia
1728 3363 1887 3445 important
1901 3360 1945 3422 ds

1200 3471 1385 3535 tinctionem
1410 3473 1447 3534 ut
1472 3470 1661 3534 exercitam.
1691 3469 1843 3547 Quaednm
1865 3471 1944 3532 arins

1200 3578 1353 3642 dicuntur
1374 3579 1556 3643 secundum
1578 3578 1875 3661 relationemque
1891 3587 1943 3636 sut

1199 3684 1333 3749 relativa
1345 3685 1580 3763 distinctorum,
1595 3690 1633 3750 nt
1646 3686 1772 3752 similis
1785 3691 1816 3750 ct
1826 3682 1941 3766 aq&

1200 3797 1232 3856 et
1248 3793 1324 3856 talia
1340 3794 1516 3875 important
1534 3799 1737 3876 respectum3
1763 3792 1816 3857 sed
1834 3792 1882 3854 dle
1895 3807 1943 3852 res·

1199 3904 1310 3983 pectus
1324 3919 1389 3966 non
1404 3904 1453 3965 cst
1462 3902 1550 3967 notio
1567 3902 1786 3984 distinguens,
1801 3901 1850 3965 scd
1861 3916 1943 3963 om

1199 4026 1301 4090 quens
1325 4007 1589 4090 distinguentem.
1617 4007 1777 4092 importat
1802 4009 1878 4073 enim
1897 4005 1942 4067 b

1199 4117 1387 4180 tinctionem
1411 4134 1477 4180 non
1504 4119 1543 4181 ut
1571 4119 1614 4196 (a)
1639 4117 1832 4192 eremium,
1855 4113 1942 4177 seta

1199 4230 1394 4306 conceptam.
1414 4222 1498 4288 Nam
1519 4229 1687 4305 respectus
1706 4224 1896 4305 asangm
1909 4225 1941 4281 et

1197 4330 1296 4395 nnius
1308 4348 1453 4412 personae
1465 4331 1505 4393 ad
1516 4330 1625 4407 attam
1637 4332 1818 4396 secundum
1829 4328 1901 4413 quod
1910 4335 1940 4389 Ε

313 4468 355 4512 ua
369 4440 448 4504 tiam
463 4459 528 4504 nou
542 4439 675 4503 dicatur.
691 4439 730 4503 Et
744 4439 815 4503 ideo
829 4443 877 4503 est
898 4440 992 4503 tertia
1011 4440 1141 4521 opinio,
1198 4439 1239 4503 ab
1252 4439 1322 4518 illa;
1343 4439 1377 4502 in
1390 4438 1579 4521 hujusmodi
1600 4457 1681 4503 vero
1702 4440 1879 4503 nominibus
1895 4437 1940 4497 im

269 4543 295 4572 ⁰⁰
330 4531 335 4539 ¹
369 4548 455 4630 quod
466 4545 652 4628 hujusmodi
663 4545 795 4609 nomina
805 4545 954 4609 dicantur
966 4548 1143 4611 secundum
1197 4552 1342 4629 portatur
1361 4551 1525 4629 respectus
1542 4546 1642 4611 unius
1655 4545 1936 4630 pomonaeadaliae

368 4653 1143 4734 relationem,formalitarloqnendo:dicuntenim
1198 4655 1375 4719 secundum
1390 4653 1478 4737 quod
1498 4655 1741 4718 communicant
1761 4673 1853 4719 unam
1869 4659 1936 4714 nar

368 4768 545 4847 respectum
559 4762 799 4844 suppositorum
819 4762 1044 4828 distinctorum
1063 4782 1142 4828 con·
1197 4780 1279 4826 rans.
1295 4761 1335 4827 lit
1345 4763 1421 4845 quia
1433 4767 1599 4844 respectus
1612 4766 1660 4826 est
1673 4762 1798 4841 relatio,
1811 4763 1873 4826 ideo
1886 4757 1937 4840 pb

368 4871 566 4937 venientium
580 4870 614 4933 in
636 4870 743 4951 aliquo
757 4889 824 4935 uno
837 4888 846 4933 t
860 4874 892 4934 et
914 4872 959 4935 ita
981 4877 1143 4955 respectus
1197 4868 1341 4933 rideatur
1356 4891 1364 4946 ;
1387 4868 1464 4951 quia
1476 4885 1557 4932 vero
1569 4873 1736 4950 respectus
1750 4870 1841 4934 unius
1854 4880 1933 4929 m

367 4981 450 5044 cudit
460 4979 505 5044 ibi
518 4998 575 5062 per
587 4978 721 5042 modum
733 4977 892 5042 formalis:
905 4978 960 5042 sed
972 4979 1078 5044 unitas
1092 4998 1142 5044 es-
1196 4978 1260 5055 tiae,
1276 4976 1348 5041 ideo
1361 4975 1475 5040 dicitrrr
1488 4974 1529 5038 dc
1543 4975 1705 5058 pluribus.

366 5089 476 5152 sentia
490 5092 522 5152 et
533 5086 699 5170 pluralitas
720 5087 959 5170 suppositorum
980 5086 1064 5151 cadit
1085 5106 1143 5170 per
1236 5088 1267 5147 l.
1288 5082 1330 5147 Et
1352 5083 1423 5148 ideo
1443 5087 1532 5165 patet
1555 5084 1712 5149 ultimum
1733 5083 1815 5167 qnod
1835 5080 1931 5146 didit

366 5197 499 5261 modum
510 5213 614 5260 causae
626 5214 635 5259 z
647 5194 719 5260 ideo
732 5195 859 5278 proprie
880 5199 913 5259 et
924 5194 1142 5278 principaliter
1197 5248 1256 5297 aas.
1268 5245 1329 5297 dicit
1338 5245 1396 5296 hec
1407 5258 1442 5296 m
1442 5257 1460 5296 n
1472 5244 1551 5311 uani,
1566 5260 1604 5312 qu
1603 5247 1641 5298 od
1655 5248 1730 5299 noct
1743 5237 1930 5312 mh*

1194 5320 1281 5371 tiones
1292 5333 1349 5370 esse
1360 5318 1451 5370 reales.

1228 5428 1262 5494 (a)
1278 5428 1339 5480 Coei.
1351 5426 1422 5490 eata,
1436 5429 1465 5477 ut
1475 5438 1541 5476 non.

399 5357 507 5408 ¹E1bis
519 5357 580 5407 licet
591 5355 680 5405 ridere
695 5356 764 5420 quod
781 5356 849 5421 apud
869 5358 896 5408 S.
916 5357 981 5407 Bon.
1000 5357 1064 5407 tales
1082 5361 1142 5409 sunt

368 5428 505 5480 caledones
521 5428 613 5479 reales.
629 5427 763 5478 Consentit
776 5430 808 5479 D.
822 5430 887 5479 Bon.
906 5431 998 5481 scotus
1014 5429 1073 5493 bic,
1094 5429 1140 5480 sed
