4100 6300
610 496 707 564 olsr.
729 496 894 563 illidor.
917 497 942 565 Ι.
965 496 1116 576 QUAES'I'.
1139 498 1163 562 1.
1621 505 1677 567 tot

67 704 70 709 ,
89 649 109 696 a
123 630 227 711 Patre,
241 632 276 696 in
289 630 345 695 illc
363 648 493 696 summa
511 630 664 699 Trinitnta
681 636 728 699 est
744 652 857 717 snper·
911 633 988 699 bant
1001 632 1114 699 Graeci.
1127 631 1279 699 Similiter
1288 651 1348 699 nec
1357 635 1591 718 predicatione,
1604 636 1681 719 quia

89 739 206 815 finitas,
221 738 307 822 quod
319 739 496 804 absurdum
508 742 565 804 est.
892 739 996 829 ,idem
1014 745 1062 806 ost
1078 741 1187 807 doctor
1202 740 1398 819 Graecorum,
1413 742 1469 825 qui
1489 746 1536 807 est
1548 746 1580 807 ct
1592 742 1680 808 Lati-

15 844 74 949 ,210213
130 845 169 910 ΙΙ.
189 845 267 911 ltem
279 846 341 911 hcc
355 846 463 930 ipsum
475 848 623 913 nituntur
636 847 737 914 Graeci
750 853 857 913 osten-
910 866 1041 928 norum,
1056 849 1112 931 qni
1123 850 1169 913 cis
1182 849 1277 913 tidem
1295 850 1428 932 perfecte
1439 851 1578 930 tradidit,
1593 851 1682 915 scili-

15 919 74 1009 ἐῗιο-
89 953 164 1018 dere
180 972 237 1037 per
249 954 469 1019 auctoritatem
483 974 491 1019 ε
505 955 561 1019 sed
577 973 644 1020 non
658 960 790 1038 possunt
800 975 857 1039 per
910 960 959 1021 cet
972 955 1090 1022 Paulus
1103 956 1273 1039 apostolus.
1287 956 1319 1022 Si
1333 958 1470 1036 ratione,
1485 958 1539 1022 sed
1555 958 1679 1023 ratione

15 1043 44 1073 '⁸'
89 1060 700 1145 sacraeScripturaeinductionem2idco
713 1068 858 1146 arguunt
910 1082 977 1128 non
990 1064 1108 1129 sufficit
1120 1064 1240 1148 aliquid
1251 1065 1404 1129 affirmari
1414 1064 1595 1148 inhisquae
1605 1070 1682 1131 sunt

87 1188 147 1251 par
165 1168 378 1253 privationem
395 1169 429 1233 in
451 1169 644 1253 Evangeliis,
665 1175 697 1236 et
716 1171 857 1237 maxime
909 1171 994 1236 fldei.
1015 1171 1104 1237 Unde
1123 1171 1313 1253 Dionysins¹
1336 1174 1368 1236 et
1389 1171 1618 1237 damascenus*
1632 1173 1679 1239 di-

87 1276 124 1341 in
145 1276 319 1358 Evangelio
331 1276 473 1355 loannis,
487 1283 519 1342 et
533 1276 690 1361 Epistolis,
704 1278 760 1343 ubi
773 1279 857 1344 inte-
889 1314 893 1319 *
909 1281 987 1343 cunt
1009 1278 1096 1361 qnod
1115 1278 1196 1365 nihil
1209 1279 1451 1357 cardiacorum,
1466 1297 1526 1345 nec
1539 1280 1681 1365 cogitan-

86 1401 148 1464 gre
164 1384 301 1448 traditur
321 1389 430 1449 nostra
443 1385 541 1449 tides:
561 1385 615 1450 scd
628 1385 662 1449 in
674 1386 762 1450 nullo
776 1385 856 1451 dici-
909 1383 989 1448 dnm
999 1383 1038 1448 de
1047 1384 1237 1449 illasumma
1249 1382 1412 1462 Trinitate‚
1423 1391 1541 1469 praeter
1550 1387 1582 1452 id
1594 1389 1681 1471 quod

88 1497 142 1558 tur
162 1494 249 1577 quod
273 1491 411 1576 Spiritus
431 1498 558 1558 sanctus
585 1494 730 1577 procedat
753 1494 815 1558 nisi
837 1514 857 1559 a
909 1509 969 1556 nos
991 1509 1082 1556 sacra
1104 1491 1231 1574 eloquia
1251 1491 1439 1558 docuerunt.
1466 1493 1506 1558 Et
1524 1494 1680 1579 Hierony-

87 1598 180 1664 Patre
194 1604 331 1664 tantum.
344 1599 500 1665 Joannes¹
515 1622 523 1665 :
541 1601 699 1684 Spiritum
708 1603 856 1668 nomimis
909 1616 1001 1663 mus:
1022 1598 1099 1662 «Nil
1110 1598 1257 1663 credatur
1268 1599 1359 1677 mihi,
1372 1600 1435 1664 nisi
1448 1602 1680 1668 confirmavero

86 1711 147 1791 qui
166 1709 298 1776 cPotrc
315 1708 483 1792 procedit:
507 1727 586 1792 ergo
606 1713 663 1775 ant
681 1709 857 1792 Evangelia
909 1724 966 1788 per
979 1703 1107 1771 Novum
1121 1705 1259 1771 etvetus
1271 1706 1549 1774 Testamentum.»
1574 1709 1608 1774 Si
1627 1730 1679 1776 re-

86 1816 316 1880 insufficienter
350 1816 444 1885 tidem
475 1817 603 1897 docent,
637 1821 693 1881 aut
721 1815 857 1899 Spiritus
909 1815 1083 1895 velatione,
1107 1815 1265 1898 quaeritur
1286 1816 1339 1881 cui
1361 1817 1457 1882 luerit
1477 1819 1678 1885 revelatum:

87 1928 216 1989 saneim
226 1926 352 1989 tantum
365 1925 504 2008 procedit
516 1943 536 1989 a
549 1924 650 1989 Patre.
909 1924 950 2001 et,
977 1941 1053 1986 cum
1076 1921 1159 1987 Deus
1179 1922 1256 1988 velit
1279 1941 1391 1989 omnes
1411 1925 1559 1991 homines
1577 1912 1679 1994 salvos

33 2057 74 2087 on·
129 2031 226 2112 ltem,
246 2032 281 2095 in
303 2036 442 2117 quatuor
463 2032 608 2098 Conciliis
624 2033 711 2116 apud
732 2032 857 2098 Graecos
908 2030 995 2110 fieri,
1018 2049 1119 2112 qnare
1137 2031 1199 2096 hoc
1222 2050 1287 2095 non
1308 2033 1464 2098 revelavit
1485 2032 1619 2099 Graecist
1642 2035 1681 2100 Et

15 2121 30 2153 ³⁴
87 2140 263 2221 celebratis,
287 2141 345 2205 ubi
359 2142 438 2206 udas
460 2160 480 2206 a
501 2139 648 2206 Patribus
664 2141 857 2205 sufficienter
908 2138 1039 2219 iterum,
1053 2157 1119 2222 quo
1132 2139 1227 2205 modo
1240 2144 1361 2205 constat
1374 2141 1459 2225 quod
1478 2141 1540 2206 hoc
1552 2142 1681 2208 luerita

87 2253 136 2313 cst
149 2250 316 2332 explicata,
335 2250 450 2316 dicitnr
469 2251 555 2333 quod
575 2249 713 2333 Spiritus
729 2253 857 2314 sanctus
910 2245 996 2311 Dect

85 2358 237 2440 procedat
257 2376 277 2421 a
298 2357 401 2435 Patre,
421 2361 453 2422 et
472 2358 553 2422 nihil
574 2358 739 2423 diciturda
752 2357 832 2423 Filio
846 2381 869 2429 ε,
949 2353 1149 2420 Comusmurr
1181 2354 1331 2436 arguitur
1367 2355 1489 2420 ratione
1521 2355 1682 2421 ostensive
1715 2376 1801 2420 runai-

85 2463 206 2545 crgoai
218 2463 854 2546 Deusillissniflcienterfldcmrevelavit,
909 2461 974 2526 sic:
998 2459 1136 2544 Spiritus
1158 2465 1297 2539 sanetus,
1320 2462 1498 2528 secundum
1517 2480 1628 2527 Omnes
1641 2463 1679 2526 fl·
1697 2446 1803 2546 κῗὲῗξξ,

83 2588 178 2651 crgo,
193 2574 252 2635 cte.
909 2568 1005 2647 deles,
1030 2569 1173 2651 propedit
1193 2574 1230 2635 ut
1251 2570 1385 2648 donum,
1409 2570 1491 2636 sicut
1508 2590 1551 2636 ex
1572 2572 1681 2636 multis
1695 2568 1802 2668 iffi?

15 2700 68 2747 aaa
129 2677 207 2743 ltem
226 2679 314 2744 hunc
339 2698 481 2745 errorem
505 2680 603 2745 tutari
625 2681 774 2746 nituntur
800 2700 857 2765 per
908 2677 987 2742 locis
1002 2677 1175 2760 Scriptura
1189 2677 1359 2760 probatum
1374 2682 1406 2743 et
1420 2679 1537 2743 iterum
1555 2696 1680 2758 omnes,
1712 2690 1762 2731 tiu·

15 2779 52 2811 '¹¹²
83 2786 246 2868 Doctores,
259 2790 316 2871 qui
329 2808 396 2854 non
409 2789 683 2872 solumapudeos,
696 2790 854 2856 sedetiam
909 2791 976 2852 tem
1000 2785 1112 2866 Graeci,
1136 2805 1234 2869 qnam
1257 2785 1371 2867 latini,
1395 2787 1505 2852 dicunt
1527 2787 1681 2871 Spiritum

82 2895 173 2977 apud
185 2914 245 2960 nos
256 2896 394 2962 celebres
410 2902 495 2961 sunt.
909 2897 1056 2959 sanctum
1070 2912 1090 2958 a
1103 2892 1181 2958 Filio
1202 2894 1294 2959 nobis
1310 2894 1444 2985 donari:
1467 2914 1546 2978 ergo
1570 2915 1683 2962 omnes

127 3007 158 3065 t.
174 3002 212 3066 Et
222 3003 327 3086 primo
337 3022 394 3087 per
404 3003 596 3087 Gregorium
608 3002 854 3081 Nazianzennm
909 3002 1089 3066 concedunt
1106 3002 1276 3084 procedere
1292 3003 1333 3067 ab
1354 3007 1502 3087 utroque,
1520 3024 1594 3070 cum
1614 3023 1681 3070 non

82 3110 145 3193 qui
162 3110 276 3176 dicitnr
295 3110 499 3195 Theologus:
526 3111 651 3178 «Filius
668 3115 700 3178 et
720 3111 857 3195 Spiritus
908 3108 1002 3175 detur
1014 3108 1076 3173 nisi
1088 3126 1108 3172 a
1119 3126 1185 3191 qno
1197 3109 1350 3192 procedit.

81 3223 232 3299 sanctus,
256 3220 407 3301 geminus
427 3217 529 3284 Patris
548 3220 673 3297 radius,
694 3237 796 3303 nsque
816 3219 856 3283 ad
949 3216 1039 3294 Item,
1060 3215 1196 3299 Spiritus
1212 3220 1350 3297 sanctus,
1372 3219 1551 3283 secundum
1571 3237 1683 3286 omnes

80 3344 147 3391 nos
166 3326 322 3390 miserunt
341 3326 517 3392 claritatem
538 3346 679 3393 suumn
703 3345 782 3409 ergo
796 3345 855 3391 ex·
908 3328 941 3388 et
969 3324 1051 3388 sicut
1081 3343 1179 3407 supra
1200 3328 1363 3390 ostensum
1391 3331 1455 3407 est,
1481 3327 1623 3408 procedit
1645 3331 1683 3394 ut

81 3437 165 3500 eunt
176 3452 196 3498 a
208 3432 312 3513 Patre,
327 3438 364 3499 ut
375 3434 440 3500 duo
453 3435 545 3499 radii.
909 3449 1020 3497 amor:
1036 3432 1090 3497 sed
1102 3449 1211 3496 amare
1223 3450 1290 3496 non
1303 3436 1430 3497 tantum
1440 3437 1487 3498 est
1500 3431 1613 3513 Patris,
1626 3437 1682 3500 sed

123 3546 157 3605 ἢ.
171 3541 210 3605 ut
221 3539 390 3625 Dionysius
402 3542 497 3607 etiam
508 3543 588 3607 dicit
599 3543 634 3606 in
645 3542 727 3607 libro
741 3541 781 3608 dc
794 3542 856 3609 Di-
908 3539 1003 3603 etiam
1017 3539 1108 3619 Filii;
1127 3540 1212 3605 unde
1226 3543 1258 3604 et
1271 3557 1328 3621 per
1349 3541 1457 3605 omnia
1470 3545 1556 3606 amat
1569 3541 1680 3620 Filius,

80 3650 176 3716 uinta
190 3647 405 3716 Nominibus:
421 3671 437 3711 c
451 3648 500 3713 lix
512 3649 717 3715 immateriali
738 3654 770 3714 et
791 3651 855 3713 lm·
909 3647 991 3712 sicut
1003 3651 1036 3711 et
1048 3646 1162 3712 Pater:
1178 3665 1269 3729 crgo,
1282 3648 1308 3711 si
1320 3667 1340 3713 a
1350 3648 1442 3713 Patre
1452 3653 1580 3714 amante
1591 3669 1683 3716 amor

79 3756 224 3840 partibili
233 3758 319 3822 hono
329 3756 478 3822 cordialia
489 3757 851 3822 exortasuntlumina.n
909 3755 1060 3838 procedit,
1075 3756 1185 3820 eadem
1198 3757 1321 3821 ratione
1335 3776 1355 3822 a
1370 3756 1461 3821 Filio.

79 3865 241 3947 quuitur
253 3864 292 3929 da
306 3863 417 3929 Patre:
433 3882 512 3946 ergo
524 3869 644 3929 exeunt
656 3867 694 3928 ut
709 3865 854 3929 lumina:
950 3864 1041 3942 item,
1054 3863 1189 3948 Spiritus
1207 3870 1351 3945 sanctus,
1366 3867 1543 3932 secundum
1557 3884 1679 3946 omnes,

79 3972 139 4037 sed
155 3972 230 4037 talia
247 3972 292 4036 sic
306 3990 340 4037 se
357 3972 488 4052 habent,
504 3973 589 4056 quod
606 3991 712 4037 unum
730 3991 797 4036 non
810 3977 857 4037 est
908 3971 1049 4054 procedit
1060 3976 1097 4037 ut
1109 3990 1213 4036 nexus
1227 3994 1235 4036 ε
1250 3972 1305 4036 sed
1320 3972 1487 4055 perfectior
1507 3992 1612 4039 nexus
1635 3979 1683 4040 est

79 4079 255 4146 ahaltero:
272 4083 436 4162 ergoetc.
909 4079 966 4161 qui
978 4080 1019 4143 ab
1033 4082 1178 4145 extremo
1191 4084 1328 4164 unoque
1341 4082 1683 4165 procedit,quamqui

121 4193 156 4252 3.
172 4186 262 4267 Item,
280 4186 491 4253 Damascenus
507 4187 731 4270 expressius¹t
754 4186 855 4271 «Spi·
909 4186 950 4249 ab
961 4186 1079 4251 altero:
1095 4205 1185 4269 ergo,
1195 4187 1223 4250 si
1230 4186 1368 4271 Spiritus
1380 4193 1508 4253 sanctus
1518 4193 1567 4253 est
1578 4207 1684 4254 nexus

78 4298 183 4362 ritum
197 4300 342 4360 sanctum
362 4314 403 4360 ex
423 4295 514 4360 Patre
534 4295 680 4374 diunius,
701 4301 734 4360 et
754 4294 856 4379 Spiri-
909 4294 1166 4377 perfectissimus,
1181 4313 1248 4359 non
1262 4295 1401 4360 soluma
1418 4294 1511 4360 Patre
1526 4297 1679 4379 procedit,

77 4409 156 4470 tum
165 4403 266 4468 Patris
278 4403 492 4484 nominamus,
507 4402 662 4487 Spiritum
673 4421 751 4467 vero
761 4403 854 4470 Sanc·
909 4401 1206 4467 sedetiamaFilio.

79 4517 157 4577 tum
170 4530 209 4577 ex
223 4510 303 4576 Filio
311 4529 378 4575 non
388 4511 533 4591 dicimus,
544 4514 692 4576 ettamen
701 4510 855 4594 Spiritum
951 4508 1029 4575 Item
1045 4517 1056 4551 ⁸
1073 4511 1135 4576 hoc
1157 4512 1243 4577 idem
1269 4512 1444 4578 ostenditur
1470 4511 1593 4576 ratione
1620 4511 1682 4576 du-

78 4619 159 4685 Filii
170 4619 411 4684 nominamus.»
910 4625 999 4684 cente
1019 4620 1060 4685 ad
1079 4619 1275 4702 impossibile
1292 4619 1338 4683 sic
1362 4641 1369 4683 :
1395 4617 1505 4684 Omnis
1524 4617 1683 4683 distinctio

123 4732 157 4791 t.
173 4727 263 4804 liam,
278 4727 416 4793 siLatini
428 4726 489 4792 hoc
501 4717 733 4809 cognoverunt,
748 4731 856 4792 teman
909 4745 1120 4810 personarum
1134 4726 1169 4790 in
1183 4725 1299 4790 divinis
1314 4725 1487 4790 attenditur
1505 4726 1682 4790 secundum

79 4834 187 4900 Graeci
200 4853 266 4900 non
278 4839 517 4918 cognovcrrmt,
530 4837 588 4897 ant
600 4834 661 4897 tuit
672 4832 734 4897 hoc
747 4833 855 4918 Scrip-
909 4834 1096 4899 relationem
1124 4838 1155 4898 et
1185 4832 1343 4915 originem
1367 4850 1375 4895 :
1397 4850 1476 4914 ergo
1495 4833 1522 4895 si
1545 4830 1683 4915 Spiritus

78 4948 169 5009 tura
186 4944 383 5020 incantata,
407 4946 464 5007 aut
482 4942 718 5024 praedicatione,
732 4946 790 5006 aut
802 4961 868 5032 ra·¹
909 4946 1036 5007 sanctus
1049 4960 1116 5006 non
1128 4940 1269 5023 procedit
1281 4958 1301 5003 a
1313 4939 1405 5016 Filio,
1416 4957 1504 5005 nece
1515 4957 1680 5018 converso,

79 5053 183 5131 tione,
199 5054 255 5116 aut
268 5050 470 5116 revelatione.
484 5046 655 5132 Scriptura
671 5050 856 5115 anctoritate
909 5049 999 5113 nulla
1011 5051 1060 5112 est
1071 5048 1117 5111 ibi
1130 5046 1223 5128 origo
1235 5070 1243 5111 ι
1254 5065 1333 5129 ergo
1347 5047 1437 5112 nulla
1451 5051 1498 5112 est
1510 5047 1555 5111 ibi
1568 5050 1683 5112 mutua

79 5157 400 5242 non,qniaeamdem
411 5175 466 5242 per
477 5156 791 5240 omniaScripturem
800 5158 855 5223 ha·
909 5155 1020 5220 relatio
1036 5174 1044 5220 :
1060 5173 1139 5237 ergo
1152 5173 1211 5218 nec
1224 5154 1392 5219 distinctio.

117 5359 222 5421 Uoco„
231 5368 275 5422 xv,
284 5356 455 5408 ro-'Joan
464 5354 665 5420 Damascen.‚de
675 5354 854 5417 meraritae,
910 5370 934 5406 c.
955 5366 984 5418 rr,
997 5354 1024 5405 in
1035 5353 1095 5404 fine.
1109 5370 1142 5391 ·-
1156 5353 1259 5418 ¹scot,
1274 5352 1333 5404 dist.
1351 5365 1394 5418 11,
1409 5367 1435 5418 q.
1453 5365 1476 5417 1,
1491 5355 1561 5405 tenet
1575 5352 1680 5417 opposi-

80 5432 129 5483 lib.
145 5432 178 5481 ΙΙΙ
186 5468 195 5495 ,
211 5444 234 5480 c.
244 5441 281 5481 xi.
291 5455 323 5475 a·
334 5428 461 5494 ⁸Dionys.
477 5430 613 5493 Areopcg„
628 5427 658 5478 de
671 5428 728 5477 niv.
741 5427 854 5490 Nomia,
909 5431 973 5479 turn.
988 5427 1052 5477 Cum
1065 5427 1094 5478 S.
1106 5427 1249 5477 Bonevent
1271 5425 1412 5477 concordat
1432 5428 1459 5477 S.
1474 5426 1577 5488 thom„
1597 5423 1633 5474 lib
1646 5425 1681 5476 tv

81 5518 108 5555 c.
126 5514 201 5558 11.-
214 5502 226 5539 ⁸
239 5501 313 5560 loen.
334 5502 497 5565 Damesccn„
518 5500 548 5554 de
569 5499 632 5551 Fide
646 5498 754 5564 ultori„
769 5499 853 5565 ΠΜ,
910 5496 1679 5567 Occiderit,c.xx1v,ctSumm.tt.p.1,q.xxxr1‚ert.2.
