4100 6300
395 544 455 604 26²
964 534 1276 603 SENTENTIARUM
1295 535 1369 602 Ltss.
1392 537 1417 603 l.

395 673 584 759 vehemens,
599 678 632 740 et
646 669 725 740 visa
738 676 817 739 sunt
828 669 896 739 illis
908 670 1034 761 linguae
1046 671 1159 742 divisse
1174 671 1259 741 sicut
1270 672 1380 762 ignis,
1399 672 1460 766 qui
1473 683 1505 742 et
1522 673 1644 742 insedit
1657 696 1755 767 super
1765 700 1926 774 unnmqrar

396 812 461 884 qne
474 811 601 858 eorum.
617 786 694 856 Haee
707 786 852 880 operatio
865 786 1040 857 visibiliter
1053 811 1206 881 expressa
1218 797 1251 858 et
1263 790 1370 858 oculis
1381 789 1491 859 oblata
1502 790 1711 878 mortalibus,
1721 793 1820 864 missio
1830 795 1926 888 Spiritu

396 905 500 975 sancti
517 904 603 974 dicta
616 911 687 972 est:
704 926 772 972 non
791 910 830 972 ut
851 912 1023 996 appareret
1043 904 1090 973 eis
1112 904 1183 996 ipsa
1205 904 1405 993 substantia,
1419 929 1487 999 qua
1500 906 1614 998 etipse
1629 907 1803 978 invisibilis
1813 921 1839 979 et
1849 914 1927 984 incon·

398 1019 566 1091 mutabilis
584 1026 652 1106 est,
668 1018 752 1087 sicut
773 1018 874 1088 Pater
887 1026 919 1087 et
930 1019 1038 1088 Filius
1054 1045 1062 1088 ι
1078 1021 1134 1089 sed
1149 1029 1188 1089 ut
1200 1021 1420 1090 exterioribus
1433 1022 1513 1091 visis
1524 1022 1624 1092 corda
1635 1022 1803 1094 bominum
1819 1041 1928 1100 munet

308 1172 312 1180 ·
324 1137 328 1148 '
397 1163 417 1209 a
430 1137 603 1231 temporali
617 1135 881 1205 manifestatione
897 1135 1072 1225 venientis,
1087 1137 1127 1206 ad
1142 1138 1304 1206 occultam
1315 1138 1529 1207 aetemitntcm
1539 1161 1670 1231 semper
1682 1144 1833 1232 praesentis
1842 1168 1928 1213 conve

398 1262 589 1326 terantur.»
607 1252 687 1321 Ecce
709 1250 761 1320 his
782 1250 893 1322 verbis
911 1253 1017 1345 aperit
1036 1253 1243 1343 Augustinus
1265 1253 1360 1324 illum
1382 1255 1520 1324 modum
1540 1254 1728 1342 missionis,
1746 1258 1928 1350 quidsibilitrr

396 1371 593 1456 exhibetur,
607 1392 687 1439 cum
701 1375 810 1437 tamen
819 1368 888 1461 ipse
902 1368 1043 1461 Spiritus
1056 1370 1092 1437 in
1106 1369 1156 1439 sui
1169 1377 1290 1439 natura
1304 1393 1371 1439 non
1386 1370 1554 1457 videatur,
1564 1371 1695 1464 quinec
1707 1372 1742 1441 in
1755 1373 1814 1442 illis
1823 1378 1929 1444 actua

398 1488 504 1579 magis
517 1493 598 1574 erat,
614 1508 716 1578 quam
729 1484 766 1553 in
779 1484 865 1572 aliis,
880 1485 936 1554 sed
952 1484 994 1554 ad
1009 1485 1112 1555 aliud.
1128 1486 1168 1554 ln
1178 1486 1245 1555 illis
1258 1486 1348 1555 enim
1362 1495 1444 1574 crat,
1460 1495 1499 1556 ut
1513 1510 1570 1578 per
1580 1488 1686 1557 easad
1698 1488 1833 1557 homines
1843 1494 1931 1560 renis

397 1603 625 1675 ostenderetur
642 1624 710 1671 esse
730 1600 766 1670 in
785 1600 872 1687 illis,
894 1600 936 1669 ad
955 1623 1040 1694 quos
1052 1602 1119 1672 illa
1133 1609 1292 1671 ereatura
1306 1603 1494 1672 veniebant.
1510 1603 1586 1672 Non
1600 1604 1690 1672 enim
1706 1603 1833 1696 Spiritus
1847 1621 1931 1677 aneu

398 1719 572 1813 temporali
594 1726 686 1788 motu
703 1727 782 1787 tunc
794 1717 897 1803 venit,
912 1717 964 1787 vel
979 1718 1015 1786 in
1028 1718 1179 1788 homines
1192 1718 1370 1805 descendit,
1385 1719 1442 1788 sed
1455 1742 1516 1811 per
1530 1721 1746 1812 temporalem
1765 1732 1931 1792 motnncres
1987 1775 1988 1794 ι

398 1847 482 1907 turn
494 1835 680 1927 significata
692 1841 741 1903 est
753 1833 935 1926 spiritualis
947 1844 978 1902 et
992 1834 1170 1904 invisibilis
1182 1833 1327 1925 Spiritus
1340 1835 1444 1904 sancti
1457 1834 1593 1905 inlusio.
1609 1836 1653 1905 Et
1670 1845 1706 1906 nt
1718 1838 1845 1930 apertius
1854 1839 1930 1922 diem,
1987 1811 1988 1860 ³

399 1977 458 2047 per
471 1953 570 2022 illum
583 1951 720 2021 modum
735 1950 899 2019 missionis
912 1949 1057 2042 Spiritus
1072 1951 1176 2020 sancti
1193 1952 1406 2043 corporaliter
1419 1951 1604 2021 exhibitum
1618 2004 1628 2038 ,
1643 1961 1814 2022 monstrata
1824 1965 1861 2023 est
1873 1956 1931 2048 spii

399 2070 500 2141 tualis
512 2077 544 2138 et
556 2067 694 2138 interior
706 2067 818 2137 missio
831 2067 934 2136 sancti
947 2066 1103 2158 Spiritus,
1120 2068 1189 2138 sive
1206 2067 1352 2154 donatio,
1367 2069 1408 2138 de
1424 2092 1492 2161 qua
1506 2068 1676 2159 agendum
1690 2078 1748 2138 est.

281 2208 335 2279 cam
352 2205 387 2279 131-
444 2185 510 2257 Sed
523 2186 616 2279 prins
629 2183 848 2278 quarendum
860 2191 925 2270 est,
940 2206 1018 2253 eum
1033 2183 1140 2253 Filius
1154 2184 1282 2253 dicatur
1297 2184 1407 2254 minor
1418 2185 1516 2255 Patre
1529 2186 1715 2256 secundum
1727 2186 1883 2257 missionem
1893 2209 1931 2279 qu
1987 2169 1988 2172 Ἴ

291 2268 378 2375 'flii‘
400 2304 436 2372 in
449 2303 557 2373 forma
570 2309 678 2372 ereata
691 2301 855 2395 apparuit,
868 2322 929 2369 cur
941 2308 974 2369 et
987 2300 1131 2393 Spiritus
1144 2309 1277 2370 sanctus
1289 2323 1358 2370 non
1371 2301 1502 2379 dicatur
1514 2302 1668 2372 similiter
1681 2304 1784 2372 minor
1791 2304 1877 2388 Patre,
1887 2326 1931 2370 cun

280 2394 387 2500 ⁹232:ss
401 2420 437 2488 in
454 2420 562 2490 forma
581 2426 688 2488 creata
707 2416 870 2511 apparuit.
893 2416 978 2486 Nam
999 2417 1040 2485 de
1064 2417 1163 2504 Filio,
1179 2417 1268 2510 quod
1283 2417 1393 2487 minor
1406 2418 1448 2486 sit
1460 2419 1556 2487 Patre
1573 2419 1756 2489 secundum
1773 2420 1932 2511 formamque

280 2521 387 2637 ,‘,⁰,‘,¹¹¹„⁸,¹,³,¹,
402 2537 521 2605 missus
535 2535 699 2629 apparuit,
707 2541 818 2627 aperte
831 2533 972 2603 ostendit
985 2533 1194 2623 Augustinus
1208 2535 1244 2603 in
1258 2542 1377 2628 quarto
1394 2534 1480 2604 libro
1494 2534 1534 2604 de
1550 2536 1715 2605 Trinitate
1724 2544 1745 2622 ¹,
1755 2535 1848 2630 dicens
1857 2561 1863 2602 :
1873 2562 1885 2599 ι
1895 2537 1932 2602 A·

281 2644 387 2763 ¹323„
401 2653 446 2720 sit
458 2655 545 2721 Deus
558 2652 683 2721 Filium
696 2671 804 2740 suum,
818 2652 1008 2743 factumest
1028 2649 1177 2732 mettere,
1194 2654 1329 2745 fuctum
1350 2650 1409 2720 sub
1423 2652 1493 2745 leqe
1506 2656 1517 2690 ’
1532 2676 1539 2718 :
1556 2652 1759 2744 usqueadeo
1779 2661 1931 2743 parrana

283 2772 533 2889 οξ”ἒέξξξξῙιιειιιιιι
548 2793 560 2835 .·
575 2768 739 2861 coituque
755 2767 911 2855 missum,
932 2789 999 2861 quo
1018 2769 1165 2860 suctum.
1191 2769 1368 2839 Fateamur
1389 2791 1466 2860 ergo
1480 2768 1617 2856 lactum,
1634 2770 1807 2857 minorem;
1822 2769 1931 2838 ainus

282 2896 316 3000 ᾗ·
327 2906 389 3000 Εἴ
404 2896 475 2955 tum
491 2886 670 2971 minorem,
686 2885 723 2954 in
740 2892 904 2977 quantum
926 2885 1069 2971 lactum3
1092 2893 1125 2953 et
1143 2885 1180 2954 in
1193 2893 1323 2955 tantum
1337 2886 1479 2972 lactum,
1495 2886 1710 2978 inquantum
1723 2888 1852 2956 missum.
1864 2885 1933 2952 »te

283 3019 339 3064 uter.
404 3002 505 3071 babes
517 3001 597 3094 quia
614 3001 720 3070 Filius
737 3001 773 3069 in
787 3009 951 3095 quantum
965 3008 1014 3069 est
1028 2999 1159 3090 missus,
1179 3001 1287 3088 idest,
1303 3001 1421 3090 lactus,
1435 3002 1543 3071 minor
1559 3011 1608 3072 est
1622 3002 1732 3072 Patre.
1747 3003 1807 3073 Cur
1824 3001 1922 3091 ergoS'

404 3119 488 3188 ritus
509 3126 641 3189 sanctus
663 3140 731 3188 non
752 3118 872 3187 dicitur
888 3117 985 3188 Patre
1003 3116 1124 3206 minor,
1140 3140 1216 3188 cnm
1230 3126 1262 3188 et
1277 3119 1345 3213 ipse
1358 3126 1542 3190 creaturam
1555 3120 1783 3213 assumpserit,
1796 3121 1827 3189 in
1841 3138 1933 3213 qun
1986 3178 1987 3213 3

403 3236 538 3329 paruit?
552 3236 638 3318 Quia
661 3232 757 3305 aliter
776 3235 920 3328 Spiritus
942 3236 1118 3327 assumpsit
1136 3243 1320 3306 creaturam
1343 3237 1464 3330 inqua
1487 3238 1655 3329 apparuit,
1671 3238 1764 3305 aliter
1774 3237 1930 3305 Filius:nm
1986 3235 1987 3289 l

307 3402 309 3407 -
403 3352 509 3422 Filius
529 3352 650 3444 accepit
671 3375 730 3446 per
744 3352 901 3422 unionem
915 3374 1083 3445 personae,
1099 3351 1243 3444 Spiritus
1256 3376 1335 3424 vero
1349 3376 1428 3423 non.
1452 3352 1559 3422 Filius
1579 3352 1673 3422 enim
1685 3353 1798 3445 accepit
1811 3350 1930 3429 honum,
1985 3292 1988 3447 1

402 3470 450 3539 ita
461 3478 500 3540 nt
514 3468 608 3538 lieret
627 3469 727 3538 homo
739 3495 748 3556 3
768 3468 913 3561 Spiritus
929 3490 1008 3539 vero
1030 3476 1162 3539 sanctus
1178 3490 1245 3538 non
1260 3468 1307 3539 ita
1319 3469 1442 3562 accepit
1453 3469 1660 3554 columbam,
1678 3478 1716 3537 ut
1729 3469 1812 3537 tieret
1823 3463 1929 3535 etanta
1985 3450 1986 3453 ¹

402 3586 450 3656 De
462 3587 524 3657 hoc
537 3576 744 3676 Augustinui
761 3584 799 3654 in
822 3585 965 3654 seeundo
985 3584 1071 3654 libro
1085 3583 1126 3655 de
1142 3585 1306 3656 Trinitute
1329 3592 1340 3628 ⁸
1358 3586 1405 3655 ait
1427 3611 1435 3653 ι
1453 3611 1480 3672 Ιιι
1493 3586 1569 3654 ldoo
1591 3608 1757 3679 nusquam
1772 3583 1930 3674 scripturus

403 3703 493 3796 quod
514 3703 603 3773 Deris
618 3702 717 3773 Pater
738 3704 844 3795 major
863 3703 907 3772 sit
928 3702 1055 3795 Spiritu
1077 3711 1208 3789 sancto,
1223 3704 1276 3773 vel
1290 3703 1434 3795 Spiritus
1447 3710 1579 3771 sanetus
1591 3702 1706 3770 minor
1716 3701 1816 3785 Patre,
1828 3698 1884 3790 quia
1892 3714 1929 3762 ιιι

404 3820 449 3888 sio
462 3826 511 3889 est
526 3826 693 3911 assumpta
705 3826 871 3906 creatura,
887 3819 924 3887 in
936 3842 1004 3912 qua
1017 3828 1187 3912 appareret
1207 3818 1350 3911 Spiritus
1372 3828 1503 3887 sanctus
1516 3870 1524 3904 ,
1541 3817 1628 3887 sicut
1641 3826 1815 3908 assumptus
1825 3810 1930 3882 atta
1984 3832 1985 3905 ι

403 3936 548 4005 hominis
569 3937 605 4004 in
628 3958 696 4028 qua
708 3935 816 4005 lorma
829 3932 933 4028 ipsius
944 3936 1048 4007 Verbi
1069 3936 1130 4005 Dei
1142 3958 1282 4029 persona
1295 3942 1558 4028 praesentaretur,
1574 3956 1645 4003 non
1660 3933 1826 4003 uthaberet
1837 3926 1928 3997 Vultu

403 4051 477 4139 Dei,
491 4052 577 4121 sicut
592 4052 651 4121 alii
663 4052 767 4122 saneti
779 4052 952 4145 sapientes,
968 4053 1024 4122 sed
1038 4053 1127 4146 qnod
1141 4053 1251 4145 ipsum
1263 4051 1413 4122 Verbum
1428 4058 1509 4119 erat.
1526 4049 1630 4119 Aliud
1643 4059 1693 4119 ast
1704 4051 1785 4118 enim
1796 4038 1929 4115 Verbnnit
1983 4102 1984 4107 ,

404 4191 523 4257 carne,
539 4169 631 4239 aliud
652 4169 804 4240 Verbum
826 4191 925 4258 caro,
947 4170 982 4238 id
998 4176 1059 4256 est,
1077 4170 1170 4238 aliud
1182 4177 1231 4238 est
1243 4169 1392 4239 Verbum
1406 4166 1602 4252 inhomine,
1618 4166 1712 4236 aliud
1729 4158 1928 4235 Verbnntona
1982 4136 1984 4183 ²

404 4284 487 4356 Caro
500 4285 590 4355 enim
605 4308 664 4377 pro
676 4285 811 4356 homine
823 4285 929 4378 posita
941 4262 1037 4354 estin
1052 4309 1091 4355 eo
1104 4287 1193 4378 quod
1205 4286 1275 4354 ait*
1292 4308 1300 4352 ε
1318 4283 1453 4353 Verbum
1472 4307 1549 4353 caro
1558 4285 1695 4376 sactwn
1708 4294 1762 4351 est.
1777 4268 1929 4363 Noncrgus't

404 4411 572 4495 assumpta
593 4411 642 4472 est
658 4411 831 4489 ereatura,
852 4403 889 4471 in
906 4426 974 4496 qna
987 4402 1139 4496 apparuit
1153 4401 1297 4495 Spiritus
1310 4408 1454 4486 sanctus,
1468 4399 1553 4468 sicut
1570 4408 1739 4490 assumpta
1750 4405 1792 4466 est
1803 4389 1929 4462 ambae

404 4520 552 4606 humana
570 4519 677 4590 torma
694 4542 734 4589 ex
756 4520 897 4609 Virgine
916 4519 1033 4589 Maria.
1059 4519 1134 4588 Non
1156 4518 1244 4587 enim
1266 4517 1477 4602 columbam,
1492 4515 1545 4583 vel
1567 4515 1667 4583 illum
1685 4515 1808 4595 flatum,
1821 4506 1861 4575 vel
1870 4502 1927 4572 11111

403 4637 515 4728 ignem
529 4635 745 4723 beatificavit,
761 4636 890 4729 sibique
909 4635 946 4704 in
966 4636 1127 4705 unitatem
1145 4655 1293 4727 personae
1315 4632 1489 4725 conjunxit
1504 4631 1540 4698 in
1554 4639 1728 4700 aeternnm.
1743 4656 1760 4696 ι
1774 4627 1814 4695 Ει
1824 4614 1928 4716 petati

404 4762 514 4847 aperte
527 4762 695 4823 ostensum
717 4760 766 4823 est
786 4753 968 4823 secundnm
989 4752 1071 4846 quid
1093 4751 1199 4821 Filius
1212 4750 1343 4819 dicatur
1356 4748 1464 4818 minor
1475 4746 1586 4832 Patre,
1600 4754 1744 4839 etqnare
1756 4743 1842 4812 Filius
1850 4736 1927 4804 tau

406 4872 515 4942 minor
528 4871 638 4958 Patre,
652 4879 684 4940 et
698 4892 767 4940 non
781 4869 926 4961 Spiritus
938 4876 1080 4939 sanctus.

284 5014 344 5066 ouon
356 5014 391 5059 rs·
448 4987 638 5058 Notandum
659 4994 770 5057 autem
791 4987 878 5079 quod
901 4986 1007 5056 Filius
1021 5038 1030 5073 ,
1045 4985 1226 5055 secundum
1247 4982 1337 5076 qnod
1356 4981 1455 5051 homo
1474 4981 1580 5050 tactus
1592 4991 1654 5066 est,
1670 5001 1736 5048 non
1748 4982 1850 5044 tantun
1860 4967 1923 5037 Ptltt

284 5076 390 5184 Ἥῃζ
404 5106 462 5176 sed
487 5105 615 5198 Spiritu
640 5113 772 5191 sancto,
802 5112 835 5171 ct
861 5103 961 5173 etiam
987 5102 1113 5195 seipso,
1142 5101 1251 5170 minor
1280 5099 1412 5169 dicitur.
1441 5097 1483 5166 Et
1509 5096 1598 5188 quod
1634 5095 1731 5163 etiam
1763 5091 1845 5180 seipso
1860 5080 1924 5149 mltl‘

285 5203 392 5308 2⁰22?ss
407 5222 536 5291 dicatur
559 5220 741 5292 secundum
761 5219 902 5289 turmam
925 5218 1031 5305 servi,
1054 5218 1263 5307 Augustinus
1289 5214 1431 5284 ostendit
1454 5213 1490 5281 in
1512 5212 1620 5303 primo
1641 5197 1921 5279 librodelriaittttt

286 5329 392 5433 ‘w‘
407 5338 516 5409 diceus
533 5365 541 5409 ι
562 5338 797 5411 «Ειιινοιιιιιῐ
817 5335 989 5422 homines,
1004 5358 1044 5404 ea
1060 5357 1136 5427 quse
1156 5334 1197 5402 de
1214 5332 1345 5436 Christo
1366 5329 1546 5400 secundum
1563 5327 1729 5398 hominem
1740 5300 1921 5393 maenti

442 5492 451 5527 ¹
463 5492 579 5555 August,
588 5489 618 5540 de
633 5490 736 5551 Trr'ar't„
747 5488 793 5540 lib.
804 5490 848 5552 tv,
861 5502 885 5538 c.
899 5499 955 5551 ιιι,
967 5501 995 5537 n.
1006 5489 1099 5539 26.-²
1110 5485 1179 5550 Get,
1191 5496 1225 5549 tv,
1235 5482 1432 5549 t.-⁸Aug.,dc
1442 5481 1520 5546 ltin,
1530 5480 1577 5531 lib.
1589 5480 1629 5546 tl,
1642 5494 1666 5530 c.
1680 5488 1716 5541 vr,
1727 5491 1754 5528 n.
1769 5462 1919 5526 tte-‘Mel

408 5562 581 5627 tt.-⁸Aug.,
590 5560 620 5612 de
633 5561 711 5629 lita,
726 5559 772 5611 lib.
787 5562 807 5631 l,
821 5573 845 5610 c.
858 5570 942 5623 v11,n.
957 5561 996 5613 rt.
1365 5558 1373 5573 '
