4100 6300
568 452 756 520 HISTINGT.
777 452 827 517 IX.
850 452 939 519 ART.
963 454 989 520 1.
1011 456 1160 534 QUAEST.
1183 459 1208 525 l.
1627 472 1687 532 {¹15

87 591 175 668 tem,
194 587 249 652 sed
268 587 481 672 privationem
493 589 658 673 principii,
671 594 702 654 et
715 607 772 673 per
784 590 857 668 hoc,
914 608 990 655 cum
1007 611 1153 677 persona.
1169 594 1257 661 Unde
1272 596 1363 662 nulla
1376 599 1413 661 flt
1434 600 1569 666 mutatio
1585 601 1618 665 in
1632 603 1687 668 illa

87 714 251 760 summam
263 696 538 779 principalitatem.
681 724 684 731 Δ
914 704 1042 767 natura.
1113 766 1119 779 ,

402 886 469 933 „,„
494 885 550 932 Π,
1148 842 1397 912 laricanus
1418 844 1445 911 1.

358 1001 431 1062 0⁰⁰⁶
445 1002 595 1053 mm·
953 1016 1003 1080 Ad
1021 1017 1267 1101 intelligentiam
1286 1038 1400 1085 eorum
1419 1039 1494 1103 quae
1516 1022 1591 1087 dicit
1616 1022 1684 1089 Ma-

129 1124 238 1190 lnnuit
252 1123 392 1190 Hilarius
404 1125 532 1191 hictale
547 1128 777 1208 argumentum
796 1143 804 1187 ε
824 1123 857 1189 Si
913 1123 1013 1203 gister
1035 1126 1074 1191 dc
1094 1128 1299 1209 generatione
1321 1133 1459 1206 aeterna,
1481 1130 1516 1194 in
1536 1133 1686 1214 praesenti

84 1231 187 1296 Filius
224 1251 291 1296 non
318 1236 367 1297 est
388 1237 579 1315 generatus,
607 1233 675 1296 sive
696 1235 791 1296 natus
817 1231 858 1295 ab
912 1230 1112 1298 distinctione
1132 1239 1271 1317 quatuor
1291 1236 1507 1319 principalitar
1528 1256 1685 1320 quaerun-

84 1342 218 1417 aeterno,
239 1340 404 1421 generatio
420 1343 491 1423 ejus
503 1357 568 1405 non
591 1345 639 1404 est
655 1342 775 1403 aeterna
795 1360 803 1403 ε
826 1341 858 1403 et
911 1343 985 1403 tur:
1001 1341 1106 1423 primo
1127 1344 1302 1426 quaritur,
1325 1348 1437 1409 utrum
1458 1346 1492 1409 in
1517 1345 1635 1411 divinia
1646 1349 1686 1412 sit

83 1447 202 1525 sihor,
218 1446 310 1512 Pater
325 1467 392 1513 non
407 1451 540 1530 generat
552 1448 593 1512 ab
609 1451 730 1511 artemo
747 1469 756 1508 ι
778 1465 857 1528 ergo
911 1449 1059 1529 ponenda
1077 1451 1242 1532 generatio
1254 1471 1262 1530 ;
1274 1453 1426 1531 secundo,
1441 1453 1515 1517 dato
1528 1456 1615 1536 quod
1629 1456 1682 1535 sit,

84 1554 179 1619 Pater
199 1574 267 1620 non
282 1558 331 1619 est
349 1560 488 1621 aeternus
510 1575 518 1619 :
542 1573 621 1637 ergo
644 1556 701 1638 qui
723 1555 857 1638 derogat
911 1559 1023 1619 utrum
1037 1558 1200 1637 generatio
1211 1557 1246 1621 in
1260 1558 1375 1622 diuinis
1392 1560 1432 1624 sit
1445 1562 1592 1642 ponenda
1605 1582 1682 1646 per-

82 1664 253 1727 aeternitati
277 1663 371 1742 Filii,
396 1663 530 1744 derogat
554 1663 723 1727 aeternitati
742 1662 854 1729 Patris.
910 1661 1682 1746 sonarumdisctinctiva3tertioquaeritur‚utrum

83 1770 148 1835 Sed
159 1771 220 1835 ista
232 1772 313 1836 ratio
328 1790 395 1836 non
406 1771 533 1836 videtur
547 1773 663 1845 valere,
678 1772 856 1854 quiasimi-
909 1767 964 1832 illa
976 1769 1148 1863 'generatio
1170 1770 1212 1833 sit
1228 1775 1364 1849 eterna,
1384 1776 1497 1854 quarto
1518 1777 1550 1836 et
1568 1773 1684 1840 ultimo

80 1878 158 1942 liter
176 1898 387 1961 egoerguam
400 1897 441 1943 ex
453 1883 543 1962 parte
559 1877 714 1943 lineatoris
725 1884 757 1943 et
769 1898 856 1944 crea·
910 1876 1085 1958 quaritur,
1109 1880 1221 1941 utrum
1242 1876 1297 1941 illa
1320 1878 1485 1959 generatio
1508 1879 1549 1943 sit
1570 1882 1683 1945 termi-

81 1990 168 2050 turae
183 2009 191 2049 :
209 1987 264 2051 sed
287 1992 433 2051 creatura
455 2005 521 2051 non
547 1990 595 2051 est
617 1989 735 2051 aeterna
756 2009 765 2065 ;
790 2006 856 2052 non
911 1985 998 2047 nata.
1202 2070 1209 2083 .

82 2096 172 2159 enim
185 2095 225 2158 ab
238 2098 358 2159 aeterno
372 2095 490 2161 creavit
503 2094 656 2159 Heuszet
669 2094 714 2158 ita
725 2113 793 2159 non
808 2100 856 2160 est
1183 2129 1368 2208 QUAESTIO·
1389 2131 1413 2195 1·

82 2201 213 2267 Creator
225 2206 377 2267 eternus.
1363 2194 1368 2212 ‘

124 2308 216 2393 Hesp.
231 2309 406 2373 Dicendum
418 2309 505 2391 quod
524 2326 591 2374 non
606 2311 653 2373 est
665 2307 786 2386 simile,
807 2310 853 2373 si·
1003 2264 1051 2320 ⁴4²²
1064 2266 1095 2320 ’.η
1108 2263 1211 2321 &cents
1222 2269 1359 2335 99Μο
1369 2266 1496 2339 P⁰m⁴¹⁰
1509 2270 1547 2323 stt
1563 2269 1583 2324 ¹·

81 2420 139 2480 cut
161 2420 247 2499 patet
270 2435 311 2481 ex
339 2415 483 2499 sequenti
507 2417 578 2498 ejus
600 2415 687 2497 quod
715 2414 854 2479 Hilarius
949 2414 1040 2491 Quod
1060 2416 1226 2496 generatio
1243 2418 1284 2480 sit
1300 2419 1335 2481 in
1355 2419 1489 2499 divinis,
1505 2422 1681 2486 ostenditur
1781 2462 1802 2493 t

81 2524 245 2606 supponit,
261 2523 347 2605 quod
359 2542 427 2588 esse
445 2527 568 2605 patrem
582 2523 624 2586 sit
636 2523 762 2606 proprie
773 2541 853 2606 pro-
908 2521 1013 2603 primo
1026 2541 1046 2586 a
1058 2522 1186 2587 minori.
1199 2523 1298 2591 Multo
1312 2525 1425 2592 fortius
1436 2527 1529 2590 debet
1540 2544 1607 2592 esse
1622 2547 1681 2609 ge·
1696 2524 1745 2554 '¹¹⁶¹
1769 2544 1774 2556 ·

80 2631 192 2714 prium
209 2630 295 2695 illius
315 2649 458 2713 persone
473 2654 480 2694 :
494 2648 585 2712 ergo,
602 2636 677 2694 cum
690 2631 753 2695 tale
770 2649 853 2695 sem-
907 2629 1030 2693 nera'tio
1043 2630 1194 2713 incoqui
1216 2633 1455 2712 generationem
1469 2634 1538 2698 aliis
1550 2635 1675 2712 tribuit,

79 2756 140 2821 per
152 2738 329 2817 conveniat,
344 2742 401 2802 aut
415 2738 506 2802 aliter
521 2756 573 2802 res
591 2757 655 2802 uon
674 2738 853 2804 hebetasse
908 2756 1007 2819 quam
1032 2738 1067 2800 in
1084 2738 1134 2801 his
1154 2757 1228 2821 quae
1250 2740 1410 2822 recipiunt
1422 2762 1430 2805 :
1444 2742 1499 2806 sed
1513 2744 1679 2823 generatio

78 2845 269 2927 perlectum,
284 2846 429 2928 sequitur
453 2845 491 2909 de
510 2845 710 2925 necessitate,
726 2851 783 2910 aut
795 2846 853 2910 Fi·
907 2844 1000 2908 estin
1014 2846 1168 2910 creaturis
1183 2865 1192 2909 ε
1208 2864 1287 2927 ergo
1300 2847 1378 2910 etin
1396 2846 1460 2912 lieo
1481 2850 1538 2932 qui
1555 2850 1678 2914 tribuit.

77 2952 145 3016 lius
158 2956 206 3016 est
222 2956 377 3032 aetarnus,
391 2957 447 3018 aut
467 2951 560 3016 Pater
580 2954 621 3016 ab
644 2957 765 3019 aeterno
786 2972 852 3019 non
908 2951 1160 3035 chocestquod
1170 2953 1288 3017 dicitur
1299 2953 1333 3016 in
1346 2952 1427 3017 isaia
1438 2960 1470 3016 ²:
1487 2953 1527 3019 st
1543 2971 1598 3035 cpe
1614 2957 1673 3037 qui

76 3060 178 3124 hebet
197 3079 265 3125 esse
288 3061 462 3145 perlectum
474 3083 481 3124 :
495 3078 602 3125 creare
614 3079 712 3138 rere,
730 3061 788 3125 etsi
802 3080 852 3126 so-
906 3062 1143 3140 permotionem
1154 3061 1231 3127 alita
1241 3060 1358 3137 tribaca,
1372 3062 1493 3129 sterilia
1503 3062 1555 3129 eto
1565 3061 1582 3124 2
1594 3062 1678 3130 dicit

75 3169 144 3234 lius
166 3168 219 3234 Hei
244 3170 303 3250 sit,
327 3173 436 3233 tamen
450 3168 571 3233 ratione
584 3170 744 3234 connotali
756 3168 853 3234 habet
907 3167 1081 3248 Dominus;
1090 3169 1182 3252 quasi
1195 3169 1278 3232 dicat
1290 3184 1367 3235 uon.

76 3279 555 3362 imperletionemconjunctam,
566 3278 742 3343 secundum
752 3297 852 3362 quiam
947 3276 1041 3357 Item,
1056 3278 1232 3343 ostenditur
1253 3278 1334 3343 illud
1356 3278 1441 3343 idem
1458 3297 1479 3343 a
1498 3281 1676 3361 posteriori.

73 3406 145 3453 non
156 3391 283 3454 tantum
302 3388 511 3472 impossibile,
526 3388 582 3453 sed
602 3388 698 3453 etiam
717 3408 783 3454 non
797 3391 852 3456 in·
907 3383 967 3449 Per
980 3385 1070 3467 prius
1087 3385 1174 3449 enim
1193 3387 1241 3448 est
1257 3385 1429 3465 paternitas
1446 3384 1482 3447 in
1502 3384 1566 3449 ileo
1580 3405 1680 3468 quam

73 3494 244 3577 telligibile
258 3499 306 3560 est
318 3495 437 3578 aliquid
447 3495 489 3558 ab
501 3499 622 3559 aeterno
637 3496 749 3560 creari.
905 3496 940 3560 in
952 3500 1097 3561 creatura
1108 3517 1116 3560 ι
1129 3495 1184 3560 sed
1197 3496 1369 3577 paternitas
1380 3499 1412 3559 et
1422 3497 1587 3576 generatio
1601 3516 1677 3562 vere

905 3608 954 3669 est
965 3604 1000 3668 in
1014 3608 1180 3668 ereatura:
1196 3605 1320 3685 ergoet
1335 3602 1369 3666 in
1384 3602 1457 3666 lieo.
1477 3602 1569 3680 Quod
1584 3606 1676 3688 prius

904 3712 945 3775 sit
957 3711 1014 3791 ibi,
1030 3711 1107 3775 dicit
1118 3710 1308 3792 Apostolns³
1319 3709 1519 3793 adEphesios
1529 3733 1537 3775 :
1548 3710 1677 3794 anue

225 3795 277 3848 ⁸⁰d
288 3795 402 3861 scipsum
415 3796 547 3847 domuere
559 3795 702 3847 namuco.
903 3822 1008 3886 omnia
1027 3820 1208 3901 potentias
1221 3819 1260 3884 in
1273 3819 1360 3897 coeto,
1375 3823 1405 3884 et
1416 3820 1454 3883 iu
1468 3825 1554 3886 terro
1568 3822 1673 3887 nomi-

116 3918 235 3985 Gontra
251 3942 259 3985 ε
276 3919 356 3997 Quia
372 3921 550 3985 seeundum
569 3920 641 3998 hoc,
659 3938 733 3984 cum
747 3918 848 3985 Filius
905 3931 1019 3994 natur.

72 4026 131 4092 Ilei
144 4028 238 4111 prius
252 4033 344 4109 esset,
365 4034 397 4093 et
418 4033 527 4112 postea
542 4047 583 4093 ex
604 4028 732 4110 virgine
742 4033 847 4107 natus,
944 4034 1035 4112 Item,
1053 4033 1230 4099 ostenditur
1246 4034 1308 4098 Hoc
1323 4034 1429 4117 ipsum
1442 4053 1462 4098 a
1474 4034 1585 4113 simili;
1600 4037 1678 4118 quia

73 4135 120 4199 sic
134 4154 214 4218 ergo
224 4141 305 4201 esset
315 4141 469 4202 mutatus.
904 4159 1000 4206 omna
1019 4141 1108 4224 quod
1128 4141 1328 4224 perfectionis
1350 4145 1418 4223 est,
1433 4142 1675 4207 attribuendum

116 4241 212 4326 Hesp.
233 4244 425 4324 Dicendum,
440 4245 524 4327 quod
540 4243 681 4308 Hilarius
700 4241 850 4323 intelligit
904 4254 952 4313 est
964 4248 1037 4327 Heu,
1058 4248 1093 4312 in
1106 4266 1171 4331 quo
1185 4253 1232 4312 est
1245 4266 1373 4313 summa
1386 4248 1491 4312 omnis
1509 4249 1676 4331 perfectio-

70 4351 255 4416 secundum
289 4353 434 4417 eamdem
467 4357 642 4430 naturam,
672 4350 849 4414 secundum
903 4354 954 4418 nis
968 4376 976 4418 ι
992 4352 1048 4418 sed
1063 4352 1228 4435 generatio
1250 4356 1298 4417 est
1319 4353 1522 4436 perfectionis
1535 4355 1570 4417 in
1585 4372 1674 4418 crea·

69 4460 364 4542 quampriuserat;
378 4461 405 4524 si
418 4459 693 4525 enimsecundum
703 4458 847 4523 eamdem
901 4466 987 4538 tura,
1000 4464 1037 4524 ut
1053 4459 1124 4524 vult
1143 4459 1358 4542 Philosophus
1371 4461 1480 4543 ⁸,quia
1497 4461 1674 4542 perlectum
1707 4471 1710 4476 ’

69 4579 226 4674 naturqm
243 4576 334 4660 prius
350 4581 598 4660 erat,.etpostea
612 4578 777 4653 natusest,
791 4593 850 4640 ne-
903 4574 950 4633 est
980 4567 1066 4652 quod
1100 4570 1203 4649 potest
1245 4585 1400 4648 generare
1442 4566 1536 4649 quale
1567 4567 1675 4649 ipsum

71 4704 164 4751 cesse
190 4689 237 4750 est
265 4685 352 4769 quod
380 4686 558 4750 secundum
584 4685 673 4748 illam
696 4688 848 4749 naturam
903 4681 951 4741 est
965 4699 973 4740 ι
987 4693 1077 4757 ergo,
1092 4679 1156 4739 etc.

69 4796 218 4858 mutatus
235 4793 300 4857 sit:
323 4794 379 4858 scd
399 4794 425 4858 si
443 4793 619 4858 secundum
639 4792 735 4856 aliam
749 4795 848 4857 natu.
943 4784 1043 4864 ltem,
1058 4783 1136 4847 illud
1154 4782 1239 4847 idem
1257 4782 1434 4847 ostenditur
1457 4781 1512 4846 illa
1526 4782 1671 4848 ratione:

69 4919 157 4977 ram,
170 4904 294 4984 oportet
302 4902 512 4966 mutationem
523 4900 702 4965 fleriinilla
714 4905 845 4965 natura:
903 4895 1017 4959 Divina
1039 4896 1155 4957 natura
1167 4896 1214 4956 est
1226 4909 1352 4956 summe
1364 4891 1460 4970 hona,
1476 4895 1508 4956 et
1519 4891 1674 4956 ecmelis·

70 5008 129 5072 sed
140 5027 209 5073 non
222 5009 257 5072 in
269 5027 417 5092 persona,
431 5026 507 5073 eum
523 5007 577 5072 illa
588 5011 704 5072 natura
716 5025 784 5071 non
794 5006 848 5071 di·
901 5004 982 5068 aima
1000 5024 1008 5066 :
1024 5020 1104 5083 ergo
1117 5007 1242 5066 summe
1255 5003 1372 5083 potest,
1390 5002 1422 5063 et
1440 4998 1510 5064 vult
1529 5017 1563 5063 se
1585 5017 1675 5063 com-

68 5120 124 5181 cat
147 5115 267 5199 aliquid
291 5117 327 5180 in
349 5133 495 5199 persona,
524 5116 579 5180 sed
602 5115 706 5196 magis
727 5113 848 5197 aliqrrid
900 5111 1065 5175 manicare
1078 5128 1087 5173 ε
1102 5109 1154 5175 sed
1173 5108 1277 5192 prima
1296 5110 1328 5171 et
1340 5124 1469 5171 summa
1490 5106 1571 5171 ratio
1583 5124 1672 5172 com-

105 5249 114 5285 ¹
126 5247 168 5312 Cf.
180 5249 254 5299 Alex.
265 5247 362 5312 tiens,
374 5263 400 5314 p.
411 5251 432 5312 l,
443 5263 469 5313 q.
482 5260 547 5312 inu,
557 5248 653 5299 mamb.
665 5251 691 5310 15
705 5249 732 5299 S.
742 5246 846 5310 Thom,
901 5259 927 5311 q.
938 5251 965 5308 1;
980 5243 1133 5308 Richardus,
1150 5244 1157 5291 l
1173 5242 1252 5304 Sent,
1266 5241 1324 5292 dist.
1336 5253 1380 5303 rx,
1394 5256 1420 5306 q.
1431 5253 1456 5304 ¹3
1476 5240 1627 5292 Franciscus
1639 5241 1671 5293 de

69 5336 99 5387 p.
115 5323 143 5386 l,
157 5336 183 5386 q.
193 5333 286 5386 nur,
300 5326 359 5378 artl
378 5326 404 5373 et
420 5326 451 5384 2;
465 5327 491 5372 et
509 5324 516 5372 l
534 5324 614 5373 suit..
629 5321 688 5370 dist.
700 5332 765 5384 rur,
781 5334 809 5385 q.
821 5331 845 5384 r,
900 5318 992 5382 Mayr,
1014 5317 1023 5366 l
1041 5314 1249 5377 Sent.‚diat.1v,
1269 5326 1296 5378 q.
1310 5325 1336 5376 r;
1359 5313 1451 5364 Tuom.
1466 5315 1538 5378 Arg„
1560 5314 1570 5363 1
1589 5312 1673 5376 Sem,

68 5396 120 5445 art.
132 5399 164 5457 l;
186 5396 293 5457 scotus,
315 5395 326 5444 l
340 5394 420 5456 sent,
434 5392 492 5445 dist.
503 5405 539 5455 u,
554 5407 579 5458 q.
590 5403 616 5442 vr
623 5407 632 5457 3
647 5391 742 5457 AEgld,
757 5393 844 5455 Rom,
899 5389 958 5440 diet.
966 5400 1002 5452 iv,
1013 5402 1040 5454 q.
1050 5400 1069 5448 1,
1080 5391 1130 5438 ert.
1139 5387 1291 5448 l.-²lsai.,
1300 5396 1371 5450 atvs,
1380 5384 1454 5437 9.-⁸
1464 5385 1566 5450 Epicu,
1574 5395 1616 5448 111,
1628 5389 1669 5437 lt.

69 5467 80 5516 1
97 5464 181 5526 Seni,
202 5465 264 5515 dist.
276 5476 318 5528 ru,
332 5479 357 5529 q.
367 5477 393 5529 1;
408 5466 549 5530 chricus,
562 5464 590 5516 in
604 5464 707 5515 Samma
714 5501 724 5528 ,
737 5468 785 5515 art.
795 5475 843 5528 xx,
898 5461 1043 5523 -mrut,
1055 5459 1086 5510 de
1099 5460 1206 5520 Anima,
1221 5457 1265 5508 lib.
1279 5458 1301 5507 ll
1309 5494 1319 5521 ,
1334 5460 1404 5508 cont.
1413 5457 1453 5508 ³4.

388 3680 456 3725 DUB.
475 3679 543 3726 XVI.
