4100 6300
510 497 851 565 111811111111111.
874 498 913 561 ΙΙ.
936 497 1085 575 QUAEST.
1109 499 1133 563 1.
1592 503 1651 564 473

82 637 160 720 parte
175 634 218 697 rei
234 632 393 713 absolute,
411 634 620 700 nihilominus
640 639 741 718 potest
761 652 829 699 esse
883 634 964 699 ritus
1003 639 1131 700 sauctus
1170 639 1251 700 esset
1286 635 1481 719 principium
1517 634 1654 717 Spiritus

26 784 63 845 ,ἓ
82 745 187 825 aparte
199 740 446 822 significationis.
474 783 480 793 ·

883 744 1000 821 saneti3
1026 761 1092 806 non
1118 761 1283 826 personae,
1309 741 1385 823 quia
1406 746 1483 805 tunc
1504 741 1597 807 Pater
1623 747 1655 808 et

884 847 982 912 Filius
995 852 1100 914 essent
1114 868 1179 914 una
1192 866 1327 932 persona
1342 870 1349 912 :
1366 867 1444 930 ergo
1458 848 1605 913 notionis.

924 955 984 1020 Sed
1009 960 1119 1020 contra
1145 978 1152 1019 ε
1175 955 1209 1019 Si
1235 953 1328 1020 Pater
1351 959 1383 1018 et
1403 953 1506 1018 Filius
1527 958 1655 1037 propter

883 1063 1041 1128 unitatem
1063 1062 1203 1127 notionis
1228 1062 1380 1127 dicuntur
1402 1081 1507 1127 unum
1533 1063 1655 1144 prinei-

884 1169 994 1251 pium,
1010 1188 1089 1251 ergo
1104 1169 1145 1233 ab
1165 1169 1317 1252 oppositis
1335 1168 1427 1233 Pater
1439 1173 1568 1254 propter
1581 1170 1655 1252 ptu-

291 979 533 1051 ARTICULUS
555 984 597 1051 11.

27 1157 32 1243 s
49 1144 65 1171 Ἠ
113 1169 333 1250 Consequenter
346 1172 393 1232 θεῖ
410 1170 543 1250 quaestio
562 1170 601 1234 de
617 1172 756 1236 seeundo
775 1192 829 1237 er-

27 1349 28 1353 *
74 1275 181 1352 tiemo,
203 1273 317 1339 seilicet
339 1275 378 1338 de
398 1274 519 1340 unitate
539 1275 639 1358 hujus
666 1279 826 1356 nominis,

72 1384 280 1466 Principium,
300 1388 331 1448 et
349 1385 433 1448 circa
446 1384 507 1450 hoe
520 1391 712 1467 quaeruntur
734 1388 798 1454 duo
819 1409 827 1454 τ

27 1482 51 1501 ““
71 1493 167 1574 primo
176 1492 328 1574 quaeritur
338 1497 448 1555 utrum
457 1490 549 1556 Peter
557 1497 590 1556 et
598 1492 622 1555 F
625 1493 699 1557 ilius
707 1496 831 1576 possint

71 1599 128 1662 dici
148 1618 250 1664 uuum
268 1599 461 1682 principium
483 1598 620 1682 Spiritus
638 1602 756 1682 sancti;
778 1622 830 1668 εθ-

70 1706 179 1784 cundo,
204 1710 315 1770 utrum
340 1706 459 1787 possint
481 1707 543 1770 dici
565 1727 650 1771 unus
670 1709 833 1792 Spirator.

45 1804 52 1825 ⁸
69 1814 117 1877 vel
129 1812 212 1877 idem
227 1813 421 1897 principium
435 1812 573 1896 Spiritus
585 1815 696 1879 sancti.

323 2060 527 2140 QUAESTIO
548 2064 573 2128 l.

27 2250 30 2287 5
65 2214 109 2271 Aa
121 2216 200 2271 Peter
208 2218 234 2271 et
243 2216 332 2272 Filias
344 2232 426 2272 onom
434 2219 603 2289 principium
612 2220 732 2290 spirituo
745 2222 832 2275 coacti

347 2306 402 2362 dici
412 2310 517 2381 possint
531 2308 550 2364 ¹.

101 2455 191 2532 Quod
207 2462 341 2540 possunt
354 2457 413 2523 diei
432 2478 536 2523 unum
555 2459 745 2542 principium
765 2480 832 2525 esse

884 1275 1039 1340 ralitatem
1062 1277 1200 1341 notionis
1219 1281 1323 1359 potest
1338 1275 1402 1340 dici
1423 1276 1516 1360 plura
1535 1275 1655 1360 prinei·

888 1402 952 1467 pla.
1071 1422 1085 1448 ο

924 1498 953 1556 t.
972 1492 1068 1569 item,
1088 1491 1115 1553 si
1129 1489 1222 1554 Pater
1239 1494 1286 1554 est
1303 1490 1496 1572 principium
1517 1488 1653 1573 Spiritus

885 1600 1002 1672 saneti,
1018 1602 1050 1662 θῖ
1065 1597 1166 1661 Filius
1186 1597 1397 1680 principium,
1413 1601 1444 1661 et
1460 1597 1522 1660 hoc
1534 1596 1656 1678 princi-

885 1707 975 1790 pium
988 1723 1054 1769 non
1069 1709 1116 1768 est
1127 1704 1226 1783 illud,
1239 1721 1318 1785 ergo
1332 1703 1396 1767 duo
1409 1702 1574 1785 principia.

925 1818 954 1876 3.
972 1813 1051 1876 Item
1059 1859 1070 1891 ,
1084 1810 1178 1875 Pater
1194 1814 1225 1875 et
1236 1810 1260 1873 F
1261 1810 1335 1875 ilius
1352 1814 1428 1874 suut
1441 1827 1545 1873 unum
1563 1810 1657 1892 prin-

886 1922 1006 2003 cipium
1021 1941 1028 1984 :
1042 1937 1120 2000 ergo
1132 1936 1236 1982 unum
1249 1917 1443 2001 principium
1457 1922 1504 1980 est
1518 1915 1610 1981 Pater
1623 1922 1655 1982 et

888 2028 985 2092 Filius
1002 2050 1009 2088 ι
1026 2032 1057 2091 et
1071 2027 1098 2089 si
1112 2025 1184 2102 hoe,
1199 2044 1277 2107 ergo
1289 2023 1382 2089 Pater
1393 2028 1441 2089 est
1452 2024 1564 2088 Filius.

925 2139 957 2198 ῖ.
981 2134 1078 2212 ltem,
1101 2134 1127 2196 si
1145 2150 1250 2197 unum
1270 2136 1345 2195 sunt
1364 2131 1576 2215 principium,
1600 2132 1655 2193 aut

885 2260 989 2306 uuum
1011 2241 1097 2323 quod
1112 2243 1159 2304 est
1177 2239 1287 2317 Pater,
1302 2243 1359 2301 aut
1370 2256 1475 2302 unum
1493 2237 1577 2320 quod
1590 2256 1657 2302 non

885 2352 933 2413 est
955 2346 1047 2411 Pater
1070 2366 1078 2410 τ
1101 2348 1128 2410 si
1149 2365 1253 2411 unum
1274 2347 1361 2428 quod
1382 2350 1429 2410 est
1449 2344 1556 2425 Pater,
1578 2364 1657 2427 ergo

886 2456 979 2521 Pater
1002 2461 1034 2519 et
1057 2455 1157 2519 Filius
1171 2458 1248 2519 sunt
1267 2452 1377 2531 Pater;
1398 2454 1425 2516 si
1446 2471 1550 2516 unum
1569 2455 1655 2536 quod

885 2584 950 2629 uon
981 2568 1029 2628 est
1054 2563 1164 2640 Pater,
1193 2580 1272 2643 ergo
1299 2560 1493 2644 principium
1521 2559 1657 2643 Spiritus

886 2674 985 2738 saneti
1007 2690 1073 2735 non
1096 2675 1143 2735 est
1166 2669 1257 2734 Pater
1281 2692 1288 2733 :
1311 2687 1390 2750 ergo
1410 2666 1502 2732 Pater
1521 2684 1588 2731 non
1609 2670 1656 2731 est

886 2779 1080 2864 principium
1096 2776 1232 2861 Spiritus
1243 2776 1352 2839 saneti.

27 2618 28 2621 ,
44 2620 46 2623 ,
62 2561 198 2644 Spiritus
212 2565 324 2641 sancii,
341 2566 467 2630 videtur
480 2567 515 2629 in
533 2565 653 2645 littera,
675 2567 730 2631 ubi
750 2569 832 2632 diei-

59 2675 131 2734 tur:
148 2671 355 2737 «Fatendum
368 2678 415 2736 cst
425 2672 549 2738 Patrem
559 2678 590 2738 et
599 2673 716 2738 Filium
727 2695 832 2741 unum

27 2839 32 2845 .
58 2779 257 2861 principium
270 2799 336 2845 esse
350 2780 485 2863 Spiritus
498 2781 607 2844 saneti.
624 2803 640 2840 n

27 2950 30 2955 .
98 2886 180 2951 Item
193 2888 322 2952 ratione
340 2889 485 2967 videtur,
501 2889 578 2970 quia
594 2889 694 2953 unius
713 2890 832 2972 prinei-

27 3044 28 3047 ,
55 2989 134 3071 piati
156 3009 266 3054 unum
282 2994 329 3054 est
345 2991 539 3073 principium
559 2991 593 3056 in
608 3011 674 3056 uuo
688 3011 806 3074 genere
822 3016 829 3057 :

55 3098 110 3162 sed
133 3097 279 3181 Spiritus
293 3102 420 3163 sanetus
439 3117 526 3163 unus
546 3103 593 3164 est
613 3118 621 3163 :
643 3117 722 3182 ergo
739 3101 834 3167 habet

54 3223 162 3269 unum
186 3206 385 3288 principium
409 3225 418 3269 ε
442 3225 521 3287 ergo
545 3208 572 3270 si
594 3208 777 3272 immediate
802 3214 833 3274 et

51 3314 195 3394 perfecte
210 3317 261 3377 est
275 3332 294 3376 a
307 3312 398 3378 Patre
412 3318 443 3377 et
457 3314 548 3394 Filio,
563 3318 639 3379 sunt
651 3334 728 3397 ergo
742 3314 834 3381 Pater

48 3424 82 3483 et
95 3419 205 3484 Filius
217 3439 322 3484 unum
337 3422 541 3503 principium.

93 3528 179 3591 Item
201 3528 298 3592 Pater
319 3534 350 3592 et
372 3528 473 3592 Filius
495 3530 617 3612 spirant
641 3552 648 3594 :
676 3508 732 3593 aut
754 3548 833 3611 ergo

48 3656 120 3700 una
134 3637 299 3720 potentia,
310 3642 365 3700 aut
374 3637 499 3700 duabus
511 3660 518 3700 :
532 3637 746 3721 constatquod
755 3656 831 3720 una,

47 3746 129 3827 quia
143 3764 229 3809 eum
243 3745 279 3808 in
293 3745 339 3808 eis
354 3748 402 3808 est
414 3763 481 3807 uua
500 3745 652 3822 essentia,
666 3749 714 3808 est
726 3750 757 3809 et
770 3766 835 3810 uno

44 3856 203 3934 potentia
223 3877 230 3918 :
251 3872 330 3935 crgo
342 3872 417 3917 cum
433 3853 493 3934 ipsi
506 3854 650 3917 dieantur
662 3872 728 3916 esse
742 3855 834 3936 prin-

43 3961 181 4044 cipium
196 3962 321 4025 ratione
335 3962 501 4044 potentiae,
517 3967 549 4025 et
561 3980 628 4025 una
644 3962 684 4025 sit
695 3962 835 4044 potentia

42 4069 79 4132 in
95 4067 203 4133 Patre
217 4073 249 4132 et
263 4067 286 4131 F
288 4067 354 4146 ilio,
370 4071 466 4148 patet,
482 4071 542 4130 etc.

84 4175 100 4238 1
103 4181 176 4239 tem
190 4223 201 4254 ‚
227 4174 311 4237 sicut
327 4179 390 4236 tres
404 4190 546 4255 personae
567 4172 664 4236 uniea
677 4174 835 4238 creatione

38 4288 185 4358 creant,
212 4282 258 4343 ita
277 4280 350 4344 duae
374 4280 470 4343 unica
489 4279 659 4361 spiratione
681 4281 831 4362 spirant:

975 3120 981 3131 ,
1064 3058 1067 3148 j
1177 3007 1427 3112 concussio(

887 3229 1028 3300 Recipiter
1051 3241 1068 3281 a
1092 3223 1222 3280 Patribus
1246 3221 1399 3278 orthodonie
1421 3220 1475 3276 dec
1495 3221 1654 3275 sententio:

922 3320 1003 3373 Peter
1016 3319 1043 3371 et
1055 3316 1143 3370 Filius
1164 3318 1227 3369 sunt
1244 3329 1327 3368 unum
1345 3313 1515 3383 principium
1535 3310 1656 3381 Spiritus

921 3408 1029 3464 suncti:
1053 3404 1123 3476 quod
1136 3403 1241 3474 quidem
1251 3404 1420 3474 principiam
1433 3400 1501 3456 dicit
1511 3401 1646 3455 entitatem

923 3499 1067 3554 eommunis
1079 3498 1212 3558 notionis,
1227 3496 1258 3549 ia
1271 3494 1471 3565 comparatione
1488 3489 1525 3546 od
1539 3491 1657 3546 cucutia

922 3592 948 3644 et
959 3590 1001 3643 eis
1014 3588 1156 3659 spirattvae
1168 3585 1312 3640 unitatem.

927 3755 1021 3837 Resp.
1037 3753 1076 3817 ad
1098 3753 1236 3833 Argum.
1251 3749 1424 3813 Dicendum
1445 3746 1532 3830 quod
1545 3763 1657 3810 omnes

886 3865 980 3927 istam
1007 3861 1185 3925 concedunt
1213 3877 1220 3920 ε
1251 3856 1379 3921 «Pater
1399 3860 1430 3921 et
1453 3853 1554 3919 Filius
1579 3857 1656 3918 sunt

887 3988 991 4036 unum
1005 3967 1196 4051 principium
1207 3966 1342 4049 Spiritus
1350 3963 1486 4041 sancti»
1502 3962 1655 4044 quoniam

887 4078 1091 4160 Augustinus
1103 4078 1197 4139 istam
1211 4072 1373 4157 proponit,
1390 4074 1422 4135 et
1439 4069 1530 4146 dieit;
1546 4052 1601 4132 sed
1620 4068 1655 4131 in

887 4186 982 4250 modo
993 4182 1190 4264 intelligendi
1208 4163 1472 4282 diversificantur.
1488 4173 1569 4238 Nam
1582 4175 1653 4257 qui-
1671 4220 1771 4278 ΜΗ

888 4292 962 4355 dam
975 4291 1085 4355 dicunt
1103 4289 1187 4370 quod
1204 4287 1265 4351 hoe
1281 4303 1415 4360 nomen,
1437 4284 1652 4365 principium,

35 4389 98 4453 sed
120 4394 219 4463 tres,
240 4386 424 4470 quiaunica
438 4386 596 4449 creatione
612 4390 737 4466 creant,
760 4392 836 4452 sunt

35 4516 160 4561 unum
192 4494 392 4578 principium
419 4499 572 4558 creaturae
602 4517 609 4558 :
639 4513 721 4576 ergo
739 4496 850 4583 duae,¹

32 4624 158 4669 unum
174 4602 378 4686 principium
392 4599 528 4684 Spiritus
544 4601 655 4664 sancti.

81 4713 222 4776 Contra
244 4732 251 4773 ε
280 4714 310 4772 t.
335 4709 415 4774 Cum
437 4707 552 4772 dieitur
570 4730 613 4770 :a
629 4706 710 4771 Sunt
732 4728 836 4773 unum

32 4818 260 4903 principium
272 4814 408 4897 Spiritus
419 4814 531 4892 sancti,
546 4836 561 4873 n
578 4820 749 4880 autunum
762 4817 837 4882 dicit

29 4927 224 4991 unitatem
245 4921 406 5000 essentiae,
427 4926 483 4985 aut
501 4920 655 4985 unitatem
675 4942 834 5005 personae,

27 5041 98 5100 aut
114 5031 277 5098 notionis
293 5050 381 5095 :non
399 5031 559 5110 essentie
576 5033 653 5114 quia
672 5037 751 5096 tunc
764 5033 836 5117 S'pi-

888 4416 955 4461 non
968 4397 1042 4461 dicit
1055 4395 1099 4459 ihi
1117 4392 1302 4472 essentiam,
1317 4411 1376 4456 nec
1396 4392 1579 4468 notionem,
1596 4406 1656 4451 nec

888 4522 1072 4587 personam;
1092 4502 1147 4567 sed
1163 4502 1238 4566 dicit
1250 4500 1504 4566 convenientiam
1517 4498 1656 4561 duarum

888 4629 1097 4695 personarum
1124 4610 1157 4673 in
1183 4609 1278 4673 unica
1311 4606 1450 4671 notione.
1482 4604 1521 4670 Et
1547 4604 1657 4667 dicunt

889 4719 989 4802 quod,
1003 4719 1083 4781 sicut
1100 4718 1160 4782 hoc
1180 4735 1313 4794 nomen,
1335 4717 1468 4794 Triduo,
1483 4711 1657 4796 specialiter

889 4831 936 4891 θεῖ
957 4826 1142 4908 impositum
1164 4825 1204 4888 ad
1223 4822 1448 4887 insinuandam
1471 4818 1656 4884 Trinitatem
1672 4864 1775 4921 sapae

889 4934 1143 5016 suppositorum,
1156 4936 1193 4995 ut
1206 4930 1403 4994 conveniunt
1413 4928 1447 4990 in
1460 4927 1583 4991 unitate
1595 4942 1655 4988 ua·

889 5023 987 5118 turae,
1001 5041 1045 5102 sie
1056 5039 1091 5103 in
1102 5037 1262 5122 proposito
1281 5036 1394 5100 dieunt
1406 5052 1439 5098 se
1451 5033 1580 5097 habere.
1596 5029 1668 5095 sed·

890 5150 1090 5208 tamencum
1110 5142 1233 5207 nonsit
1250 5141 1340 5205 facile
1362 5138 1547 5222 hujusmodi
1570 5136 1656 5220 posi-

890 5270 929 5320 to.
943 5271 1064 5330 Baceou.‚
1083 5269 1090 5317 Ι
1111 5271 1190 5330 Sept,
1210 5267 1268 5316 dist.
1280 5276 1335 5327 1111,
1351 5276 1414 5329 q.1;
1435 5264 1525 5313 Thom.
1541 5263 1656 5325 arpent,

892 5343 900 5389 Ι
916 5343 996 5396 Seni„
1012 5342 1070 5390 dist.
1086 5353 1129 5404 111,
1143 5355 1170 5404 q.
1182 5353 1204 5403 1,
1222 5342 1292 5389 arti
1308 5341 1334 5387 et
1345 5341 1376 5401 23
1396 5340 1484 5388 Petrus
1498 5336 1529 5385 de
1542 5336 1656 5396 Terent,

891 5415 900 5462 1
915 5415 994 5474 Sept,
1009 5412 1067 5463 dist.
1082 5424 1144 5463 xxm
1150 5449 1159 5477 ‚
1173 5426 1199 5476 q.
1210 5423 1227 5459 v
1232 5427 1240 5474 ;
1256 5409 1344 5473 suph.
1358 5407 1463 5472 Brutei,
1478 5410 1486 5458 1
1503 5407 1582 5470 Sena,
1597 5405 1656 5455 diet.

890 5497 967 5548 mx,
982 5499 1008 5548 q.
1018 5494 1058 5535 111.

66 5201 76 5234 ¹
90 5197 143 5259 Cf.
165 5194 249 5245 Alex.
268 5193 383 5255 atensis,
397 5208 423 5257 p.
440 5196 459 5254 t,
480 5207 504 5257 q.
518 5206 570 5244 m
578 5233 587 5258 ‚
601 5195 696 5245 memb.
707 5198 735 5258 3,
747 5199 794 5246 ort.
806 5199 835 5258 33

26 5274 59 5320 S.
73 5270 210 5329 Tuom„
225 5279 250 5328 p.
264 5267 289 5329 t,
304 5280 329 5328 q.
341 5277 438 5328 xxxvi,
453 5271 499 5315 art.
514 5269 527 5314 1
536 5281 544 5328 3
559 5269 639 5329 sect,
654 5270 662 5316 ῖ
681 5269 760 5330 Scat,
777 5269 835 5319 dist.

26 5355 93 5404 κη,
113 5353 147 5404 q.
165 5350 199 5401 15
215 5337 299 5400 AEgid.
311 5338 396 5400 Rom,
413 5339 419 5386 ῖ
439 5338 519 5400 sent,
534 5337 681 5398 distem,
696 5351 722 5401 q.
734 5350 763 5387 11]
770 5353 778 5401 3
792 5339 836 5388 Ri-

27 5413 179 5473 enardus,
199 5409 303 5469 iSent.,
317 5409 374 5459 dist.
387 5420 466 5472 xxix,
481 5423 508 5473 q.
520 5421 529 5459 1
538 5425 546 5473 ;
562 5409 712 5470 Duraudus,
731 5411 739 5458 Ι
757 5411 835 5469 Seni„

27 5487 97 5536 dist.
109 5495 160 5545 xi,
178 5490 271 5544 q.111;
285 5480 375 5530 Fraus.
385 5481 417 5530 de
429 5481 521 5545 Mitys,
533 5485 542 5533 l
555 5481 634 5545 sint,
645 5480 703 5531 dist.
715 5492 763 5544 111,
775 5495 801 5548 q.
811 5496 836 5546 13
