<?xml version="1.0" encoding="UTF-8"?>
<!DOCTYPE html PUBLIC "-//W3C//DTD XHTML 1.0 Transitional//EN"
    "http://www.w3.org/TR/xhtml1/DTD/xhtml1-transitional.dtd">
<html xmlns="http://www.w3.org/1999/xhtml" xml:lang="en" lang="en">
 <head>
  <title>
</title>
<meta http-equiv="Content-Type" content="text/html;charset=utf-8" />
  <meta name='ocr-system' content='tesseract 3.04.00' />
  <meta name='ocr-capabilities' content='ocr_page ocr_carea ocr_par ocr_line ocrx_word'/>
</head>
<body>
  <div class='ocr_page' id='page_1' title='image "./srecardinalissb00peltgoog_0513.png"; bbox 0 0 4100 6300; ppageno 0'>
   <div class='ocr_carea' id='block_1_1' title="bbox 453 415 1631 498">
    <p class='ocr_par' dir='ltr' id='par_1_1' title="bbox 453 415 1631 498">
     <span class='ocr_line' id='line_1_1' title="bbox 453 415 1631 498; baseline -0.002 -12"><span class='ocrx_word' id='word_1_1' title='bbox 453 419 553 486; x_wconf 86' lang='lat' dir='ltr'><strong>lllST.</strong></span> <span class='ocrx_word' id='word_1_2' title='bbox 575 417 653 485; x_wconf 83' lang='lat' dir='ltr'><strong>XlX.</strong></span> <span class='ocrx_word' id='word_1_3' title='bbox 675 416 792 484; x_wconf 80' lang='lat' dir='ltr'>PART.</span> <span class='ocrx_word' id='word_1_4' title='bbox 814 415 854 483; x_wconf 88' lang='lat' dir='ltr'><strong>ll.</strong></span> <span class='ocrx_word' id='word_1_5' title='bbox 873 417 964 484; x_wconf 72' lang='grc' dir='ltr'><strong>ΛΒΤ.</strong></span> <span class='ocrx_word' id='word_1_6' title='bbox 986 418 1012 484; x_wconf 89' lang='lat' dir='ltr'><strong>l.</strong></span> <span class='ocrx_word' id='word_1_7' title='bbox 1035 417 1183 498; x_wconf 77' lang='lat' dir='ltr'><strong>QUAEST.</strong></span> <span class='ocrx_word' id='word_1_8' title='bbox 1206 418 1245 483; x_wconf 92' lang='grc' dir='ltr'><strong>ΙΙ.</strong></span> <span class='ocrx_word' id='word_1_9' title='bbox 1347 483 1349 487; x_wconf 85' lang='grc'>,</span> <span class='ocrx_word' id='word_1_10' title='bbox 1570 423 1631 484; x_wconf 72' lang='grc'><strong>335</strong></span> 
     </span>
    </p>
   </div>
   <div class='ocr_carea' id='block_1_2' title="bbox 38 553 1629 2566">
    <p class='ocr_par' dir='ltr' id='par_1_2' title="bbox 41 553 1629 1280">
     <span class='ocr_line' id='line_1_2' title="bbox 82 553 1629 638; baseline -0.006 -14"><span class='ocrx_word' id='word_1_11' title='bbox 82 566 111 624; x_wconf 85' lang='lat' dir='ltr'><strong>t.</strong></span> <span class='ocrx_word' id='word_1_12' title='bbox 134 559 182 626; x_wconf 77' lang='lat' dir='ltr'><strong>Ad</strong></span> <span class='ocrx_word' id='word_1_13' title='bbox 203 557 281 623; x_wconf 87' lang='lat' dir='ltr'><strong>illud</strong></span> <span class='ocrx_word' id='word_1_14' title='bbox 305 572 384 637; x_wconf 79' lang='lat' dir='ltr'><strong>ergo</strong></span> <span class='ocrx_word' id='word_1_15' title='bbox 401 556 487 638; x_wconf 84' lang='lat' dir='ltr'><strong>quod</strong></span> <span class='ocrx_word' id='word_1_16' title='bbox 510 555 660 638; x_wconf 88' lang='lat' dir='ltr'><strong>objicitur</strong></span> <span class='ocrx_word' id='word_1_17' title='bbox 681 555 719 619; x_wconf 88' lang='lat' dir='ltr'><strong>de</strong></span> <span class='ocrx_word' id='word_1_18' title='bbox 737 553 806 618; x_wconf 83' lang='lat' dir='ltr'><strong>Au·</strong></span> <span class='ocrx_word' id='word_1_19' title='bbox 858 554 1047 637; x_wconf 87' lang='lat' dir='ltr'><strong>adsequens</strong></span> <span class='ocrx_word' id='word_1_20' title='bbox 1061 576 1068 620; x_wconf 94' lang='lat'>:</span> <span class='ocrx_word' id='word_1_21' title='bbox 1082 553 1507 638; x_wconf 71' lang='lat' dir='ltr'><strong>«Omuequodremovetum</strong></span> <span class='ocrx_word' id='word_1_22' title='bbox 1520 557 1629 632; x_wconf 78' lang='lat' dir='ltr'><strong>etc.;»</strong></span> 
     </span>
     <span class='ocr_line' id='line_1_3' title="bbox 45 658 1629 749; baseline -0.005 -18"><span class='ocrx_word' id='word_1_23' title='bbox 45 666 184 749; x_wconf 79' lang='lat' dir='ltr'><strong>gustino,</strong></span> <span class='ocrx_word' id='word_1_24' title='bbox 204 664 262 748; x_wconf 84' lang='lat' dir='ltr'><strong>qui</strong></span> <span class='ocrx_word' id='word_1_25' title='bbox 280 662 355 728; x_wconf 90' lang='lat' dir='ltr'><strong>dicit</strong></span> <span class='ocrx_word' id='word_1_26' title='bbox 374 662 459 745; x_wconf 90' lang='lat' dir='ltr'><strong>quod</strong></span> <span class='ocrx_word' id='word_1_27' title='bbox 472 666 538 727; x_wconf 86' lang='lat' dir='ltr'><strong>tota</strong></span> <span class='ocrx_word' id='word_1_28' title='bbox 555 663 708 744; x_wconf 79' lang='lat' dir='ltr'>essentia,</span> <span class='ocrx_word' id='word_1_29' title='bbox 730 666 803 741; x_wconf 82' lang='lat' dir='ltr'><strong>ete,</strong></span> <span class='ocrx_word' id='word_1_30' title='bbox 858 658 1032 725; x_wconf 88' lang='lat' dir='ltr'><strong>dicendum</strong></span> <span class='ocrx_word' id='word_1_31' title='bbox 1056 662 1142 744; x_wconf 86' lang='lat' dir='ltr'><strong>quod</strong></span> <span class='ocrx_word' id='word_1_32' title='bbox 1166 661 1227 726; x_wconf 88' lang='lat' dir='ltr'><strong>hoc</strong></span> <span class='ocrx_word' id='word_1_33' title='bbox 1253 678 1319 725; x_wconf 91' lang='lat' dir='ltr'><strong>non</strong></span> <span class='ocrx_word' id='word_1_34' title='bbox 1345 661 1450 725; x_wconf 88' lang='lat' dir='ltr'><strong>solum</strong></span> <span class='ocrx_word' id='word_1_35' title='bbox 1479 660 1629 725; x_wconf 89' lang='lat' dir='ltr'><strong>convenit</strong></span> 
     </span>
     <span class='ocr_line' id='line_1_4' title="bbox 44 767 1628 853; baseline -0.003 -16"><span class='ocrx_word' id='word_1_36' title='bbox 44 773 205 838; x_wconf 91' lang='lat' dir='ltr'><strong>dicendum</strong></span> <span class='ocrx_word' id='word_1_37' title='bbox 221 770 306 853; x_wconf 81' lang='lat' dir='ltr'><strong>quod</strong></span> <span class='ocrx_word' id='word_1_38' title='bbox 320 772 422 833; x_wconf 91' lang='lat' dir='ltr'><strong>totum</strong></span> <span class='ocrx_word' id='word_1_39' title='bbox 442 770 553 851; x_wconf 90' lang='lat' dir='ltr'><strong>accipit</strong></span> <span class='ocrx_word' id='word_1_40' title='bbox 572 788 630 853; x_wconf 89' lang='lat' dir='ltr'><strong>pro</strong></span> <span class='ocrx_word' id='word_1_41' title='bbox 649 770 802 853; x_wconf 80' lang='lat' dir='ltr'><strong>periect03</strong></span> <span class='ocrx_word' id='word_1_42' title='bbox 857 767 1003 834; x_wconf 84' lang='lat' dir='ltr'><strong>totalitati</strong></span> <span class='ocrx_word' id='word_1_43' title='bbox 1018 772 1164 852; x_wconf 88' lang='lat' dir='ltr'><strong>respectu</strong></span> <span class='ocrx_word' id='word_1_44' title='bbox 1181 769 1291 852; x_wconf 87' lang='lat' dir='ltr'><strong>partis,</strong></span> <span class='ocrx_word' id='word_1_45' title='bbox 1314 769 1370 834; x_wconf 91' lang='lat' dir='ltr'><strong>sed</strong></span> <span class='ocrx_word' id='word_1_46' title='bbox 1386 769 1484 833; x_wconf 87' lang='lat' dir='ltr'><strong>etiam</strong></span> <span class='ocrx_word' id='word_1_47' title='bbox 1498 768 1628 850; x_wconf 90' lang='lat' dir='ltr'><strong>plurali·</strong></span> 
     </span>
     <span class='ocr_line' id='line_1_5' title="bbox 44 875 1627 960; baseline -0.002 -16"><span class='ocrx_word' id='word_1_48' title='bbox 44 880 89 944; x_wconf 84' lang='lat' dir='ltr'><strong>rel</strong></span> <span class='ocrx_word' id='word_1_49' title='bbox 100 881 201 943; x_wconf 89' lang='lat' dir='ltr'><strong>totum</strong></span> <span class='ocrx_word' id='word_1_50' title='bbox 212 878 257 942; x_wconf 88' lang='lat' dir='ltr'><strong>ibi</strong></span> <span class='ocrx_word' id='word_1_51' title='bbox 267 876 421 960; x_wconf 87' lang='lat' dir='ltr'><strong>accipitur</strong></span> <span class='ocrx_word' id='word_1_52' title='bbox 433 876 602 960; x_wconf 84' lang='lat' dir='ltr'><strong>privative,</strong></span> <span class='ocrx_word' id='word_1_53' title='bbox 614 878 691 959; x_wconf 84' lang='lat' dir='ltr'><strong>quia</strong></span> <span class='ocrx_word' id='word_1_54' title='bbox 700 877 805 960; x_wconf 83' lang='lat' dir='ltr'><strong>privat</strong></span> <span class='ocrx_word' id='word_1_55' title='bbox 856 875 914 939; x_wconf 89' lang='lat' dir='ltr'><strong>tati</strong></span> <span class='ocrx_word' id='word_1_56' title='bbox 937 880 1083 959; x_wconf 87' lang='lat' dir='ltr'><strong>respectu</strong></span> <span class='ocrx_word' id='word_1_57' title='bbox 1105 876 1258 941; x_wconf 90' lang='lat' dir='ltr'><strong>unitatis:</strong></span> <span class='ocrx_word' id='word_1_58' title='bbox 1279 895 1365 959; x_wconf 73' lang='lat' dir='ltr'><strong>quae,</strong></span> <span class='ocrx_word' id='word_1_59' title='bbox 1388 876 1538 959; x_wconf 83' lang='lat' dir='ltr'><strong>quamvis</strong></span> <span class='ocrx_word' id='word_1_60' title='bbox 1559 894 1627 941; x_wconf 90' lang='lat' dir='ltr'><strong>nou</strong></span> 
     </span>
     <span class='ocr_line' id='line_1_6' title="bbox 42 982 1627 1068; baseline -0.002 -18"><span class='ocrx_word' id='word_1_61' title='bbox 42 985 109 1065; x_wconf 90' lang='lat' dir='ltr'><strong>hoc,</strong></span> <span class='ocrx_word' id='word_1_62' title='bbox 131 983 215 1068; x_wconf 86' lang='lat' dir='ltr'><strong>quod</strong></span> <span class='ocrx_word' id='word_1_63' title='bbox 240 988 381 1049; x_wconf 90' lang='lat' dir='ltr'><strong>estesse</strong></span> <span class='ocrx_word' id='word_1_64' title='bbox 407 987 532 1066; x_wconf 86' lang='lat' dir='ltr'><strong>partem</strong></span> <span class='ocrx_word' id='word_1_65' title='bbox 554 985 645 1048; x_wconf 83' lang='lat' dir='ltr'><strong>extra</strong></span> <span class='ocrx_word' id='word_1_66' title='bbox 667 986 802 1067; x_wconf 86' lang='lat' dir='ltr'><strong>partem.</strong></span> <span class='ocrx_word' id='word_1_67' title='bbox 856 984 962 1045; x_wconf 88' lang='lat' dir='ltr'><strong>teneat</strong></span> <span class='ocrx_word' id='word_1_68' title='bbox 970 983 1127 1046; x_wconf 89' lang='lat' dir='ltr'><strong>rationem</strong></span> <span class='ocrx_word' id='word_1_69' title='bbox 1138 982 1236 1065; x_wconf 89' lang='lat' dir='ltr'><strong>partis</strong></span> <span class='ocrx_word' id='word_1_70' title='bbox 1246 986 1374 1066; x_wconf 88' lang='lat' dir='ltr'><strong>propter</strong></span> <span class='ocrx_word' id='word_1_71' title='bbox 1382 982 1627 1047; x_wconf 88' lang='lat' dir='ltr'><strong>diminutionem</strong></span> 
     </span>
     <span class='ocr_line' id='line_1_7' title="bbox 43 1087 1625 1174; baseline -0.002 -18"><span class='ocrx_word' id='word_1_72' title='bbox 43 1092 125 1157; x_wconf 84' lang='lat' dir='ltr'>Unde</span> <span class='ocrx_word' id='word_1_73' title='bbox 145 1090 369 1156; x_wconf 86' lang='lat' dir='ltr'><strong>tantumvalet</strong></span> <span class='ocrx_word' id='word_1_74' title='bbox 387 1093 454 1154; x_wconf 90' lang='lat' dir='ltr'><strong>tota</strong></span> <span class='ocrx_word' id='word_1_75' title='bbox 477 1090 622 1170; x_wconf 76' lang='lat' dir='ltr'>essentia,</span> <span class='ocrx_word' id='word_1_76' title='bbox 646 1095 804 1174; x_wconf 86' lang='lat' dir='ltr'><strong>quantum</strong></span> <span class='ocrx_word' id='word_1_77' title='bbox 856 1090 889 1150; x_wconf 90' lang='lat' dir='ltr'><strong>et</strong></span> <span class='ocrx_word' id='word_1_78' title='bbox 909 1087 1195 1171; x_wconf 80' lang='lat' dir='ltr'><strong>imperfectionem,</strong></span> <span class='ocrx_word' id='word_1_79' title='bbox 1217 1092 1305 1154; x_wconf 89' lang='lat' dir='ltr'><strong>tenet</strong></span> <span class='ocrx_word' id='word_1_80' title='bbox 1330 1094 1440 1154; x_wconf 69' lang='lat' dir='ltr'><strong>umen</strong></span> <span class='ocrx_word' id='word_1_81' title='bbox 1468 1089 1625 1155; x_wconf 86' lang='lat' dir='ltr'><strong>rationem</strong></span> 
     </span>
     <span class='ocr_line' id='line_1_8' title="bbox 41 1194 1622 1280; baseline -0.001 -18"><span class='ocrx_word' id='word_1_82' title='bbox 41 1200 119 1264; x_wconf 84' lang='lat' dir='ltr'><strong>volet</strong></span> <span class='ocrx_word' id='word_1_83' title='bbox 132 1217 196 1263; x_wconf 94' lang='lat' dir='ltr'><strong>non</strong></span> <span class='ocrx_word' id='word_1_84' title='bbox 209 1198 330 1262; x_wconf 88' lang='lat' dir='ltr'><strong>habens</strong></span> <span class='ocrx_word' id='word_1_85' title='bbox 341 1201 466 1280; x_wconf 88' lang='lat' dir='ltr'><strong>partem</strong></span> <span class='ocrx_word' id='word_1_86' title='bbox 478 1203 569 1262; x_wconf 82' lang='lat' dir='ltr'><strong>extra</strong></span> <span class='ocrx_word' id='word_1_87' title='bbox 582 1198 634 1262; x_wconf 88' lang='lat' dir='ltr'><strong>vel</strong></span> <span class='ocrx_word' id='word_1_88' title='bbox 646 1199 742 1262; x_wconf 88' lang='lat' dir='ltr'><strong>intra.</strong></span> <span class='ocrx_word' id='word_1_89' title='bbox 857 1195 988 1258; x_wconf 88' lang='lat' dir='ltr'><strong>unitatis</strong></span> <span class='ocrx_word' id='word_1_90' title='bbox 996 1197 1126 1278; x_wconf 89' lang='lat' dir='ltr'><strong>propter</strong></span> <span class='ocrx_word' id='word_1_91' title='bbox 1135 1195 1329 1279; x_wconf 88' lang='lat' dir='ltr'><strong>principium</strong></span> <span class='ocrx_word' id='word_1_92' title='bbox 1337 1198 1369 1260; x_wconf 90' lang='lat' dir='ltr'><strong>et</strong></span> <span class='ocrx_word' id='word_1_93' title='bbox 1378 1194 1622 1260; x_wconf 73' lang='lat' dir='ltr'><strong>distinctionem.</strong></span> 
     </span>
    </p>

    <p class='ocr_par' dir='ltr' id='par_1_3' title="bbox 40 1299 1628 1708">
     <span class='ocr_line' id='line_1_9' title="bbox 77 1299 1628 1387; baseline 0.001 -19"><span class='ocrx_word' id='word_1_94' title='bbox 77 1310 106 1368; x_wconf 78' lang='lat'><strong>2.</strong></span> <span class='ocrx_word' id='word_1_95' title='bbox 127 1303 175 1367; x_wconf 78' lang='lat' dir='ltr'><strong>ld</strong></span> <span class='ocrx_word' id='word_1_96' title='bbox 191 1303 270 1368; x_wconf 90' lang='lat' dir='ltr'><strong>illud</strong></span> <span class='ocrx_word' id='word_1_97' title='bbox 289 1304 375 1386; x_wconf 89' lang='lat' dir='ltr'><strong>quod</strong></span> <span class='ocrx_word' id='word_1_98' title='bbox 395 1304 535 1368; x_wconf 89' lang='lat' dir='ltr'><strong>secundo</strong></span> <span class='ocrx_word' id='word_1_99' title='bbox 549 1303 698 1386; x_wconf 85' lang='lat' dir='ltr'><strong>objicitur</strong></span> <span class='ocrx_word' id='word_1_100' title='bbox 716 1304 803 1387; x_wconf 91' lang='lat' dir='ltr'><strong>quod</strong></span> <span class='ocrx_word' id='word_1_101' title='bbox 896 1305 927 1365; x_wconf 88' lang='grc'><strong>6.</strong></span> <span class='ocrx_word' id='word_1_102' title='bbox 949 1302 1038 1367; x_wconf 88' lang='lat' dir='ltr'><strong>Unde</strong></span> <span class='ocrx_word' id='word_1_103' title='bbox 1056 1304 1142 1386; x_wconf 89' lang='lat' dir='ltr'><strong>quod</strong></span> <span class='ocrx_word' id='word_1_104' title='bbox 1158 1299 1477 1370; x_wconf 79' lang='lat' dir='ltr'><strong>totum&#39;removeatur</strong></span> <span class='ocrx_word' id='word_1_105' title='bbox 1490 1323 1510 1368; x_wconf 93' lang='lat' dir='ltr'><strong>a</strong></span> <span class='ocrx_word' id='word_1_106' title='bbox 1523 1306 1628 1387; x_wconf 89' lang='lat' dir='ltr'><strong>parti·</strong></span> 
     </span>
     <span class='ocr_line' id='line_1_10' title="bbox 41 1406 1624 1493; baseline 0 -17"><span class='ocrx_word' id='word_1_107' title='bbox 41 1415 84 1476; x_wconf 91' lang='lat' dir='ltr'><strong>est</strong></span> <span class='ocrx_word' id='word_1_108' title='bbox 103 1410 144 1474; x_wconf 88' lang='lat' dir='ltr'><strong>ihi</strong></span> <span class='ocrx_word' id='word_1_109' title='bbox 168 1410 329 1493; x_wconf 88' lang='lat' dir='ltr'><strong>quantitas</strong></span> <span class='ocrx_word' id='word_1_110' title='bbox 350 1410 490 1491; x_wconf 85' lang='lat' dir='ltr'><strong>virtutis,</strong></span> <span class='ocrx_word' id='word_1_111' title='bbox 520 1410 691 1474; x_wconf 90' lang='lat' dir='ltr'><strong>dicendum</strong></span> <span class='ocrx_word' id='word_1_112' title='bbox 716 1410 802 1493; x_wconf 87' lang='lat' dir='ltr'><strong>quod</strong></span> <span class='ocrx_word' id='word_1_113' title='bbox 855 1406 916 1472; x_wconf 89' lang='lat' dir='ltr'><strong>hus</strong></span> <span class='ocrx_word' id='word_1_114' title='bbox 928 1414 961 1473; x_wconf 88' lang='lat' dir='ltr'><strong>et</strong></span> <span class='ocrx_word' id='word_1_115' title='bbox 974 1409 1110 1490; x_wconf 78' lang='lat' dir='ltr'><strong>differat,</strong></span> <span class='ocrx_word' id='word_1_116' title='bbox 1125 1411 1261 1476; x_wconf 89' lang='lat' dir='ltr'><strong>hoenon</strong></span> <span class='ocrx_word' id='word_1_117' title='bbox 1274 1414 1321 1474; x_wconf 89' lang='lat' dir='ltr'><strong>est</strong></span> <span class='ocrx_word' id='word_1_118' title='bbox 1333 1411 1624 1476; x_wconf 86' lang='lat' dir='ltr'><strong>rationaeonstitu-</strong></span> 
     </span>
     <span class='ocr_line' id='line_1_11' title="bbox 40 1514 1624 1601; baseline 0 -19"><span class='ocrx_word' id='word_1_119' title='bbox 40 1517 191 1601; x_wconf 85' lang='lat' dir='ltr'><strong>quantitas</strong></span> <span class='ocrx_word' id='word_1_120' title='bbox 201 1517 332 1581; x_wconf 80' lang='lat' dir='ltr'><strong>virtutis</strong></span> <span class='ocrx_word' id='word_1_121' title='bbox 343 1520 405 1580; x_wconf 88' lang='lat' dir='ltr'><strong>stat</strong></span> <span class='ocrx_word' id='word_1_122' title='bbox 418 1535 493 1580; x_wconf 92' lang='lat' dir='ltr'><strong>cnm</strong></span> <span class='ocrx_word' id='word_1_123' title='bbox 507 1535 636 1580; x_wconf 91' lang='lat' dir='ltr'><strong>summa</strong></span> <span class='ocrx_word' id='word_1_124' title='bbox 652 1518 801 1600; x_wconf 87' lang='lat' dir='ltr'><strong>simplici·</strong></span> <span class='ocrx_word' id='word_1_125' title='bbox 855 1514 951 1578; x_wconf 90' lang='lat' dir='ltr'><strong>tionis</strong></span> <span class='ocrx_word' id='word_1_126' title='bbox 961 1516 1186 1599; x_wconf 72' lang='lat' dir='ltr'><strong>principaliter,</strong></span> <span class='ocrx_word' id='word_1_127' title='bbox 1204 1517 1257 1581; x_wconf 89' lang='lat' dir='ltr'><strong>sed</strong></span> <span class='ocrx_word' id='word_1_128' title='bbox 1269 1518 1390 1582; x_wconf 91' lang='lat' dir='ltr'><strong>ratione</strong></span> <span class='ocrx_word' id='word_1_129' title='bbox 1402 1516 1624 1582; x_wconf 88' lang='lat' dir='ltr'><strong>distinctionis.</strong></span> 
     </span>
     <span class='ocr_line' id='line_1_12' title="bbox 40 1619 1626 1708; baseline 0 -19"><span class='ocrx_word' id='word_1_130' title='bbox 40 1627 117 1690; x_wconf 89' lang='lat' dir='ltr'><strong>tate:</strong></span> <span class='ocrx_word' id='word_1_131' title='bbox 131 1625 201 1689; x_wconf 89' lang='lat' dir='ltr'><strong>ideo</strong></span> <span class='ocrx_word' id='word_1_132' title='bbox 212 1624 396 1689; x_wconf 84' lang='lat' dir='ltr'><strong>abstrahite</strong></span> <span class='ocrx_word' id='word_1_133' title='bbox 407 1624 559 1689; x_wconf 87' lang='lat' dir='ltr'><strong>totalitate</strong></span> <span class='ocrx_word' id='word_1_134' title='bbox 568 1629 600 1689; x_wconf 89' lang='lat' dir='ltr'><strong>et</strong></span> <span class='ocrx_word' id='word_1_135' title='bbox 608 1624 800 1707; x_wconf 81' lang='lat' dir='ltr'><strong>integritate.</strong></span> <span class='ocrx_word' id='word_1_136' title='bbox 848 1619 895 1685; x_wconf 81' lang='lat' dir='ltr'><strong>&#39;Et</strong></span> <span class='ocrx_word' id='word_1_137' title='bbox 914 1624 1066 1704; x_wconf 88' lang='lat' dir='ltr'><strong>quoniam</strong></span> <span class='ocrx_word' id='word_1_138' title='bbox 1084 1625 1120 1689; x_wconf 92' lang='lat' dir='ltr'><strong>in</strong></span> <span class='ocrx_word' id='word_1_139' title='bbox 1136 1623 1246 1688; x_wconf 90' lang='lat' dir='ltr'><strong>divina</strong></span> <span class='ocrx_word' id='word_1_140' title='bbox 1265 1624 1455 1707; x_wconf 70' lang='lat' dir='ltr'><strong>pluralitate,</strong></span> <span class='ocrx_word' id='word_1_141' title='bbox 1476 1625 1626 1708; x_wconf 85' lang='lat' dir='ltr'><strong>quamvis</strong></span> 
     </span>
    </p>

    <p class='ocr_par' dir='ltr' id='par_1_4' title="bbox 38 1729 1624 2566">
     <span class='ocr_line' id='line_1_13' title="bbox 77 1729 1623 1815; baseline 0.001 -20"><span class='ocrx_word' id='word_1_142' title='bbox 77 1736 104 1795; x_wconf 85' lang='lat'><strong>3.</strong></span> <span class='ocrx_word' id='word_1_143' title='bbox 119 1731 166 1795; x_wconf 80' lang='lat' dir='ltr'><strong>Ad</strong></span> <span class='ocrx_word' id='word_1_144' title='bbox 179 1731 257 1795; x_wconf 95' lang='lat' dir='ltr'><strong>illud</strong></span> <span class='ocrx_word' id='word_1_145' title='bbox 266 1731 354 1813; x_wconf 88' lang='lat' dir='ltr'><strong>quod</strong></span> <span class='ocrx_word' id='word_1_146' title='bbox 364 1731 513 1813; x_wconf 71' lang='lat' dir='ltr'><strong>objicitur</strong></span> <span class='ocrx_word' id='word_1_147' title='bbox 526 1732 613 1814; x_wconf 89' lang='lat' dir='ltr'><strong>quod</strong></span> <span class='ocrx_word' id='word_1_148' title='bbox 627 1731 685 1795; x_wconf 90' lang='lat' dir='ltr'><strong>ubi</strong></span> <span class='ocrx_word' id='word_1_149' title='bbox 698 1732 804 1814; x_wconf 91' lang='lat' dir='ltr'><strong>plura·</strong></span> <span class='ocrx_word' id='word_1_150' title='bbox 855 1746 921 1793; x_wconf 93' lang='lat' dir='ltr'><strong>non</strong></span> <span class='ocrx_word' id='word_1_151' title='bbox 939 1729 979 1792; x_wconf 93' lang='lat' dir='ltr'><strong>sit</strong></span> <span class='ocrx_word' id='word_1_152' title='bbox 997 1731 1097 1794; x_wconf 88' lang='lat' dir='ltr'><strong>unius</strong></span> <span class='ocrx_word' id='word_1_153' title='bbox 1114 1731 1246 1813; x_wconf 85' lang='lat' dir='ltr'><strong>majoris</strong></span> <span class='ocrx_word' id='word_1_154' title='bbox 1260 1732 1455 1812; x_wconf 85' lang='lat' dir='ltr'><strong>constitutio,</strong></span> <span class='ocrx_word' id='word_1_155' title='bbox 1476 1732 1552 1815; x_wconf 87' lang='lat' dir='ltr'><strong>quia</strong></span> <span class='ocrx_word' id='word_1_156' title='bbox 1570 1737 1623 1796; x_wconf 86' lang='lat' dir='ltr'><strong>ta·</strong></span> 
     </span>
     <span class='ocr_line' id='line_1_14' title="bbox 38 1835 1624 1921; baseline 0.001 -19"><span class='ocrx_word' id='word_1_157' title='bbox 38 1838 115 1915; x_wconf 87' lang='lat' dir='ltr'><strong>litas,</strong></span> <span class='ocrx_word' id='word_1_158' title='bbox 132 1838 186 1913; x_wconf 88' lang='lat' dir='ltr'><strong>ihi,</strong></span> <span class='ocrx_word' id='word_1_159' title='bbox 201 1843 274 1917; x_wconf 74' lang='lat' dir='ltr'><strong>etc,</strong></span> <span class='ocrx_word' id='word_1_160' title='bbox 290 1837 460 1902; x_wconf 89' lang='lat' dir='ltr'><strong>dicendum</strong></span> <span class='ocrx_word' id='word_1_161' title='bbox 482 1838 566 1920; x_wconf 86' lang='lat' dir='ltr'><strong>quod</strong></span> <span class='ocrx_word' id='word_1_162' title='bbox 590 1838 755 1921; x_wconf 72' lang='lat' dir='ltr'><strong>pluralitas</strong></span> <span class='ocrx_word' id='word_1_163' title='bbox 769 1839 802 1905; x_wconf 91' lang='lat' dir='ltr'><strong>in</strong></span> <span class='ocrx_word' id='word_1_164' title='bbox 856 1852 931 1898; x_wconf 89' lang='lat' dir='ltr'><strong>men</strong></span> <span class='ocrx_word' id='word_1_165' title='bbox 944 1838 991 1899; x_wconf 89' lang='lat' dir='ltr'><strong>est</strong></span> <span class='ocrx_word' id='word_1_166' title='bbox 1001 1835 1046 1899; x_wconf 90' lang='lat' dir='ltr'><strong>ibi</strong></span> <span class='ocrx_word' id='word_1_167' title='bbox 1059 1837 1229 1916; x_wconf 91' lang='lat' dir='ltr'><strong>distinctio,</strong></span> <span class='ocrx_word' id='word_1_168' title='bbox 1242 1837 1312 1902; x_wconf 89' lang='lat' dir='ltr'><strong>ideo</strong></span> <span class='ocrx_word' id='word_1_169' title='bbox 1324 1839 1370 1902; x_wconf 86' lang='lat' dir='ltr'><strong>sic</strong></span> <span class='ocrx_word' id='word_1_170' title='bbox 1381 1842 1577 1918; x_wconf 89' lang='lat' dir='ltr'><strong>removetur,</strong></span> <span class='ocrx_word' id='word_1_171' title='bbox 1593 1844 1624 1904; x_wconf 89' lang='lat' dir='ltr'><strong>et</strong></span> 
     </span>
     <span class='ocr_line' id='line_1_15' title="bbox 40 1940 1543 2028; baseline 0.001 -19"><span class='ocrx_word' id='word_1_172' title='bbox 40 1945 182 2011; x_wconf 88' lang='lat' dir='ltr'><strong>creaturis</strong></span> <span class='ocrx_word' id='word_1_173' title='bbox 201 1945 266 2009; x_wconf 94' lang='lat' dir='ltr'><strong>duo</strong></span> <span class='ocrx_word' id='word_1_174' title='bbox 295 1944 381 2008; x_wconf 87' lang='lat' dir='ltr'><strong>dicit.</strong></span> <span class='ocrx_word' id='word_1_175' title='bbox 406 1943 486 2008; x_wconf 82' lang='lat' dir='ltr'><strong>llicit</strong></span> <span class='ocrx_word' id='word_1_176' title='bbox 509 1945 597 2008; x_wconf 92' lang='lat' dir='ltr'><strong>enim</strong></span> <span class='ocrx_word' id='word_1_177' title='bbox 619 1945 801 2028; x_wconf 86' lang='lat' dir='ltr'><strong>aliquorum</strong></span> <span class='ocrx_word' id='word_1_178' title='bbox 854 1940 900 2005; x_wconf 87' lang='lat' dir='ltr'><strong>sic</strong></span> <span class='ocrx_word' id='word_1_179' title='bbox 913 1942 1114 2025; x_wconf 69' lang='lat' dir='ltr'><strong>praedicatur,</strong></span> <span class='ocrx_word' id='word_1_180' title='bbox 1125 1945 1207 2009; x_wconf 92' lang='lat' dir='ltr'><strong>sicut</strong></span> <span class='ocrx_word' id='word_1_181' title='bbox 1218 1948 1322 2010; x_wconf 89' lang='lat' dir='ltr'><strong>totum</strong></span> <span class='ocrx_word' id='word_1_182' title='bbox 1335 1945 1369 2009; x_wconf 90' lang='lat' dir='ltr'><strong>in</strong></span> <span class='ocrx_word' id='word_1_183' title='bbox 1379 1945 1543 2010; x_wconf 76' lang='lat' dir='ltr'><strong>meaturis.</strong></span> 
     </span>
     <span class='ocr_line' id='line_1_16' title="bbox 40 2052 802 2136; baseline 0 -19"><span class='ocrx_word' id='word_1_184' title='bbox 40 2052 275 2132; x_wconf 77' lang='lat' dir='ltr'><strong>distinctionem,</strong></span> <span class='ocrx_word' id='word_1_185' title='bbox 297 2056 387 2117; x_wconf 82' lang='lat' dir='ltr'><strong>etex</strong></span> <span class='ocrx_word' id='word_1_186' title='bbox 407 2052 484 2135; x_wconf 86' lang='lat' dir='ltr'><strong>ipsis</strong></span> <span class='ocrx_word' id='word_1_187' title='bbox 496 2052 595 2117; x_wconf 92' lang='lat' dir='ltr'><strong>unius</strong></span> <span class='ocrx_word' id='word_1_188' title='bbox 607 2053 802 2136; x_wconf 90' lang='lat' dir='ltr'><strong>multiplica-</strong></span> 
     </span>
     <span class='ocr_line' id='line_1_17' title="bbox 40 2159 1366 2259; baseline 0.001 -34"><span class='ocrx_word' id='word_1_189' title='bbox 40 2160 128 2225; x_wconf 85' lang='lat' dir='ltr'><strong>tionis</strong></span> <span class='ocrx_word' id='word_1_190' title='bbox 149 2160 418 2225; x_wconf 88' lang='lat' dir='ltr'><strong>constitutionem.</strong></span> <span class='ocrx_word' id='word_1_191' title='bbox 442 2159 587 2224; x_wconf 86' lang='lat' dir='ltr'><strong>Primum</strong></span> <span class='ocrx_word' id='word_1_192' title='bbox 608 2160 737 2244; x_wconf 90' lang='lat' dir='ltr'><strong>quidem</strong></span> <span class='ocrx_word' id='word_1_193' title='bbox 750 2180 801 2226; x_wconf 90' lang='lat' dir='ltr'><strong>re·</strong></span> <span class='ocrx_word' id='word_1_194' title='bbox 1127 2180 1306 2259; x_wconf 72' lang='lat' dir='ltr'><strong>QUAEsppo</strong></span> <span class='ocrx_word' id='word_1_195' title='bbox 1327 2181 1366 2247; x_wconf 54' lang='grc' dir='ltr'><strong>ῃ,</strong></span> 
     </span>
     <span class='ocr_line' id='line_1_18' title="bbox 41 2268 799 2352; baseline 0.003 -19"><span class='ocrx_word' id='word_1_196' title='bbox 41 2269 154 2350; x_wconf 76' lang='lat' dir='ltr'><strong>peritur</strong></span> <span class='ocrx_word' id='word_1_197' title='bbox 160 2269 194 2333; x_wconf 91' lang='lat' dir='ltr'><strong>in</strong></span> <span class='ocrx_word' id='word_1_198' title='bbox 202 2269 333 2347; x_wconf 89' lang='lat' dir='ltr'><strong>divinis,</strong></span> <span class='ocrx_word' id='word_1_199' title='bbox 347 2269 423 2352; x_wconf 86' lang='lat' dir='ltr'><strong>quia</strong></span> <span class='ocrx_word' id='word_1_200' title='bbox 431 2268 476 2332; x_wconf 91' lang='lat' dir='ltr'><strong>ibi</strong></span> <span class='ocrx_word' id='word_1_201' title='bbox 485 2269 698 2335; x_wconf 90' lang='lat' dir='ltr'><strong>estdistinctio</strong></span> <span class='ocrx_word' id='word_1_202' title='bbox 708 2287 799 2347; x_wconf 81' lang='lat' dir='ltr'><strong>vere3</strong></span> 
     </span>
     <span class='ocr_line' id='line_1_19' title="bbox 41 2375 802 2458; baseline 0.004 -20"><span class='ocrx_word' id='word_1_203' title='bbox 41 2375 205 2440; x_wconf 88' lang='lat' dir='ltr'><strong>secundum</strong></span> <span class='ocrx_word' id='word_1_204' title='bbox 217 2393 298 2454; x_wconf 92' lang='lat' dir='ltr'><strong>non,</strong></span> <span class='ocrx_word' id='word_1_205' title='bbox 321 2375 398 2458; x_wconf 84' lang='lat' dir='ltr'><strong>quia</strong></span> <span class='ocrx_word' id='word_1_206' title='bbox 410 2376 466 2439; x_wconf 89' lang='lat' dir='ltr'><strong>ubi</strong></span> <span class='ocrx_word' id='word_1_207' title='bbox 479 2375 661 2440; x_wconf 90' lang='lat' dir='ltr'><strong>constitutio</strong></span> <span class='ocrx_word' id='word_1_208' title='bbox 682 2382 739 2456; x_wconf 88' lang='lat' dir='ltr'><strong>est,</strong></span> <span class='ocrx_word' id='word_1_209' title='bbox 757 2376 802 2441; x_wconf 91' lang='lat' dir='ltr'><strong>ibi</strong></span> 
     </span>
     <span class='ocr_line' id='line_1_20' title="bbox 42 2482 801 2566; baseline 0.004 -21"><span class='ocrx_word' id='word_1_210' title='bbox 42 2482 255 2546; x_wconf 83' lang='lat' dir='ltr'><strong>constituentia</strong></span> <span class='ocrx_word' id='word_1_211' title='bbox 284 2484 394 2547; x_wconf 89' lang='lat' dir='ltr'><strong>minus</strong></span> <span class='ocrx_word' id='word_1_212' title='bbox 420 2482 540 2547; x_wconf 89' lang='lat' dir='ltr'><strong>habent</strong></span> <span class='ocrx_word' id='word_1_213' title='bbox 568 2500 668 2566; x_wconf 86' lang='lat' dir='ltr'><strong>quam</strong></span> <span class='ocrx_word' id='word_1_214' title='bbox 697 2488 801 2549; x_wconf 92' lang='lat' dir='ltr'><strong>totum</strong></span> 
     </span>
    </p>
   </div>
   <div class='ocr_carea' id='block_1_3' title="bbox 41 2588 1745 2791">
    <p class='ocr_par' dir='ltr' id='par_1_5' title="bbox 41 2588 1745 2791">
     <span class='ocr_line' id='line_1_21' title="bbox 41 2588 1745 2685; baseline 0.002 -15"><span class='ocrx_word' id='word_1_215' title='bbox 41 2588 120 2670; x_wconf 84' lang='lat' dir='ltr'><strong>quod</strong></span> <span class='ocrx_word' id='word_1_216' title='bbox 140 2589 348 2666; x_wconf 65' lang='lat' dir='ltr'><strong>fflsssfilffllssi,</strong></span> <span class='ocrx_word' id='word_1_217' title='bbox 368 2593 401 2653; x_wconf 66' lang='lat'><strong>01</strong></span> <span class='ocrx_word' id='word_1_218' title='bbox 419 2589 463 2653; x_wconf 68' lang='lat' dir='ltr'><strong>ita</strong></span> <span class='ocrx_word' id='word_1_219' title='bbox 484 2589 692 2654; x_wconf 65' lang='lat' dir='ltr'><strong>essentialiter</strong></span> <span class='ocrx_word' id='word_1_220' title='bbox 710 2590 802 2656; x_wconf 74' lang='lat' dir='ltr'><strong>diffe-</strong></span> <span class='ocrx_word' id='word_1_221' title='bbox 895 2599 1008 2665; x_wconf 91' lang='lat' dir='ltr'><strong>Utrum</strong></span> <span class='ocrx_word' id='word_1_222' title='bbox 1021 2600 1056 2663; x_wconf 92' lang='lat' dir='ltr'><strong>in</strong></span> <span class='ocrx_word' id='word_1_223' title='bbox 1070 2600 1187 2666; x_wconf 87' lang='lat' dir='ltr'><strong>divinis</strong></span> <span class='ocrx_word' id='word_1_224' title='bbox 1196 2600 1236 2666; x_wconf 88' lang='lat' dir='ltr'><strong>sit</strong></span> <span class='ocrx_word' id='word_1_225' title='bbox 1249 2621 1366 2685; x_wconf 88' lang='lat' dir='ltr'><strong>ponere</strong></span> <span class='ocrx_word' id='word_1_226' title='bbox 1378 2608 1483 2669; x_wconf 92' lang='lat' dir='ltr'><strong>totum</strong></span> <span class='ocrx_word' id='word_1_227' title='bbox 1496 2604 1626 2669; x_wconf 68' lang='lat' dir='ltr'><strong>univer</strong></span> <span class='ocrx_word' id='word_1_228' title='bbox 1668 2617 1745 2674; x_wconf 61' lang='lat' dir='ltr'><strong>neap</strong></span> 
     </span>
     <span class='ocr_line' id='line_1_22' title="bbox 42 2694 1687 2791; baseline 0.006 -27"><span class='ocrx_word' id='word_1_229' title='bbox 42 2699 113 2759; x_wconf 83' lang='lat' dir='ltr'><strong>runt</strong></span> <span class='ocrx_word' id='word_1_230' title='bbox 128 2696 167 2760; x_wconf 81' lang='lat' dir='ltr'><strong>ab</strong></span> <span class='ocrx_word' id='word_1_231' title='bbox 186 2696 339 2761; x_wconf 79' lang='lat' dir='ltr'><strong>invicem.</strong></span> <span class='ocrx_word' id='word_1_232' title='bbox 364 2695 400 2761; x_wconf 86' lang='lat' dir='ltr'><strong>ln</strong></span> <span class='ocrx_word' id='word_1_233' title='bbox 413 2696 530 2768; x_wconf 80' lang='lat' dir='ltr'><strong>divims</strong></span> <span class='ocrx_word' id='word_1_234' title='bbox 540 2700 649 2761; x_wconf 89' lang='lat' dir='ltr'><strong>autem</strong></span> <span class='ocrx_word' id='word_1_235' title='bbox 663 2715 730 2762; x_wconf 90' lang='lat' dir='ltr'><strong>non</strong></span> <span class='ocrx_word' id='word_1_236' title='bbox 743 2698 799 2776; x_wconf 89' lang='lat' dir='ltr'><strong>sic,</strong></span> <span class='ocrx_word' id='word_1_237' title='bbox 853 2706 934 2783; x_wconf 88' lang='lat' dir='ltr'><strong>sale;</strong></span> <span class='ocrx_word' id='word_1_238' title='bbox 950 2710 981 2770; x_wconf 91' lang='lat' dir='ltr'><strong>et</strong></span> <span class='ocrx_word' id='word_1_239' title='bbox 996 2707 1083 2789; x_wconf 89' lang='lat' dir='ltr'><strong>quod</strong></span> <span class='ocrx_word' id='word_1_240' title='bbox 1094 2708 1149 2785; x_wconf 89' lang='lat' dir='ltr'><strong>sic,</strong></span> <span class='ocrx_word' id='word_1_241' title='bbox 1164 2707 1291 2772; x_wconf 89' lang='lat' dir='ltr'><strong>videtur</strong></span> <span class='ocrx_word' id='word_1_242' title='bbox 1299 2727 1355 2791; x_wconf 91' lang='lat' dir='ltr'><strong>per</strong></span> <span class='ocrx_word' id='word_1_243' title='bbox 1363 2708 1591 2773; x_wconf 74' lang='lat' dir='ltr'><strong>damascenum</strong></span> <span class='ocrx_word' id='word_1_244' title='bbox 1601 2710 1623 2788; x_wconf 85' lang='lat'><strong>²,</strong></span> <span class='ocrx_word' id='word_1_245' title='bbox 1638 2694 1687 2738; x_wconf 71' lang='lat'><strong>&#39;‘⁰&#39;‘</strong></span> 
     </span>
    </p>
   </div>
   <div class='ocr_carea' id='block_1_4' title="bbox 884 2337 1602 2490">
    <p class='ocr_par' dir='ltr' id='par_1_6' title="bbox 884 2337 1602 2490">
     <span class='ocr_line' id='line_1_23' title="bbox 884 2337 1602 2418; baseline 0.015 -25"><span class='ocrx_word' id='word_1_246' title='bbox 884 2337 931 2395; x_wconf 78' lang='lat' dir='ltr'><strong>Ao</strong></span> <span class='ocrx_word' id='word_1_247' title='bbox 940 2343 1021 2398; x_wconf 83' lang='lat' dir='ltr'><strong>etiem</strong></span> <span class='ocrx_word' id='word_1_248' title='bbox 1033 2343 1065 2399; x_wconf 79' lang='lat' dir='ltr'><strong>io</strong></span> <span class='ocrx_word' id='word_1_249' title='bbox 1078 2342 1180 2400; x_wconf 63' lang='lat' dir='ltr'><strong>meinis</strong></span> <span class='ocrx_word' id='word_1_250' title='bbox 1194 2347 1278 2400; x_wconf 82' lang='lat' dir='ltr'><strong>totum</strong></span> <span class='ocrx_word' id='word_1_251' title='bbox 1290 2345 1442 2402; x_wconf 72' lang='lat' dir='ltr'><strong>uniuasole</strong></span> <span class='ocrx_word' id='word_1_252' title='bbox 1450 2345 1602 2418; x_wconf 78' lang='lat' dir='ltr'><strong>ponendum</strong></span> 
     </span>
     <span class='ocr_line' id='line_1_24' title="bbox 1211 2436 1278 2490; baseline -0.015 0"><span class='ocrx_word' id='word_1_253' title='bbox 1211 2436 1278 2490; x_wconf 68' lang='lat' dir='ltr'><strong>sttt</strong></span> 
     </span>
    </p>
   </div>
   <div class='ocr_carea' id='block_1_5' title="bbox 40 2802 1625 5137">
    <p class='ocr_par' dir='ltr' id='par_1_7' title="bbox 40 2802 1625 5137">
     <span class='ocr_line' id='line_1_25' title="bbox 43 2802 1625 2896; baseline 0.009 -31"><span class='ocrx_word' id='word_1_254' title='bbox 43 2802 124 2884; x_wconf 82' lang='lat' dir='ltr'><strong>quia,</strong></span> <span class='ocrx_word' id='word_1_255' title='bbox 145 2820 217 2867; x_wconf 87' lang='lat' dir='ltr'><strong>curu</strong></span> <span class='ocrx_word' id='word_1_256' title='bbox 238 2802 334 2868; x_wconf 89' lang='lat' dir='ltr'><strong>Pater</strong></span> <span class='ocrx_word' id='word_1_257' title='bbox 354 2803 472 2867; x_wconf 84' lang='lat' dir='ltr'><strong>habeat</strong></span> <span class='ocrx_word' id='word_1_258' title='bbox 495 2806 595 2866; x_wconf 90' lang='lat' dir='ltr'><strong>totam</strong></span> <span class='ocrx_word' id='word_1_259' title='bbox 620 2805 799 2886; x_wconf 85' lang='lat' dir='ltr'><strong>essentiam,</strong></span> <span class='ocrx_word' id='word_1_260' title='bbox 854 2813 911 2894; x_wconf 82' lang='lat' dir='ltr'><strong>qui</strong></span> <span class='ocrx_word' id='word_1_261' title='bbox 933 2812 1007 2876; x_wconf 88' lang='lat' dir='ltr'><strong>dicit</strong></span> <span class='ocrx_word' id='word_1_262' title='bbox 1024 2813 1110 2896; x_wconf 86' lang='lat' dir='ltr'><strong>quod</strong></span> <span class='ocrx_word' id='word_1_263' title='bbox 1126 2813 1160 2877; x_wconf 92' lang='lat' dir='ltr'><strong>in</strong></span> <span class='ocrx_word' id='word_1_264' title='bbox 1178 2814 1295 2878; x_wconf 90' lang='lat' dir='ltr'><strong>divinis</strong></span> <span class='ocrx_word' id='word_1_265' title='bbox 1312 2820 1359 2879; x_wconf 87' lang='lat' dir='ltr'><strong>est</strong></span> <span class='ocrx_word' id='word_1_266' title='bbox 1379 2833 1562 2894; x_wconf 83' lang='lat' dir='ltr'><strong>commune,</strong></span> <span class='ocrx_word' id='word_1_267' title='bbox 1586 2822 1625 2880; x_wconf 92' lang='lat' dir='ltr'><strong>ut</strong></span> 
     </span>
     <span class='ocr_line' id='line_1_26' title="bbox 42 2909 1623 3004; baseline 0.009 -32"><span class='ocrx_word' id='word_1_268' title='bbox 42 2927 101 2973; x_wconf 90' lang='lat' dir='ltr'><strong>non</strong></span> <span class='ocrx_word' id='word_1_269' title='bbox 118 2915 248 2992; x_wconf 90' lang='lat' dir='ltr'><strong>partem,</strong></span> <span class='ocrx_word' id='word_1_270' title='bbox 262 2928 331 2975; x_wconf 92' lang='lat' dir='ltr'><strong>non</strong></span> <span class='ocrx_word' id='word_1_271' title='bbox 350 2914 453 2993; x_wconf 90' lang='lat' dir='ltr'><strong>potest</strong></span> <span class='ocrx_word' id='word_1_272' title='bbox 465 2909 574 2974; x_wconf 91' lang='lat' dir='ltr'><strong>minus</strong></span> <span class='ocrx_word' id='word_1_273' title='bbox 595 2909 723 2988; x_wconf 87' lang='lat' dir='ltr'><strong>habere,</strong></span> <span class='ocrx_word' id='word_1_274' title='bbox 742 2931 802 2976; x_wconf 92' lang='lat' dir='ltr'><strong>nec</strong></span> <span class='ocrx_word' id='word_1_275' title='bbox 854 2919 1047 2999; x_wconf 76' lang='lat' dir='ltr'><strong>substantia,</strong></span> <span class='ocrx_word' id='word_1_276' title='bbox 1067 2920 1267 3003; x_wconf 80' lang='lat' dir='ltr'><strong>particulare,</strong></span> <span class='ocrx_word' id='word_1_277' title='bbox 1282 2925 1319 2985; x_wconf 92' lang='lat' dir='ltr'><strong>ut</strong></span> <span class='ocrx_word' id='word_1_278' title='bbox 1335 2922 1515 2987; x_wconf 82' lang='lat' dir='ltr'><strong>Antonius:</strong></span> <span class='ocrx_word' id='word_1_279' title='bbox 1532 2940 1623 3004; x_wconf 79' lang='lat' dir='ltr'><strong>ergo,</strong></span> 
     </span>
     <span class='ocr_line' id='line_1_27' title="bbox 44 3016 1625 3111; baseline 0.008 -32"><span class='ocrx_word' id='word_1_280' title='bbox 44 3016 238 3082; x_wconf 85' lang='lat' dir='ltr'><strong>essentialiter</strong></span> <span class='ocrx_word' id='word_1_281' title='bbox 247 3016 378 3082; x_wconf 83' lang='lat' dir='ltr'><strong>differre</strong></span> <span class='ocrx_word' id='word_1_282' title='bbox 392 3039 400 3081; x_wconf 76' lang='grc' dir='ltr'><strong>ι</strong></span> <span class='ocrx_word' id='word_1_283' title='bbox 414 3020 446 3082; x_wconf 88' lang='lat' dir='ltr'><strong>et</strong></span> <span class='ocrx_word' id='word_1_284' title='bbox 454 3016 526 3082; x_wconf 89' lang='lat' dir='ltr'><strong>ideo</strong></span> <span class='ocrx_word' id='word_1_285' title='bbox 534 3018 703 3085; x_wconf 88' lang='lat' dir='ltr'><strong>dicendum</strong></span> <span class='ocrx_word' id='word_1_286' title='bbox 714 3021 802 3105; x_wconf 85' lang='lat' dir='ltr'><strong>quod</strong></span> <span class='ocrx_word' id='word_1_287' title='bbox 853 3024 882 3088; x_wconf 89' lang='lat' dir='ltr'><strong>si</strong></span> <span class='ocrx_word' id='word_1_288' title='bbox 890 3030 937 3090; x_wconf 88' lang='lat' dir='ltr'><strong>est</strong></span> <span class='ocrx_word' id='word_1_289' title='bbox 945 3025 989 3089; x_wconf 91' lang='lat' dir='ltr'><strong>ihi</strong></span> <span class='ocrx_word' id='word_1_290' title='bbox 998 3045 1180 3106; x_wconf 89' lang='lat' dir='ltr'><strong>commune,</strong></span> <span class='ocrx_word' id='word_1_291' title='bbox 1195 3032 1226 3091; x_wconf 90' lang='lat' dir='ltr'><strong>et</strong></span> <span class='ocrx_word' id='word_1_292' title='bbox 1236 3028 1443 3111; x_wconf 85' lang='lat' dir='ltr'><strong>particulare3</strong></span> <span class='ocrx_word' id='word_1_293' title='bbox 1460 3047 1538 3111; x_wconf 81' lang='lat' dir='ltr'><strong>ergo</strong></span> <span class='ocrx_word' id='word_1_294' title='bbox 1550 3029 1625 3093; x_wconf 89' lang='lat' dir='ltr'><strong>uoi-</strong></span> 
     </span>
     <span class='ocr_line' id='line_1_28' title="bbox 43 3122 1623 3219; baseline 0.01 -34"><span class='ocrx_word' id='word_1_295' title='bbox 43 3122 74 3186; x_wconf 92' lang='lat' dir='ltr'><strong>in</strong></span> <span class='ocrx_word' id='word_1_296' title='bbox 94 3123 204 3188; x_wconf 82' lang='lat' dir='ltr'><strong>divinis</strong></span> <span class='ocrx_word' id='word_1_297' title='bbox 227 3124 388 3209; x_wconf 87' lang='lat' dir='ltr'><strong>reperitur</strong></span> <span class='ocrx_word' id='word_1_298' title='bbox 409 3124 573 3208; x_wconf 88' lang='lat' dir='ltr'><strong>pluralitas</strong></span> <span class='ocrx_word' id='word_1_299' title='bbox 594 3127 717 3193; x_wconf 91' lang='lat' dir='ltr'><strong>ratione</strong></span> <span class='ocrx_word' id='word_1_300' title='bbox 736 3129 801 3194; x_wconf 89' lang='lat' dir='ltr'><strong>dis·</strong></span> <span class='ocrx_word' id='word_1_301' title='bbox 853 3132 986 3213; x_wconf 82' lang='lat' dir='ltr'><strong>versele,</strong></span> <span class='ocrx_word' id='word_1_302' title='bbox 1000 3133 1078 3217; x_wconf 88' lang='lat' dir='ltr'><strong>quia</strong></span> <span class='ocrx_word' id='word_1_303' title='bbox 1089 3134 1270 3218; x_wconf 85' lang='lat' dir='ltr'><strong>particulari</strong></span> <span class='ocrx_word' id='word_1_304' title='bbox 1279 3154 1346 3199; x_wconf 90' lang='lat' dir='ltr'><strong>non</strong></span> <span class='ocrx_word' id='word_1_305' title='bbox 1356 3135 1524 3219; x_wconf 89' lang='lat' dir='ltr'><strong>respondet</strong></span> <span class='ocrx_word' id='word_1_306' title='bbox 1536 3135 1623 3202; x_wconf 89' lang='lat' dir='ltr'><strong>aliud</strong></span> 
     </span>
     <span class='ocr_line' id='line_1_29' title="bbox 43 3232 1344 3324; baseline 0.008 -29"><span class='ocrx_word' id='word_1_307' title='bbox 43 3233 200 3298; x_wconf 88' lang='lat' dir='ltr'><strong>tinctionis.</strong></span> <span class='ocrx_word' id='word_1_308' title='bbox 218 3233 280 3299; x_wconf 88' lang='lat' dir='ltr'><strong>Sed</strong></span> <span class='ocrx_word' id='word_1_309' title='bbox 295 3233 371 3317; x_wconf 86' lang='lat' dir='ltr'><strong>quia</strong></span> <span class='ocrx_word' id='word_1_310' title='bbox 385 3232 551 3316; x_wconf 88' lang='lat' dir='ltr'><strong>pluralitas</strong></span> <span class='ocrx_word' id='word_1_311' title='bbox 563 3238 610 3298; x_wconf 89' lang='lat' dir='ltr'><strong>est</strong></span> <span class='ocrx_word' id='word_1_312' title='bbox 627 3239 729 3301; x_wconf 93' lang='lat' dir='ltr'><strong>totum</strong></span> <span class='ocrx_word' id='word_1_313' title='bbox 745 3255 800 3300; x_wconf 89' lang='lat' dir='ltr'><strong>ra-</strong></span> <span class='ocrx_word' id='word_1_314' title='bbox 854 3258 1026 3306; x_wconf 88' lang='lat' dir='ltr'><strong>commune</strong></span> <span class='ocrx_word' id='word_1_315' title='bbox 1038 3260 1136 3324; x_wconf 86' lang='lat' dir='ltr'><strong>quam</strong></span> <span class='ocrx_word' id='word_1_316' title='bbox 1153 3241 1344 3307; x_wconf 82' lang='lat' dir='ltr'><strong>universale.</strong></span> 
     </span>
     <span class='ocr_line' id='line_1_30' title="bbox 43 3337 1623 3432; baseline 0.009 -33"><span class='ocrx_word' id='word_1_317' title='bbox 43 3337 121 3404; x_wconf 90' lang='lat' dir='ltr'><strong>tione</strong></span> <span class='ocrx_word' id='word_1_318' title='bbox 141 3340 383 3420; x_wconf 84' lang='lat' dir='ltr'><strong>constitutionis,</strong></span> <span class='ocrx_word' id='word_1_319' title='bbox 405 3343 438 3403; x_wconf 89' lang='lat' dir='ltr'><strong>et</strong></span> <span class='ocrx_word' id='word_1_320' title='bbox 456 3339 518 3404; x_wconf 91' lang='lat' dir='ltr'><strong>hoc</strong></span> <span class='ocrx_word' id='word_1_321' title='bbox 530 3359 596 3405; x_wconf 91' lang='lat' dir='ltr'><strong>non</strong></span> <span class='ocrx_word' id='word_1_322' title='bbox 610 3346 658 3406; x_wconf 88' lang='lat' dir='ltr'><strong>est</strong></span> <span class='ocrx_word' id='word_1_323' title='bbox 669 3342 705 3407; x_wconf 93' lang='lat' dir='ltr'><strong>in</strong></span> <span class='ocrx_word' id='word_1_324' title='bbox 717 3343 800 3409; x_wconf 83' lang='lat' dir='ltr'><strong>divi·</strong></span> <span class='ocrx_word' id='word_1_325' title='bbox 893 3352 923 3411; x_wconf 76' lang='grc' dir='ltr'><strong>ι.</strong></span> <span class='ocrx_word' id='word_1_326' title='bbox 944 3346 1023 3412; x_wconf 90' lang='lat' dir='ltr'><strong>ltem</strong></span> <span class='ocrx_word' id='word_1_327' title='bbox 1036 3348 1098 3412; x_wconf 88' lang='lat' dir='ltr'><strong>hoc</strong></span> <span class='ocrx_word' id='word_1_328' title='bbox 1112 3348 1218 3431; x_wconf 90' lang='lat' dir='ltr'><strong>ipsum</strong></span> <span class='ocrx_word' id='word_1_329' title='bbox 1231 3349 1358 3413; x_wconf 84' lang='lat' dir='ltr'><strong>videtur</strong></span> <span class='ocrx_word' id='word_1_330' title='bbox 1371 3367 1428 3432; x_wconf 83' lang='lat' dir='ltr'><strong>per</strong></span> <span class='ocrx_word' id='word_1_331' title='bbox 1447 3348 1623 3415; x_wconf 88' lang='lat' dir='ltr'><strong>distinctio-</strong></span> 
     </span>
     <span class='ocr_line' id='line_1_31' title="bbox 43 3444 1622 3538; baseline 0.01 -33"><span class='ocrx_word' id='word_1_332' title='bbox 43 3444 102 3523; x_wconf 90' lang='lat' dir='ltr'><strong>nis;</strong></span> <span class='ocrx_word' id='word_1_333' title='bbox 120 3446 189 3512; x_wconf 89' lang='lat' dir='ltr'><strong>ideo</strong></span> <span class='ocrx_word' id='word_1_334' title='bbox 199 3467 265 3514; x_wconf 96' lang='lat' dir='ltr'><strong>non</strong></span> <span class='ocrx_word' id='word_1_335' title='bbox 280 3447 427 3530; x_wconf 87' lang='lat' dir='ltr'><strong>sequitur</strong></span> <span class='ocrx_word' id='word_1_336' title='bbox 439 3448 525 3530; x_wconf 89' lang='lat' dir='ltr'><strong>quod</strong></span> <span class='ocrx_word' id='word_1_337' title='bbox 538 3449 579 3512; x_wconf 86' lang='lat' dir='ltr'><strong>sit</strong></span> <span class='ocrx_word' id='word_1_338' title='bbox 592 3449 639 3514; x_wconf 89' lang='lat' dir='ltr'><strong>ibi</strong></span> <span class='ocrx_word' id='word_1_339' title='bbox 652 3451 798 3516; x_wconf 88' lang='lat' dir='ltr'><strong>totalitas.</strong></span> <span class='ocrx_word' id='word_1_340' title='bbox 853 3471 930 3518; x_wconf 90' lang='lat' dir='ltr'><strong>nem</strong></span> <span class='ocrx_word' id='word_1_341' title='bbox 942 3454 1143 3533; x_wconf 85' lang='lat' dir='ltr'><strong>universalis,</strong></span> <span class='ocrx_word' id='word_1_342' title='bbox 1164 3459 1196 3519; x_wconf 90' lang='lat' dir='ltr'><strong>et</strong></span> <span class='ocrx_word' id='word_1_343' title='bbox 1208 3455 1417 3538; x_wconf 86' lang='lat' dir='ltr'><strong>particularis.</strong></span> <span class='ocrx_word' id='word_1_344' title='bbox 1439 3455 1622 3522; x_wconf 79' lang='lat' dir='ltr'><strong>universale</strong></span> 
     </span>
     <span class='ocr_line' id='line_1_32' title="bbox 45 3547 1617 3646; baseline 0.008 -31"><span class='ocrx_word' id='word_1_345' title='bbox 45 3547 93 3613; x_wconf 84' lang='lat' dir='ltr'><strong>Est</strong></span> <span class='ocrx_word' id='word_1_346' title='bbox 109 3555 212 3618; x_wconf 87' lang='lat' dir='ltr'><strong>tamon</strong></span> <span class='ocrx_word' id='word_1_347' title='bbox 234 3558 363 3619; x_wconf 69' lang='lat' dir='ltr'><strong>natine</strong></span> <span class='ocrx_word' id='word_1_348' title='bbox 384 3554 502 3636; x_wconf 89' lang='lat' dir='ltr'><strong>unitas,</strong></span> <span class='ocrx_word' id='word_1_349' title='bbox 531 3560 563 3619; x_wconf 90' lang='lat' dir='ltr'><strong>et</strong></span> <span class='ocrx_word' id='word_1_350' title='bbox 589 3575 800 3640; x_wconf 89' lang='lat' dir='ltr'><strong>personarum</strong></span> <span class='ocrx_word' id='word_1_351' title='bbox 851 3563 940 3627; x_wconf 87' lang='lat' dir='ltr'><strong>euim</strong></span> <span class='ocrx_word' id='word_1_352' title='bbox 966 3563 1120 3646; x_wconf 80' lang='lat' dir='ltr'><strong>estquod</strong></span> <span class='ocrx_word' id='word_1_353' title='bbox 1150 3563 1340 3646; x_wconf 70' lang='lat' dir='ltr'><strong>predicatur</strong></span> <span class='ocrx_word' id='word_1_354' title='bbox 1364 3564 1404 3628; x_wconf 91' lang='lat' dir='ltr'><strong>de</strong></span> <span class='ocrx_word' id='word_1_355' title='bbox 1433 3563 1617 3646; x_wconf 88' lang='lat' dir='ltr'><strong>pluribus⁸;</strong></span> 
     </span>
     <span class='ocr_line' id='line_1_33' title="bbox 45 3656 1620 3750; baseline 0.008 -31"><span class='ocrx_word' id='word_1_356' title='bbox 45 3656 389 3739; x_wconf 77' lang='lat' dir='ltr'><strong>pluralitas3ettantum</strong></span> <span class='ocrx_word' id='word_1_357' title='bbox 397 3661 800 3747; x_wconf 86' lang='lat' dir='ltr'><strong>estinunitate,quantum</strong></span> <span class='ocrx_word' id='word_1_358' title='bbox 853 3666 1054 3750; x_wconf 88' lang='lat' dir='ltr'><strong>particulare,</strong></span> <span class='ocrx_word' id='word_1_359' title='bbox 1065 3666 1104 3731; x_wconf 90' lang='lat' dir='ltr'><strong>de</strong></span> <span class='ocrx_word' id='word_1_360' title='bbox 1113 3684 1180 3730; x_wconf 92' lang='lat' dir='ltr'><strong>uno</strong></span> <span class='ocrx_word' id='word_1_361' title='bbox 1193 3665 1561 3731; x_wconf 80' lang='lat' dir='ltr'><strong>solozsedhusrationes</strong></span> <span class='ocrx_word' id='word_1_362' title='bbox 1572 3675 1620 3731; x_wconf 89' lang='lat' dir='ltr'><strong>est</strong></span> 
     </span>
     <span class='ocr_line' id='line_1_34' title="bbox 44 3762 1375 3856; baseline 0.005 -27"><span class='ocrx_word' id='word_1_363' title='bbox 44 3762 278 3848; x_wconf 87' lang='lat' dir='ltr'><strong>inpluralitate:</strong></span> <span class='ocrx_word' id='word_1_364' title='bbox 300 3770 433 3834; x_wconf 89' lang='lat' dir='ltr'><strong>sednon</strong></span> <span class='ocrx_word' id='word_1_365' title='bbox 451 3773 499 3834; x_wconf 91' lang='lat' dir='ltr'><strong>tot</strong></span> <span class='ocrx_word' id='word_1_366' title='bbox 517 3771 630 3835; x_wconf 88' lang='lat' dir='ltr'><strong>modis.</strong></span> <span class='ocrx_word' id='word_1_367' title='bbox 650 3770 709 3837; x_wconf 87' lang='lat' dir='ltr'><strong>Sed</strong></span> <span class='ocrx_word' id='word_1_368' title='bbox 724 3774 800 3856; x_wconf 86' lang='lat' dir='ltr'><strong>quia</strong></span> <span class='ocrx_word' id='word_1_369' title='bbox 852 3772 998 3838; x_wconf 88' lang='lat' dir='ltr'><strong>invenire</strong></span> <span class='ocrx_word' id='word_1_370' title='bbox 1011 3772 1046 3845; x_wconf 85' lang='lat' dir='ltr'><strong>in</strong></span> <span class='ocrx_word' id='word_1_371' title='bbox 1057 3772 1195 3837; x_wconf 88' lang='lat' dir='ltr'><strong>divinis:</strong></span> <span class='ocrx_word' id='word_1_372' title='bbox 1211 3790 1301 3855; x_wconf 80' lang='lat' dir='ltr'><strong>ergo,</strong></span> <span class='ocrx_word' id='word_1_373' title='bbox 1316 3777 1375 3837; x_wconf 90' lang='lat' dir='ltr'><strong>etc.</strong></span> 
     </span>
     <span class='ocr_line' id='line_1_35' title="bbox 44 3869 1620 3962; baseline 0.006 -28"><span class='ocrx_word' id='word_1_374' title='bbox 44 3869 113 3935; x_wconf 85' lang='lat' dir='ltr'><strong>fides</strong></span> <span class='ocrx_word' id='word_1_375' title='bbox 130 3891 194 3938; x_wconf 92' lang='lat' dir='ltr'><strong>non</strong></span> <span class='ocrx_word' id='word_1_376' title='bbox 211 3879 340 3940; x_wconf 89' lang='lat' dir='ltr'><strong>tantum</strong></span> <span class='ocrx_word' id='word_1_377' title='bbox 352 3880 400 3941; x_wconf 93' lang='lat' dir='ltr'><strong>est</strong></span> <span class='ocrx_word' id='word_1_378' title='bbox 419 3881 564 3960; x_wconf 87' lang='lat' dir='ltr'><strong>respectu</strong></span> <span class='ocrx_word' id='word_1_379' title='bbox 577 3880 732 3960; x_wconf 77' lang='lat' dir='ltr'><strong>essemiae,</strong></span> <span class='ocrx_word' id='word_1_380' title='bbox 748 3882 799 3947; x_wconf 89' lang='lat' dir='ltr'><strong>vel</strong></span> <span class='ocrx_word' id='word_1_381' title='bbox 894 3882 923 3941; x_wconf 87' lang='lat'><strong>3.</strong></span> <span class='ocrx_word' id='word_1_382' title='bbox 939 3876 1141 3956; x_wconf 89' lang='lat' dir='ltr'><strong>ltem,&#39;omne</strong></span> <span class='ocrx_word' id='word_1_383' title='bbox 1153 3880 1238 3962; x_wconf 85' lang='lat' dir='ltr'><strong>quod</strong></span> <span class='ocrx_word' id='word_1_384' title='bbox 1251 3884 1299 3943; x_wconf 91' lang='lat' dir='ltr'><strong>est</strong></span> <span class='ocrx_word' id='word_1_385' title='bbox 1312 3880 1346 3943; x_wconf 94' lang='lat' dir='ltr'><strong>in</strong></span> <span class='ocrx_word' id='word_1_386' title='bbox 1359 3879 1431 3961; x_wconf 92' lang='lat' dir='ltr'><strong>plus</strong></span> <span class='ocrx_word' id='word_1_387' title='bbox 1443 3883 1475 3944; x_wconf 91' lang='lat' dir='ltr'><strong>et</strong></span> <span class='ocrx_word' id='word_1_388' title='bbox 1489 3882 1536 3944; x_wconf 92' lang='lat' dir='ltr'><strong>est</strong></span> <span class='ocrx_word' id='word_1_389' title='bbox 1548 3879 1620 3944; x_wconf 86' lang='lat' dir='ltr'><strong>uni·</strong></span> 
     </span>
     <span class='ocr_line' id='line_1_36' title="bbox 45 3979 1622 4070; baseline 0.008 -31"><span class='ocrx_word' id='word_1_390' title='bbox 45 3979 271 4061; x_wconf 79' lang='lat' dir='ltr'><strong>magnitudinis,</strong></span> <span class='ocrx_word' id='word_1_391' title='bbox 287 3983 449 4048; x_wconf 89' lang='lat' dir='ltr'><strong>sedetiam</strong></span> <span class='ocrx_word' id='word_1_392' title='bbox 460 3985 546 4049; x_wconf 91' lang='lat' dir='ltr'><strong>modi</strong></span> <span class='ocrx_word' id='word_1_393' title='bbox 556 3986 698 4064; x_wconf 86' lang='lat' dir='ltr'><strong>essendi;</strong></span> <span class='ocrx_word' id='word_1_394' title='bbox 714 3991 799 4070; x_wconf 87' lang='lat' dir='ltr'><strong>patet</strong></span> <span class='ocrx_word' id='word_1_395' title='bbox 852 4001 981 4065; x_wconf 87' lang='lat' dir='ltr'><strong>vocum,</strong></span> <span class='ocrx_word' id='word_1_396' title='bbox 997 3990 1044 4049; x_wconf 90' lang='lat' dir='ltr'><strong>est</strong></span> <span class='ocrx_word' id='word_1_397' title='bbox 1057 3986 1238 4050; x_wconf 86' lang='lat' dir='ltr'><strong>universale</strong></span> <span class='ocrx_word' id='word_1_398' title='bbox 1251 3986 1292 4065; x_wconf 88' lang='lat' dir='ltr'><strong>ad</strong></span> <span class='ocrx_word' id='word_1_399' title='bbox 1304 3986 1370 4066; x_wconf 90' lang='lat' dir='ltr'><strong>illa,</strong></span> <span class='ocrx_word' id='word_1_400' title='bbox 1385 3991 1531 4069; x_wconf 88' lang='lat' dir='ltr'><strong>respectu</strong></span> <span class='ocrx_word' id='word_1_401' title='bbox 1545 4004 1622 4069; x_wconf 82' lang='lat' dir='ltr'><strong>quo</strong></span> 
     </span>
     <span class='ocr_line' id='line_1_37' title="bbox 45 4087 1621 4177; baseline 0.004 -26"><span class='ocrx_word' id='word_1_402' title='bbox 45 4087 119 4166; x_wconf 88' lang='lat' dir='ltr'><strong>quod</strong></span> <span class='ocrx_word' id='word_1_403' title='bbox 129 4088 286 4171; x_wconf 88' lang='lat' dir='ltr'><strong>objicitur,</strong></span> <span class='ocrx_word' id='word_1_404' title='bbox 302 4091 731 4174; x_wconf 79' lang='lat' dir='ltr'><strong>«quodnontantumcredit,</strong></span> <span class='ocrx_word' id='word_1_405' title='bbox 741 4094 799 4177; x_wconf 88' lang='lat' dir='ltr'><strong>qui</strong></span> <span class='ocrx_word' id='word_1_406' title='bbox 852 4109 928 4156; x_wconf 91' lang='lat' dir='ltr'><strong>rum</strong></span> <span class='ocrx_word' id='word_1_407' title='bbox 939 4092 1031 4157; x_wconf 89' lang='lat' dir='ltr'><strong>estin</strong></span> <span class='ocrx_word' id='word_1_408' title='bbox 1045 4092 1137 4176; x_wconf 90' lang='lat' dir='ltr'><strong>plus:</strong></span> <span class='ocrx_word' id='word_1_409' title='bbox 1151 4093 1206 4158; x_wconf 88' lang='lat' dir='ltr'><strong>sed</strong></span> <span class='ocrx_word' id='word_1_410' title='bbox 1223 4094 1370 4173; x_wconf 88' lang='lat' dir='ltr'><strong>essentia,</strong></span> <span class='ocrx_word' id='word_1_411' title='bbox 1389 4094 1457 4158; x_wconf 87' lang='lat' dir='ltr'><strong>sive</strong></span> <span class='ocrx_word' id='word_1_412' title='bbox 1472 4093 1621 4157; x_wconf 86' lang='lat' dir='ltr'><strong>substan·</strong></span> 
     </span>
     <span class='ocr_line' id='line_1_38' title="bbox 45 4194 1622 4287; baseline 0.003 -28"><span class='ocrx_word' id='word_1_413' title='bbox 45 4194 240 4264; x_wconf 85' lang='lat' dir='ltr'><strong>creditunam</strong></span> <span class='ocrx_word' id='word_1_414' title='bbox 257 4218 438 4284; x_wconf 88' lang='lat' dir='ltr'><strong>personam,</strong></span> <span class='ocrx_word' id='word_1_415' title='bbox 456 4206 614 4285; x_wconf 81' lang='lat' dir='ltr'><strong>quantum</strong></span> <span class='ocrx_word' id='word_1_416' title='bbox 628 4204 684 4287; x_wconf 80' lang='lat' dir='ltr'><strong>qui</strong></span> <span class='ocrx_word' id='word_1_417' title='bbox 701 4203 799 4269; x_wconf 90' lang='lat' dir='ltr'><strong>credit</strong></span> <span class='ocrx_word' id='word_1_418' title='bbox 852 4197 907 4278; x_wconf 81' lang='lat' dir='ltr'><strong>tia,</strong></span> <span class='ocrx_word' id='word_1_419' title='bbox 930 4202 978 4263; x_wconf 88' lang='lat' dir='ltr'><strong>est</strong></span> <span class='ocrx_word' id='word_1_420' title='bbox 999 4199 1035 4263; x_wconf 91' lang='lat' dir='ltr'><strong>in</strong></span> <span class='ocrx_word' id='word_1_421' title='bbox 1056 4200 1129 4283; x_wconf 90' lang='lat' dir='ltr'><strong>plus</strong></span> <span class='ocrx_word' id='word_1_422' title='bbox 1147 4219 1246 4283; x_wconf 87' lang='lat' dir='ltr'><strong>quam</strong></span> <span class='ocrx_word' id='word_1_423' title='bbox 1267 4219 1416 4284; x_wconf 83' lang='lat' dir='ltr'><strong>persona,</strong></span> <span class='ocrx_word' id='word_1_424' title='bbox 1438 4205 1471 4265; x_wconf 92' lang='lat' dir='ltr'><strong>et</strong></span> <span class='ocrx_word' id='word_1_425' title='bbox 1491 4200 1526 4264; x_wconf 91' lang='lat' dir='ltr'><strong>in</strong></span> <span class='ocrx_word' id='word_1_426' title='bbox 1549 4199 1622 4282; x_wconf 89' lang='lat' dir='ltr'><strong>plus</strong></span> 
     </span>
     <span class='ocr_line' id='line_1_39' title="bbox 45 4300 1622 4389; baseline 0.006 -26"><span class='ocrx_word' id='word_1_427' title='bbox 45 4300 178 4381; x_wconf 72' lang='lat' dir='ltr'><strong>plures.»</strong></span> <span class='ocrx_word' id='word_1_428' title='bbox 852 4305 1039 4385; x_wconf 90' lang='lat' dir='ltr'><strong>univocum,</strong></span> <span class='ocrx_word' id='word_1_429' title='bbox 1054 4306 1140 4389; x_wconf 85' lang='lat' dir='ltr'><strong>quod</strong></span> <span class='ocrx_word' id='word_1_430' title='bbox 1153 4307 1228 4371; x_wconf 90' lang='lat' dir='ltr'><strong>dicit</strong></span> <span class='ocrx_word' id='word_1_431' title='bbox 1240 4326 1341 4371; x_wconf 91' lang='lat' dir='ltr'><strong>unam</strong></span> <span class='ocrx_word' id='word_1_432' title='bbox 1352 4312 1500 4372; x_wconf 88' lang='lat' dir='ltr'><strong>naturam</strong></span> <span class='ocrx_word' id='word_1_433' title='bbox 1511 4324 1622 4389; x_wconf 86' lang='lat' dir='ltr'><strong>reper-</strong></span> 
     </span>
     <span class='ocr_line' id='line_1_40' title="bbox 79 4408 1620 4498; baseline 0.004 -28"><span class='ocrx_word' id='word_1_434' title='bbox 79 4410 107 4471; x_wconf 80' lang='lat' dir='ltr'><strong>t.</strong></span> <span class='ocrx_word' id='word_1_435' title='bbox 127 4408 173 4475; x_wconf 80' lang='lat' dir='ltr'><strong>Ex</strong></span> <span class='ocrx_word' id='word_1_436' title='bbox 192 4411 253 4478; x_wconf 90' lang='lat' dir='ltr'><strong>hoc</strong></span> <span class='ocrx_word' id='word_1_437' title='bbox 269 4415 380 4496; x_wconf 88' lang='lat' dir='ltr'><strong>patent</strong></span> <span class='ocrx_word' id='word_1_438' title='bbox 397 4413 569 4497; x_wconf 83' lang='lat' dir='ltr'><strong>sequentia,</strong></span> <span class='ocrx_word' id='word_1_439' title='bbox 594 4414 672 4498; x_wconf 89' lang='lat' dir='ltr'><strong>quia</strong></span> <span class='ocrx_word' id='word_1_440' title='bbox 692 4434 798 4482; x_wconf 88' lang='lat' dir='ltr'><strong>unum</strong></span> <span class='ocrx_word' id='word_1_441' title='bbox 852 4414 918 4476; x_wconf 87' lang='lat' dir='ltr'><strong>tem</strong></span> <span class='ocrx_word' id='word_1_442' title='bbox 928 4411 1217 4477; x_wconf 88' lang='lat' dir='ltr'><strong>inillissecundum</strong></span> <span class='ocrx_word' id='word_1_443' title='bbox 1227 4413 1423 4479; x_wconf 90' lang='lat' dir='ltr'><strong>identitatem</strong></span> <span class='ocrx_word' id='word_1_444' title='bbox 1436 4436 1443 4478; x_wconf 90' lang='lat'>:</span> <span class='ocrx_word' id='word_1_445' title='bbox 1457 4431 1548 4495; x_wconf 78' lang='lat' dir='ltr'><strong>ergo,</strong></span> <span class='ocrx_word' id='word_1_446' title='bbox 1559 4417 1620 4476; x_wconf 90' lang='lat' dir='ltr'><strong>etc.</strong></span> 
     </span>
     <span class='ocr_line' id='line_1_41' title="bbox 45 4516 1623 4603; baseline 0 -20"><span class='ocrx_word' id='word_1_447' title='bbox 45 4516 165 4596; x_wconf 67' lang='lat' dir='ltr'><strong>estpars</strong></span> <span class='ocrx_word' id='word_1_448' title='bbox 179 4518 279 4583; x_wconf 86' lang='lat' dir='ltr'><strong>trium</strong></span> <span class='ocrx_word' id='word_1_449' title='bbox 297 4519 474 4584; x_wconf 90' lang='lat' dir='ltr'><strong>secundum</strong></span> <span class='ocrx_word' id='word_1_450' title='bbox 493 4520 582 4603; x_wconf 87' lang='lat' dir='ltr'><strong>quod</strong></span> <span class='ocrx_word' id='word_1_451' title='bbox 603 4521 679 4585; x_wconf 90' lang='lat' dir='ltr'><strong>dicit</strong></span> <span class='ocrx_word' id='word_1_452' title='bbox 694 4522 799 4587; x_wconf 87' lang='lat' dir='ltr'><strong>unita·</strong></span> <span class='ocrx_word' id='word_1_453' title='bbox 892 4523 923 4583; x_wconf 81' lang='lat' dir='ltr'><strong>t.</strong></span> <span class='ocrx_word' id='word_1_454' title='bbox 940 4518 1035 4600; x_wconf 88' lang='lat' dir='ltr'><strong>ltem,</strong></span> <span class='ocrx_word' id='word_1_455' title='bbox 1056 4519 1091 4583; x_wconf 91' lang='lat' dir='ltr'><strong>in</strong></span> <span class='ocrx_word' id='word_1_456' title='bbox 1104 4519 1221 4584; x_wconf 86' lang='lat' dir='ltr'><strong>divinis</strong></span> <span class='ocrx_word' id='word_1_457' title='bbox 1237 4524 1284 4584; x_wconf 90' lang='lat' dir='ltr'><strong>est</strong></span> <span class='ocrx_word' id='word_1_458' title='bbox 1302 4520 1576 4597; x_wconf 83' lang='lat' dir='ltr'><strong>communicabile,</strong></span> <span class='ocrx_word' id='word_1_459' title='bbox 1591 4523 1623 4585; x_wconf 89' lang='lat' dir='ltr'><strong>et</strong></span> 
     </span>
     <span class='ocr_line' id='line_1_42' title="bbox 46 4623 1622 4708; baseline 0.005 -25"><span class='ocrx_word' id='word_1_460' title='bbox 46 4623 113 4697; x_wconf 78' lang='lat' dir='ltr'><strong>tem</strong></span> <span class='ocrx_word' id='word_1_461' title='bbox 127 4624 227 4689; x_wconf 87' lang='lat' dir='ltr'><strong>ettria</strong></span> <span class='ocrx_word' id='word_1_462' title='bbox 240 4624 431 4706; x_wconf 69' lang='lat' dir='ltr'><strong>trinitatem</strong></span> <span class='ocrx_word' id='word_1_463' title='bbox 443 4626 498 4691; x_wconf 90' lang='lat' dir='ltr'><strong>sed</strong></span> <span class='ocrx_word' id='word_1_464' title='bbox 510 4644 586 4691; x_wconf 86' lang='lat' dir='ltr'><strong>cum</strong></span> <span class='ocrx_word' id='word_1_465' title='bbox 602 4626 728 4692; x_wconf 87' lang='lat' dir='ltr'><strong>additur</strong></span> <span class='ocrx_word' id='word_1_466' title='bbox 737 4627 798 4694; x_wconf 90' lang='lat' dir='ltr'><strong>hoc</strong></span> <span class='ocrx_word' id='word_1_467' title='bbox 852 4625 1173 4691; x_wconf 86' lang='lat' dir='ltr'><strong>incommunicabile:</strong></span> <span class='ocrx_word' id='word_1_468' title='bbox 1194 4630 1250 4691; x_wconf 91' lang='lat' dir='ltr'><strong>aut</strong></span> <span class='ocrx_word' id='word_1_469' title='bbox 1262 4644 1340 4708; x_wconf 79' lang='lat' dir='ltr'><strong>ergo</strong></span> <span class='ocrx_word' id='word_1_470' title='bbox 1352 4626 1476 4705; x_wconf 90' lang='lat' dir='ltr'><strong>eodem,</strong></span> <span class='ocrx_word' id='word_1_471' title='bbox 1491 4630 1548 4690; x_wconf 91' lang='lat' dir='ltr'><strong>aut</strong></span> <span class='ocrx_word' id='word_1_472' title='bbox 1560 4626 1622 4691; x_wconf 91' lang='lat' dir='ltr'><strong>alio</strong></span> 
     </span>
     <span class='ocr_line' id='line_1_43' title="bbox 47 4731 1622 4815; baseline 0.006 -26"><span class='ocrx_word' id='word_1_473' title='bbox 47 4743 317 4814; x_wconf 79' lang='lat' dir='ltr'><strong>nomen-persono,</strong></span> <span class='ocrx_word' id='word_1_474' title='bbox 331 4733 528 4811; x_wconf 87' lang='lat' dir='ltr'><strong>distrahitur,</strong></span> <span class='ocrx_word' id='word_1_475' title='bbox 552 4739 585 4799; x_wconf 87' lang='lat' dir='ltr'><strong>et</strong></span> <span class='ocrx_word' id='word_1_476' title='bbox 603 4752 670 4799; x_wconf 91' lang='lat' dir='ltr'><strong>non</strong></span> <span class='ocrx_word' id='word_1_477' title='bbox 690 4740 799 4801; x_wconf 88' lang='lat' dir='ltr'><strong>manet</strong></span> <span class='ocrx_word' id='word_1_478' title='bbox 852 4737 885 4797; x_wconf 89' lang='lat' dir='ltr'><strong>et</strong></span> <span class='ocrx_word' id='word_1_479' title='bbox 897 4733 981 4798; x_wconf 89' lang='lat' dir='ltr'><strong>alio:</strong></span> <span class='ocrx_word' id='word_1_480' title='bbox 1001 4751 1069 4797; x_wconf 92' lang='lat' dir='ltr'><strong>non</strong></span> <span class='ocrx_word' id='word_1_481' title='bbox 1090 4731 1213 4810; x_wconf 90' lang='lat' dir='ltr'><strong>eodem,</strong></span> <span class='ocrx_word' id='word_1_482' title='bbox 1237 4732 1314 4815; x_wconf 87' lang='lat' dir='ltr'><strong>quia</strong></span> <span class='ocrx_word' id='word_1_483' title='bbox 1332 4732 1411 4797; x_wconf 93' lang='lat' dir='ltr'><strong>illud</strong></span> <span class='ocrx_word' id='word_1_484' title='bbox 1428 4751 1495 4796; x_wconf 92' lang='lat' dir='ltr'><strong>non</strong></span> <span class='ocrx_word' id='word_1_485' title='bbox 1513 4736 1561 4797; x_wconf 88' lang='lat' dir='ltr'><strong>est</strong></span> <span class='ocrx_word' id='word_1_486' title='bbox 1572 4735 1622 4798; x_wconf 92' lang='lat' dir='ltr'><strong>in·</strong></span> 
     </span>
     <span class='ocr_line' id='line_1_44' title="bbox 46 4832 1623 4925; baseline 0.005 -29"><span class='ocrx_word' id='word_1_487' title='bbox 46 4832 333 4904; x_wconf 88' lang='lat' dir='ltr'><strong>illaratiounitatis:</strong></span> <span class='ocrx_word' id='word_1_488' title='bbox 348 4841 419 4905; x_wconf 89' lang='lat' dir='ltr'><strong>ideo</strong></span> <span class='ocrx_word' id='word_1_489' title='bbox 428 4860 488 4905; x_wconf 89' lang='lat' dir='ltr'><strong>nec</strong></span> <span class='ocrx_word' id='word_1_490' title='bbox 496 4842 577 4906; x_wconf 90' lang='lat' dir='ltr'><strong>ratio</strong></span> <span class='ocrx_word' id='word_1_491' title='bbox 586 4841 795 4925; x_wconf 83' lang='lat' dir='ltr'><strong>partialitatis.</strong></span> <span class='ocrx_word' id='word_1_492' title='bbox 852 4839 1024 4920; x_wconf 77' lang='lat' dir='ltr'><strong>telligibile,</strong></span> <span class='ocrx_word' id='word_1_493' title='bbox 1040 4838 1127 4921; x_wconf 84' lang='lat' dir='ltr'><strong>quod</strong></span> <span class='ocrx_word' id='word_1_494' title='bbox 1141 4857 1182 4902; x_wconf 83' lang='lat' dir='ltr'><strong>ex</strong></span> <span class='ocrx_word' id='word_1_495' title='bbox 1196 4838 1307 4902; x_wconf 89' lang='lat' dir='ltr'><strong>eodem</strong></span> <span class='ocrx_word' id='word_1_496' title='bbox 1321 4840 1429 4903; x_wconf 87' lang='lat' dir='ltr'><strong>veniat</strong></span> <span class='ocrx_word' id='word_1_497' title='bbox 1442 4841 1623 4904; x_wconf 90' lang='lat' dir='ltr'><strong>communi-</strong></span> 
     </span>
     <span class='ocr_line' id='line_1_45' title="bbox 82 4943 1623 5032; baseline 0.004 -27"><span class='ocrx_word' id='word_1_498' title='bbox 82 4945 109 5005; x_wconf 82' lang='lat' dir='ltr'><strong>o.</strong></span> <span class='ocrx_word' id='word_1_499' title='bbox 132 4943 180 5008; x_wconf 76' lang='lat' dir='ltr'><strong>ld</strong></span> <span class='ocrx_word' id='word_1_500' title='bbox 204 4945 282 5011; x_wconf 89' lang='lat' dir='ltr'><strong>illud</strong></span> <span class='ocrx_word' id='word_1_501' title='bbox 306 4947 392 5030; x_wconf 87' lang='lat' dir='ltr'><strong>quod</strong></span> <span class='ocrx_word' id='word_1_502' title='bbox 419 4948 569 5030; x_wconf 89' lang='lat' dir='ltr'><strong>objicitur</strong></span> <span class='ocrx_word' id='word_1_503' title='bbox 593 4948 680 5032; x_wconf 84' lang='lat' dir='ltr'><strong>quod</strong></span> <span class='ocrx_word' id='word_1_504' title='bbox 703 4967 798 5016; x_wconf 92' lang='lat' dir='ltr'><strong>omne</strong></span> <span class='ocrx_word' id='word_1_505' title='bbox 851 4950 900 5011; x_wconf 88' lang='lat' dir='ltr'><strong>tas</strong></span> <span class='ocrx_word' id='word_1_506' title='bbox 918 4949 949 5009; x_wconf 87' lang='lat' dir='ltr'><strong>et</strong></span> <span class='ocrx_word' id='word_1_507' title='bbox 960 4945 1146 5029; x_wconf 89' lang='lat' dir='ltr'><strong>proprietas,</strong></span> <span class='ocrx_word' id='word_1_508' title='bbox 1165 4944 1387 5009; x_wconf 81' lang='lat' dir='ltr'><strong>convenientia</strong></span> <span class='ocrx_word' id='word_1_509' title='bbox 1399 4950 1431 5009; x_wconf 88' lang='lat' dir='ltr'><strong>et</strong></span> <span class='ocrx_word' id='word_1_510' title='bbox 1444 4945 1623 5011; x_wconf 75' lang='lat' dir='ltr'><strong>differentia</strong></span> 
     </span>
     <span class='ocr_line' id='line_1_46' title="bbox 40 5049 1622 5137; baseline 0.003 -24"><span class='ocrx_word' id='word_1_511' title='bbox 40 5049 123 5129; x_wconf 76' lang='lat' dir='ltr'><strong>¹utrod</strong></span> <span class='ocrx_word' id='word_1_512' title='bbox 135 5052 322 5135; x_wconf 75' lang='lat' dir='ltr'><strong>predicatur</strong></span> <span class='ocrx_word' id='word_1_513' title='bbox 334 5054 443 5135; x_wconf 70' lang='lat' dir='ltr'><strong>simul</strong></span> <span class='ocrx_word' id='word_1_514' title='bbox 457 5059 490 5120; x_wconf 88' lang='lat' dir='ltr'><strong>et</strong></span> <span class='ocrx_word' id='word_1_515' title='bbox 506 5054 546 5119; x_wconf 90' lang='lat' dir='ltr'><strong>de</strong></span> <span class='ocrx_word' id='word_1_516' title='bbox 558 5055 661 5135; x_wconf 92' lang='lat' dir='ltr'><strong>nullo,</strong></span> <span class='ocrx_word' id='word_1_517' title='bbox 677 5059 752 5137; x_wconf 79' lang='lat' dir='ltr'><strong>ete,</strong></span> <span class='ocrx_word' id='word_1_518' title='bbox 766 5060 798 5122; x_wconf 88' lang='lat' dir='ltr'><strong>et</strong></span> <span class='ocrx_word' id='word_1_519' title='bbox 851 5051 1046 5137; x_wconf 83' lang='lat' dir='ltr'><strong>personalis:</strong></span> <span class='ocrx_word' id='word_1_520' title='bbox 1059 5050 1254 5133; x_wconf 79' lang='lat' dir='ltr'><strong>ergoaltoet</strong></span> <span class='ocrx_word' id='word_1_521' title='bbox 1266 5050 1348 5116; x_wconf 84' lang='lat' dir='ltr'><strong>elio:</strong></span> <span class='ocrx_word' id='word_1_522' title='bbox 1362 5069 1454 5133; x_wconf 78' lang='lat' dir='ltr'><strong>ergo,</strong></span> <span class='ocrx_word' id='word_1_523' title='bbox 1467 5051 1622 5125; x_wconf 87' lang='lat' dir='ltr'><strong>sialioest</strong></span> 
     </span>
    </p>
   </div>
   <div class='ocr_carea' id='block_1_6' title="bbox 49 5243 1620 5388">
    <p class='ocr_par' dir='ltr' id='par_1_8' title="bbox 49 5243 1620 5388">
     <span class='ocr_line' id='line_1_47' title="bbox 75 5243 1619 5317; baseline 0.005 -24"><span class='ocrx_word' id='word_1_524' title='bbox 75 5243 130 5308; x_wconf 79' lang='lat' dir='ltr'><strong>¹0s.</strong></span> <span class='ocrx_word' id='word_1_525' title='bbox 143 5245 225 5311; x_wconf 75' lang='lat' dir='ltr'><strong>AEgid.</strong></span> <span class='ocrx_word' id='word_1_526' title='bbox 236 5249 320 5314; x_wconf 84' lang='lat' dir='ltr'><strong>Rom,</strong></span> <span class='ocrx_word' id='word_1_527' title='bbox 337 5250 348 5301; x_wconf 95' lang='lat' dir='ltr'><strong>l</strong></span> <span class='ocrx_word' id='word_1_528' title='bbox 363 5249 442 5313; x_wconf 74' lang='lat' dir='ltr'><strong>Sene,</strong></span> <span class='ocrx_word' id='word_1_529' title='bbox 459 5248 518 5301; x_wconf 87' lang='lat' dir='ltr'><strong>dist.</strong></span> <span class='ocrx_word' id='word_1_530' title='bbox 528 5260 584 5313; x_wconf 76' lang='lat' dir='ltr'><strong>xcx,</strong></span> <span class='ocrx_word' id='word_1_531' title='bbox 597 5248 681 5314; x_wconf 83' lang='lat' dir='ltr'><strong>princ.</strong></span> <span class='ocrx_word' id='word_1_532' title='bbox 692 5253 717 5315; x_wconf 81' lang='lat'><strong>2,</strong></span> <span class='ocrx_word' id='word_1_533' title='bbox 737 5265 763 5316; x_wconf 89' lang='lat' dir='ltr'><strong>q.</strong></span> <span class='ocrx_word' id='word_1_534' title='bbox 773 5264 796 5317; x_wconf 85' lang='lat'><strong>¹3</strong></span> <span class='ocrx_word' id='word_1_535' title='bbox 852 5251 911 5314; x_wconf 88' lang='lat' dir='ltr'><strong>dist,</strong></span> <span class='ocrx_word' id='word_1_536' title='bbox 922 5262 978 5314; x_wconf 71' lang='grc' dir='ltr'><strong>ιιι,</strong></span> <span class='ocrx_word' id='word_1_537' title='bbox 992 5264 1019 5315; x_wconf 88' lang='lat' dir='ltr'><strong>q.</strong></span> <span class='ocrx_word' id='word_1_538' title='bbox 1032 5262 1075 5313; x_wconf 79' lang='lat' dir='ltr'><strong>r1;</strong></span> <span class='ocrx_word' id='word_1_539' title='bbox 1090 5252 1180 5300; x_wconf 85' lang='lat' dir='ltr'><strong>Petrus</strong></span> <span class='ocrx_word' id='word_1_540' title='bbox 1197 5247 1230 5299; x_wconf 89' lang='lat' dir='ltr'><strong>de</strong></span> <span class='ocrx_word' id='word_1_541' title='bbox 1243 5249 1357 5313; x_wconf 80' lang='lat' dir='ltr'><strong>Tarant,</strong></span> <span class='ocrx_word' id='word_1_542' title='bbox 1370 5250 1378 5299; x_wconf 92' lang='lat' dir='ltr'><strong>l</strong></span> <span class='ocrx_word' id='word_1_543' title='bbox 1394 5248 1475 5312; x_wconf 78' lang='lat' dir='ltr'><strong>sent,</strong></span> <span class='ocrx_word' id='word_1_544' title='bbox 1488 5249 1547 5300; x_wconf 89' lang='lat' dir='ltr'><strong>dist.</strong></span> <span class='ocrx_word' id='word_1_545' title='bbox 1557 5260 1619 5316; x_wconf 79' lang='lat' dir='ltr'><strong>xlx,</strong></span> 
     </span>
     <span class='ocr_line' id='line_1_48' title="bbox 49 5312 1620 5388; baseline 0.005 -25"><span class='ocrx_word' id='word_1_546' title='bbox 49 5312 176 5380; x_wconf 82' lang='lat' dir='ltr'><strong>demicus,</strong></span> <span class='ocrx_word' id='word_1_547' title='bbox 190 5319 217 5368; x_wconf 92' lang='lat' dir='ltr'><strong>in</strong></span> <span class='ocrx_word' id='word_1_548' title='bbox 236 5319 353 5384; x_wconf 85' lang='lat' dir='ltr'><strong>Summo,</strong></span> <span class='ocrx_word' id='word_1_549' title='bbox 373 5324 514 5384; x_wconf 83' lang='lat' dir='ltr'><strong>art.xn1u,</strong></span> <span class='ocrx_word' id='word_1_550' title='bbox 529 5335 572 5384; x_wconf 86' lang='lat' dir='ltr'><strong>qu.</strong></span> <span class='ocrx_word' id='word_1_551' title='bbox 587 5325 602 5371; x_wconf 77' lang='lat'>2</span> <span class='ocrx_word' id='word_1_552' title='bbox 608 5335 617 5384; x_wconf 82' lang='lat'>3</span> <span class='ocrx_word' id='word_1_553' title='bbox 639 5322 796 5388; x_wconf 72' lang='lat' dir='ltr'><strong>menardus,</strong></span> <span class='ocrx_word' id='word_1_554' title='bbox 852 5336 878 5387; x_wconf 83' lang='lat' dir='ltr'><strong>q.</strong></span> <span class='ocrx_word' id='word_1_555' title='bbox 892 5321 1235 5382; x_wconf 80' lang='lat' dir='ltr'><strong>v1u.-¹.loan.llamasc.,</strong></span> <span class='ocrx_word' id='word_1_556' title='bbox 1256 5319 1287 5368; x_wconf 84' lang='lat' dir='ltr'><strong>de</strong></span> <span class='ocrx_word' id='word_1_557' title='bbox 1300 5318 1403 5370; x_wconf 81' lang='lat' dir='ltr'><strong>Orttod.</strong></span> <span class='ocrx_word' id='word_1_558' title='bbox 1418 5319 1495 5381; x_wconf 81' lang='lat' dir='ltr'><strong>Fide,</strong></span> <span class='ocrx_word' id='word_1_559' title='bbox 1511 5321 1555 5373; x_wconf 84' lang='lat' dir='ltr'><strong>tib.</strong></span> <span class='ocrx_word' id='word_1_560' title='bbox 1568 5322 1620 5387; x_wconf 89' lang='lat' dir='ltr'><strong>lll,</strong></span> 
     </span>
    </p>
   </div>
   <div class='ocr_carea' id='block_1_7' title="bbox 49 5385 1481 5460">
    <p class='ocr_par' dir='ltr' id='par_1_9' title="bbox 49 5385 1481 5460">
     <span class='ocr_line' id='line_1_49' title="bbox 49 5385 1481 5460; baseline 0.003 -23"><span class='ocrx_word' id='word_1_561' title='bbox 49 5385 56 5434; x_wconf 98' lang='lat' dir='ltr'><strong>l</strong></span> <span class='ocrx_word' id='word_1_562' title='bbox 67 5386 138 5451; x_wconf 60' lang='lat' dir='ltr'><strong>Stat,</strong></span> <span class='ocrx_word' id='word_1_563' title='bbox 152 5389 209 5441; x_wconf 86' lang='lat' dir='ltr'><strong>dist.</strong></span> <span class='ocrx_word' id='word_1_564' title='bbox 223 5402 277 5457; x_wconf 81' lang='lat' dir='ltr'><strong>m,</strong></span> <span class='ocrx_word' id='word_1_565' title='bbox 290 5395 372 5457; x_wconf 62' lang='lat' dir='ltr'><strong>arti,</strong></span> <span class='ocrx_word' id='word_1_566' title='bbox 382 5406 410 5458; x_wconf 83' lang='lat' dir='ltr'><strong>q.</strong></span> <span class='ocrx_word' id='word_1_567' title='bbox 422 5404 457 5457; x_wconf 89' lang='lat'><strong>11;</strong></span> <span class='ocrx_word' id='word_1_568' title='bbox 473 5393 562 5457; x_wconf 86' lang='lat' dir='ltr'><strong>Steph.</strong></span> <span class='ocrx_word' id='word_1_569' title='bbox 574 5392 679 5460; x_wconf 70' lang='lat' dir='ltr'><strong>Brulet,</strong></span> <span class='ocrx_word' id='word_1_570' title='bbox 692 5396 703 5447; x_wconf 97' lang='lat' dir='ltr'><strong>l</strong></span> <span class='ocrx_word' id='word_1_571' title='bbox 717 5395 798 5459; x_wconf 77' lang='lat' dir='ltr'><strong>sma,</strong></span> <span class='ocrx_word' id='word_1_572' title='bbox 852 5409 875 5446; x_wconf 91' lang='lat' dir='ltr'><strong>c.</strong></span> <span class='ocrx_word' id='word_1_573' title='bbox 886 5405 911 5445; x_wconf 82' lang='lat' dir='ltr'><strong>vl</strong></span> <span class='ocrx_word' id='word_1_574' title='bbox 926 5391 1187 5458; x_wconf 76' lang='lat' dir='ltr'><strong>et1t.-¹Arist.,cte</strong></span> <span class='ocrx_word' id='word_1_575' title='bbox 1199 5391 1318 5457; x_wconf 58' lang='grc' dir='ltr'><strong>ωερε,</strong></span> <span class='ocrx_word' id='word_1_576' title='bbox 1330 5390 1377 5444; x_wconf 90' lang='lat' dir='ltr'><strong>lib.</strong></span> <span class='ocrx_word' id='word_1_577' title='bbox 1386 5392 1407 5455; x_wconf 88' lang='lat'><strong>1,</strong></span> <span class='ocrx_word' id='word_1_578' title='bbox 1419 5405 1443 5445; x_wconf 87' lang='grc' dir='ltr'><strong>ε.</strong></span> <span class='ocrx_word' id='word_1_579' title='bbox 1455 5403 1481 5442; x_wconf 82' lang='lat' dir='ltr'><strong>r.</strong></span> 
     </span>
    </p>
   </div>
   <div class='ocr_carea' id='block_1_8' title="bbox 0 0 2055 6292">
    <p class='ocr_par' dir='ltr' id='par_1_10' title="bbox 0 0 2055 6292">
     <span class='ocr_line' id='line_1_50' title="bbox 0 0 2055 6292; baseline 0 0"><span class='ocrx_word' id='word_1_580' title='bbox 0 0 2055 6292; x_wconf 95' lang='lat' dir='ltr'><strong> </strong></span> 
     </span>
    </p>
   </div>
  </div>
 </body>
</html>
