4100 6300
807 453 945 521 scorto
963 450 1035 521 111!
1396 495 1403 513 ι
1598 473 1684 520 mn

101 590 211 664 luisset,
226 588 306 653 forte
319 588 451 671 quidam
464 587 619 671 anonymi
638 586 870 668 occurrissent3
887 590 941 654 sed
963 588 1045 653 nulli
1059 588 1190 653 nomine
1204 588 1351 654 Auctoris
1370 588 1530 670 insigniti,
1549 590 1606 671 qrri
1618 607 1685 655 non

103 699 225 779 Henapo
238 696 438 760 vindicarent
453 718 460 758 :
476 699 560 759 certe
573 700 643 778 post
656 697 703 759 tot
715 695 863 761 lustratas
881 696 1090 760 Bibliothecae
1110 696 1236 760 nullum
1255 697 1375 778 profert
1396 697 1488 763 alva.

137 802 345 868 additionem
358 804 523 885 antiquam
537 803 739 868 laudatAlvo
759 803 819 868 boc
838 804 931 869 titulo
952 827 959 868 ε
978 804 1121 886 «Incipit
1133 804 1323 887 praclarum
1346 803 1450 887 opus,
1471 806 1556 888 quod
1580 805 1687 873 ottob

100 928 268 997 pauperum
288 910 464 994 appelletur
485 911 605 975 editum
625 912 693 975 all.
715 911 942 977 Beneventum
964 912 1038 977 Ord.
1062 911 1138 975 Min.
1162 911 1226 977 luc.
1251 912 1473 990 Abstinentio,
1489 918 1548 976 etc.
1572 913 1684 978 Finis:

101 1019 286 1102 Ecpttciaat
300 1020 445 1101 exempto
458 1021 562 1086 Sacro
578 1019 752 1102 scripturo
766 1020 922 1087 ordinato
936 1018 1112 1085 secusdum
1127 1019 1344 1101 sidercum,
1360 1027 1398 1088 at
1410 1022 1536 1101 possint
1552 1022 1687 1101 fectitas

101 1145 120 1194 o
129 1126 392 1210 pcdtcmortoor
407 1126 729 1206 iooeot‘rt',·Veuetiis,
739 1127 786 1191 Jo.
801 1128 840 1192 de
855 1127 1024 1192 Coloniaet
1042 1125 1248 1203 Gherrelrem,
1262 1131 1352 1206 litt,
1367 1128 1476 1191 iul.»
1493 1127 1583 1206 Quod
1594 1147 1686 1212 opus,

99 1237 124 1298 si
136 1253 198 1298 non
211 1234 252 1297 sit
270 1233 374 1311 aliud,
389 1240 426 1298 ut
443 1234 554 1298 asserit
585 1234 667 1298 Alva
682 1239 714 1299 et
736 1235 840 1318 prima
862 1252 903 1298 ex
921 1235 1024 1298 trente
1043 1239 1192 1316 apparet,
1211 1253 1311 1316 quam
1331 1234 1438 1317 ipsum
1457 1238 1543 1318 tipus
1563 1235 1689 1319 Hanapi

98 1345 269 1418 inversum,
282 1342 399 1405 scilicet
416 1346 451 1405 ut
464 1342 549 1424 quod
560 1341 613 1405 hie
632 1343 746 1407 ordine
759 1342 900 1425 quodam
914 1341 1067 1405 doctrinae
1083 1341 1231 1420 tradidit,
1245 1341 1281 1404 in
1295 1341 1349 1406 illo
1362 1343 1472 1406 ordine
1491 1343 1689 1425 alphabetico

99 1450 295 1526 exhibeatur,
312 1450 371 1514 erit
384 1450 526 1514 bominis
537 1450 627 1514 otiosi
647 1469 713 1515 non
733 1468 873 1531 magnus
891 1449 996 1526 labor,
1013 1450 1068 1514 sed
1085 1467 1151 1513 non
1169 1447 1395 1514 Beneventum
1412 1450 1511 1531 digna
1529 1450 1689 1515 bonarum

98 1558 248 1622 boramm
257 1557 448 1636 lucubratio,
464 1558 550 1622 unde
563 1577 623 1622 nec
636 1558 720 1623 inter
732 1561 804 1640 ejus
817 1575 914 1640 opera
925 1556 1036 1621 relate.
1052 1555 1176 1632 Quibus
1189 1556 1320 1639 qrridem
1333 1557 1490 1621 hactenus
1503 1558 1689 1641 simpliciter
1770 1579 1774 1586 ·

99 1664 258 1747 expositis,
272 1665 417 1748 quisquis
427 1666 575 1730 cordatus
585 1666 751 1749 judicabit,
765 1664 876 1730 simeo
890 1683 942 1729 me
956 1682 1021 1728 nou
1034 1663 1114 1728 fallit
1125 1663 1244 1746 opinio,
1259 1665 1430 1730 momentis
1439 1666 1588 1731 omnibus
1596 1666 1687 1734 Alvos

98 1770 133 1834 to
146 1784 203 1834 suo
215 1768 343 1851 Pbotos
356 1768 395 1835 de
412 1769 459 1836 tos
473 1768 580 1841 tidros,
595 1785 630 1850 p.
646 1773 716 1848 567,
730 1768 824 1852 plene
837 1772 957 1835 iactum
968 1771 1055 1836 satis.
1070 1793 1085 1830 s

136 1875 295 1941 Hactenus
312 1875 347 1941 P.
361 1876 535 1958 Ecrardus,
555 1880 614 1972 qrri
624 1883 742 1962 praeter
760 1880 930 1962 egregiam
945 1897 1124 1959 censuram,
1138 1881 1261 1944 veteres
1274 1880 1370 1944 etiam
1387 1880 1550 1959 editiones,
1563 1886 1595 1946 et
1611 1881 1685 1947 Mss.

98 1983 217 2049 codices
236 1983 346 2064 affert,
363 2002 444 2067 quos
458 2001 556 2073 penes
567 1985 661 2051 illum
674 1986 840 2053 considere
852 1986 979 2070 poteris.

840 2229 943 2321 §W-
1036 2239 1043 2256 '

117 2398 163 2467 De
174 2398 344 2486 Asceticis,
360 2400 466 2493 deque
479 2400 537 2487 iis,
553 2422 629 2493 quae
641 2422 719 2470 cum
733 2399 774 2469 ad
788 2398 1020 2492 persolvendas
1032 2398 1163 2486 laudes,
1179 2407 1251 2468 tum
1266 2399 1308 2468 ed
1325 2407 1410 2469 recte
1423 2399 1667 2492 componendos

739 2529 847 2576 mores
869 2507 1045 2600 pertinent.

470 2707 495 2771 l.
508 2708 651 2791 Mystico
670 2706 851 2790 Theolopio.
867 2706 933 2771 Ine.
953 2706 1023 2772 Vioe
1038 2705 1115 2773 Sion
1127 2707 1245 2790 boeot,
1261 2709 1321 2771 etc.

133 2867 274 2931 Estsane
287 2867 375 2949 qnod
387 2867 558 2946 miremur,
575 2867 735 2934 Romarm
756 2868 900 2934 Editcres
922 2869 1074 2934 adductos
1086 2868 1215 2933 tandem
1228 2869 1335 2947 inisse,
1355 2870 1391 2932 ut
1404 2877 1525 2946 unum,
1539 2870 1596 2931 aut
1613 2866 1691 2932 alte·

95 2993 167 3039 rum
180 2973 383 3059 opusculum
396 2976 431 3039 in
441 2976 604 3041 sentinam
618 2977 797 3060 rejicerent.
813 2975 901 3040 Hanc
913 2981 949 3041 ut
963 2977 1136 3059 Mysticoot
1150 2976 1353 3059 Theodoriana
1369 2973 1604 3058 supposititiam
1617 2991 1694 3059 pro·

94 3083 180 3165 bant,
190 3084 366 3167 antiquum
375 3085 540 3168 proterunt
552 3083 609 3148 bis.
623 3084 775 3163 codicem,
791 3087 884 3168 cujus
896 3102 935 3150 ea
945 3089 993 3148 est
1003 3083 1167 3167 inscriptio
1180 3103 1189 3147 ι
1203 3084 1296 3148 tosus
1307 3082 1454 3148 oortstcs
1463 3077 1691 3165 dissimilitas.

94 3192 213 3276 lnctptt
235 3194 330 3273 tiber,
344 3197 402 3277 qut
424 3194 547 3260 dicitur
560 3194 700 3277 Mystico
721 3192 912 3276 Theoloot'o:
931 3192 987 3257 ubi
1000 3211 1106 3256 sermo
1119 3193 1156 3255 ot
1174 3192 1215 3256 de
1235 3191 1411 3268 beneflciis,
1427 3206 1497 3273 cap.
1516 3208 1540 3268 1,
1561 3196 1643 3274 part.
1657 3210 1692 3272 u,

94 3299 162 3365 loco
172 3302 309 3366 illorum
321 3303 495 3367 verborum
511 3320 519 3365 ε
534 3319 627 3384 qoem
641 3302 785 3367 marimo
801 3299 846 3366 od
857 3300 1041 3383 cotidianam
1052 3303 1205 3366 hotrum
1215 3300 1377 3366 Minoum
1394 3297 1513 3365 dtoino
1525 3298 1695 3366 clementio
1711 3282 1714 3287 ’

92 3408 555 3488 accomomdatius:
570 3410 628 3491 qct
637 3410 782 3474 mactum
796 3410 903 3490 ipsam
916 3407 961 3474 od
971 3408 1159 3491 calistenem
1174 3407 1410 3474 carthusiensis
1424 3405 1560 3473 &dicta
1573 3406 1694 3473 dictae

94 3515 264 3585 comestio
280 3519 479 3599 ptooooooo't.
500 3516 549 3580 Ex
568 3533 633 3598 quo
649 3517 867 3597 conjecturam
881 3515 1016 3595 faciunt,
1032 3517 1223 3599 opusculum
1244 3515 1305 3580 hcc
1321 3517 1362 3579 ab
1380 3514 1487 3597 aliquo
1500 3513 1694 3579 cartusiensi

93 3621 224 3688 alumno
247 3625 468 3707 conscriptum
482 3624 588 3688 fuisse.
610 3622 713 3701 Quam
728 3626 838 3687 tamen
852 3624 1069 3705 conjecturam
1083 3641 1149 3687 nou
1167 3623 1321 3705 approbet
1340 3621 1375 3686 Ρ.
1389 3618 1587 3703 Weddingrus
1600 3623 1622 3701 ¹,
1638 3622 1696 3705 qui

92 3730 221 3795 nullum
238 3731 381 3815 lapidem
394 3748 460 3796 non
472 3734 591 3809 movet,
602 3737 640 3796 ut
649 3731 712 3795 boc
724 3730 888 3813 exemplar
903 3730 1088 3797 Cartueieno
1108 3730 1331 3811 subducatis),
1347 3733 1379 3793 et
1392 3728 1624 3794 Beneventurae
1638 3729 1696 3793 tri-

93 3836 179 3901 buat.
194 3837 231 3903 ld
242 3857 324 3903 cum
342 3839 426 3919 laed,
441 3839 563 3903 mirum
576 3845 734 3921 quantum
749 3842 938 3920 contorquet
949 3856 1002 3918 se,
1016 3856 1091 3901 cum
1105 3838 1140 3900 in
1154 3837 1313 3901 editorum
1332 3836 1438 3901 codice
1456 3835 1694 3919 proscribendo,

93 3948 162 4008 tum
174 3946 210 4009 in
223 3949 392 4011 rationum
405 3946 577 4011 momentis
590 3946 827 4029 conquirendis.
843 3944 903 4010 Sed
924 3946 1043 4009 frustra
1058 3967 1066 4007 :
1081 3962 1169 4023 nem,
1184 3949 1221 4007 ut
1236 3943 1374 4026 perbene
1388 3947 1498 4008 monet
1512 3944 1658 4010 oudinus
1671 3945 1695 4024 ¹,

93 4049 235 4136 Mysticae
248 4054 354 4136 huJ‘us
374 4057 485 4118 auctor
499 4073 585 4117 unus
599 4053 765 4117 habendus
780 4058 828 4118 est
839 4052 995 4117 Hearicus
1008 4052 1048 4117 de
1061 4051 1185 4130 balma,
1201 4049 1364 4116 Minorem
1382 4049 1508 4116 Ordinis
1522 4052 1651 4130 assecla,
1666 4053 1698 4115 et

93 4157 127 4223 B.
141 4161 259 4225 Coletae
274 4161 480 4226 conscientiae
493 4162 612 4225 arbiter
623 4163 655 4225 et
669 4161 833 4243 magister.
856 4160 922 4226 Sub
936 4163 1006 4243 eJus
1019 4159 1150 4224 nomine
1169 4157 1227 4222 Me.
1252 4164 1355 4223 exstat
1370 4158 1404 4221 in
1418 4158 1565 4241 pluribus
1588 4158 1696 4223 Galliac

92 4267 307 4348 bibliothecis,
325 4273 361 4333 ut
372 4269 405 4332 in
419 4268 610 4333 bibliotheca
623 4268 738 4332 Gesalis
751 4267 928 4348 benedicti,
945 4268 1001 4333 ubi
1014 4268 1060 4331 sic
1074 4266 1257 4330 inscribitur
1273 4288 1280 4329 :
1297 4267 1460 4332 Hecrious
1474 4265 1513 4331 de
1527 4265 1641 4333 Bolmo
1657 4265 1697 4331 de

94 4376 218 4458 triptici
230 4379 293 4443 cto
309 4376 355 4442 cd
368 4378 575 4459 septentiam.
598 4375 663 4440 luc.
685 4374 1057 4459 reascendentes.
1074 4376 1162 4441 Licet
1177 4375 1232 4440 loc
1245 4374 1373 4440 certem
1391 4374 1515 4440 dicerit
1531 4375 1696 4452 ieremias,

93 4488 150 4549 etc.
167 4484 205 4549 ln
225 4486 312 4551 Bibl.
339 4485 372 4550 S.
393 4483 527 4549 Victoris
546 4484 744 4567 parisiensis,
765 4487 814 4550 lit.
840 4483 904 4563 llll,
929 4487 968 4547 ΙΙ
991 4504 999 4547 :
1023 4483 1159 4548 chriot'
1180 4481 1219 4547 ds
1236 4481 1352 4548 Botm
1371 4480 1410 4547 de
1431 4480 1556 4562 triptici
1578 4482 1635 4547 oio
1654 4481 1699 4548 ad

93 4594 307 4673 amentiam.
329 4591 461 4657 Nullum
474 4610 554 4674 ergo
566 4594 720 4674 dubium,
731 4595 812 4678 quin
825 4590 955 4657 Henmci
966 4591 1006 4656 de
1020 4588 1131 4654 Balma
1145 4589 1241 4655 ioetus
1253 4591 1303 4670 sit,
1320 4608 1395 4654 cum
1411 4593 1458 4654 tot
1472 4589 1593 4654 codices
1606 4587 1699 4653 nobis

94 4703 245 4766 oratum
257 4701 391 4767 tament.

436 4860 476 4926 ll.
492 4862 649 4929 stimulus
664 4864 795 4929 ammo.
812 4850 996 4942 Inc.1tdte,
1012 4862 1156 4943 Domine,
1173 4865 1291 4944 bocci,
1303 4868 1364 4930 etc.

134 5022 283 5091 Sufficiat
298 5023 447 5089 recitasse
464 5043 513 5105 ee,
528 5041 602 5106 quae
615 5043 683 5107 cap.
703 5043 737 5088 u.
750 5025 850 5107 partis
860 5024 976 5108 prioris
989 5022 1101 5089 stolide
1116 5024 1225 5088 scribit
1237 5024 1374 5105 Auctor,
1390 5028 1427 5089 ut
1441 5022 1579 5110 quisque
1593 5024 1700 5090 videat

97 5150 153 5214 per
167 5153 213 5212 se,
234 5150 341 5216 quiam
358 5131 518 5197 immerito
539 5130 773 5197 Bonasenturae
795 5132 967 5197 tribuatur.
985 5130 1074 5212 Haec,
1096 5149 1188 5214 rogo,
1207 5131 1328 5197 intento
1343 5132 1453 5196 animo
1473 5133 1647 5212 considera,
1668 5137 1700 5197 et

96 5243 205 5322 togam
223 5239 412 5323 componito
434 5262 442 5304 :
464 5238 543 5303 «En
556 5239 639 5304 mori
658 5239 749 5317 volo,
764 5239 829 5303 nisi
849 5239 999 5305 vulneres
1019 5242 1161 5304 mentem
1176 5256 1303 5317 meam,
1320 5256 1341 5300 o
1356 5237 1513 5304 Salvator.
1532 5239 1699 5306 Abhorreo

131 5384 252 5449 ‘Syttob
267 5384 365 5449 sempe
379 5383 439 5436 θνα.
454 5382 530 5446 usn,
543 5398 569 5448 p.
579 5385 762 5435 8⁰.-²T0m.
775 5383 824 5444 ΙΙΙ,
839 5382 888 5435 col.
899 5385 970 5434 224¹.

130 5472 166 5539 (o)
178 5474 250 5526 Edit.
268 5475 333 5525 Ver.
346 5473 481 5526 subducet.
