4100 6300
282 4258 301 4303 D

302 4259 348 4303 irini

393 428 454 489 290
962 415 1274 482 suutanrtlaull
1292 418 1367 483 LIB.
1389 422 1411 484 l.

392 563 537 626 innatam
550 557 771 641 cognoscatur.
790 555 916 638 Species
932 560 1041 620 autem
1053 556 1164 621 innata
1216 557 1294 623 ritas
1306 578 1371 641 qua
1384 560 1549 644 diligimus
1564 563 1665 628 Deum
1678 567 1711 627 et
1724 565 1917 645 proximante

392 673 571 753 potestesse
580 663 1014 748 dupliciter:autsimllitudo
1023 669 1161 743 tantum,
1217 666 1322 730 cundo
1348 687 1425 734 vero
1448 687 1505 752 per
1526 671 1755 749 auctoritatem,
1778 671 1834 736 ihi:
1858 673 1920 757 ipra

393 780 478 843 sicut
488 776 608 861 species
620 774 731 858 lapidis
736 778 814 855 ;aut
823 773 869 838 ita
879 774 1066 853 similitudo,
1077 774 1163 857 quod
1216 770 1342 838 dictum
1366 782 1423 854 est,
1446 777 1532 858 quod
1555 777 1702 858 Spiritus
1723 786 1844 844 suasus.
1858 780 1921 848 leto

394 889 490 954 etiam
503 886 652 970 quaedam
665 884 783 949 veritas
796 883 831 946 iu
844 883 957 967 seipsa.
974 882 1082 946 Prima
1094 902 1164 966 spo·
1217 898 1276 962 per
1286 883 1488 947 auctoritates
1502 888 1534 947 et
1547 885 1699 963 rationes,
1717 885 1759 948 ibi
1772 908 1780 949 :
1800 887 1921 969 stupu

394 996 457 1060 cies
475 998 523 1058 est
542 994 625 1056 sicut
645 992 782 1075 pictura,
799 995 831 1056 et
851 993 892 1056 ab
912 991 972 1055 hae
992 994 1097 1055 erea’ta
1118 996 1165 1053 est
1217 1003 1277 1067 quc
1290 987 1462 1067 inducunt,
1484 994 1542 1053 etc.
1564 989 1674 1054 Prima
1693 990 1771 1055 ratio
1787 997 1872 1055 mum
1884 994 1921 1057 la

393 1098 503 1164 anima
520 1098 618 1162 nuda.
643 1096 788 1162 Secunda
805 1097 925 1181 species
938 1101 985 1162 est
997 1096 1164 1179 impressio
1217 1094 1355 1173 gistrum
1384 1102 1512 1180 sumpta
1538 1103 1586 1162 est
1607 1117 1650 1161 ex
1671 1098 1732 1162 hoc
1750 1101 1825 1181 quod
1840 1101 1924 1166 cluis

393 1206 500 1289 aliqua
529 1224 665 1272 summae
692 1205 833 1269 veritatis
855 1205 892 1268 in
913 1204 1037 1279 anima,
1065 1205 1162 1283 sicut,
1218 1201 1924 1292 augeatur.Secundaratiocontraipsumsuupu

392 1314 482 1378 verbi
496 1312 610 1395 gratia,
625 1311 744 1376 animae
757 1330 777 1376 a
790 1312 969 1376 conditione
982 1330 1042 1374 sua
1052 1311 1164 1374 datum
1218 1312 1265 1371 est
1276 1327 1318 1371 ex
1331 1309 1391 1373 hoc
1404 1312 1490 1393 quod
1500 1313 1639 1376 charitas
1650 1316 1700 1376 est
1711 1311 1923 1395 aSpiritusurtc

392 1425 439 1484 est
454 1421 566 1484 lumen
580 1419 740 1502 quoddam
754 1417 955 1496 directivum,
970 1421 1002 1481 et
1015 1417 1164 1500 quaedam
1218 1413 1300 1478 sicut
1312 1414 1387 1478 dicit
1399 1417 1604 1498 Augustinus
1613 1424 1637 1483 ³.
1653 1417 1757 1483 Tertia
1769 1420 1837 1485 ratio
1846 1429 1926 1505 mum

392 1527 523 1593 directio
541 1526 717 1590 naturalis:
739 1525 812 1590 data
825 1528 873 1588 est
886 1525 983 1588 etiam
997 1526 1027 1588 ci
1040 1524 1164 1589 affectio
1218 1526 1263 1584 est
1277 1521 1317 1584 ab
1330 1522 1392 1588 hoc
1409 1526 1495 1606 quod
1514 1526 1654 1590 charitas
1674 1531 1722 1591 est
1740 1528 1830 1591 animi
1841 1531 1925 1596 adeda

391 1634 585 1701 voluntatis:
612 1632 775 1714 cognoscit
795 1650 874 1713 crgo
897 1633 1005 1697 anima
1026 1631 1103 1715 quid
1124 1632 1165 1695 sit
1218 1632 1249 1691 et
1261 1627 1321 1691 hoc
1329 1630 1460 1711 quidem
1470 1633 1588 1698 rationi
1599 1639 1631 1698 et
1640 1634 1927 1698 auctoritaticoosomt

390 1741 557 1820 rectitudo,
572 1739 692 1822 etquid
705 1739 840 1818 affectio,
856 1744 887 1804 et
903 1741 949 1804 ita
969 1739 1049 1822 quid
1069 1740 1163 1802 recti·
1220 1733 1256 1797 lu
1269 1737 1410 1817 qualibet
1419 1745 1527 1803 autem
1542 1741 1680 1805 istarum
1693 1743 1823 1824 partium
1831 1742 1928 1823 llsgide

391 1848 469 1912 tudo
493 1847 689 1911 affectionis:
714 1850 843 1910 etcum
868 1847 1004 1910 charitas
1031 1846 1163 1924 sithoc,
1218 1843 1324 1924 primo
1347 1847 1488 1927 opponit,
1513 1852 1544 1911 et
1574 1849 1720 1914 secundo
1740 1849 1929 1928 determinate

392 1954 556 2037 cognoscit
576 1953 761 2017 chaumtem
784 1971 840 2036 per
855 1954 1030 2036 quamdam
1044 1954 1165 2017 verita-
1218 1955 1323 2033 partes
1337 1952 1513 2018 manifesta
1528 1960 1616 2020 sunt.

269 2145 272 2150 ¹
390 2065 468 2138 tem,
485 2079 559 2144 quae
579 2065 687 2124 umen
700 2060 817 2126 veritas
835 2064 882 2124 est
894 2060 1068 2125 similitudo
1087 2060 1164 2125 cha-

391 2169 507 2244 ritatis3
523 2174 554 2232 et
567 2171 645 2232 tunc
656 2171 741 2232 recte
757 2168 853 2232 habet
870 2168 1029 2232 rationem
1047 2168 1164 2232 simili·
1544 2163 1615 2208 ΗΠΒ·
1640 2163 1665 2207 ¹·

390 2276 521 2354 tudinis,
541 2275 619 2340 dum
639 2275 793 2358 accipitur
812 2275 852 2339 ab
866 2276 1043 2354 intellectu;
1067 2276 1166 2340 habet
1218 2281 1319 2333 curato
1334 2286 1431 2349 auum,
1445 2284 1488 2350 qui
1502 2286 1601 2336 estrei
1614 2286 1712 2368 riuus,
1727 2299 1777 2336 nen
1794 2286 1822 2336 m
1833 2300 1929 2337 macru

391 2388 501 2448 tamen
510 2383 666 2447 rationem
675 2382 828 2463 veniatis,
837 2386 932 2465 prout
941 2382 1163 2469 estinanime.
1476 2357 1736 2423 ucuseuspmms.

393 2487 483 2555 Unde
503 2508 578 2555 cum
599 2489 801 2572 Augustinus
820 2489 921 2554 dicat¹
939 2490 1026 2572 quod
1046 2491 1166 2573 hcp'us-
1260 2486 1390 2554 Videtur
1412 2490 1474 2554 hoe
1496 2491 1623 2567 salsum,
1651 2493 1730 2574 quia
1749 2510 1833 2556 omne
1848 2492 1930 2554 unm

393 2598 481 2662 modi
499 2598 628 2662 habitus
640 2602 877 2680 cognoscuntur
892 2597 926 2660 iu
939 2599 1009 2680 ipsa
1021 2598 1164 2675 veritate,
1219 2595 1315 2660 habet
1331 2615 1536 2662 mensuram:
1553 2617 1648 2680 crgo,
1664 2600 1692 2663 si
1705 2599 1817 2664 Christo
1832 2599 1931 2663 muse

394 2708 426 2767 et
445 2723 503 2788 per
525 2704 750 2768 similitudines
772 2721 846 2787 quae
868 2707 944 2768 suut
967 2704 1054 2767 idem
1079 2704 1167 2787 quod
1219 2701 1356 2786 Spiritus
1380 2723 1445 2769 non
1470 2706 1509 2770 ad
1530 2725 1733 2786 mensuram,
1756 2707 1858 2770 Christo
1873 2705 1930 2767 mlo

394 2810 463 2894 ipsa
472 2813 524 2892 (cl,
534 2830 602 2876 non
610 2812 685 2876 dicit
692 2813 764 2891 hoc,
772 2812 849 2895 quia
857 2830 923 2876 non
932 2813 972 2874 sit
979 2811 1086 2894 aliqua
1094 2831 1165 2894 spe·
1219 2814 1266 2874 est
1289 2809 1426 2893 Spiritus
1448 2813 1594 2877 infinitus
1608 2833 1617 2876 ε
1631 2815 1691 2878 sed
1712 2818 1813 2878 conus
1831 2813 1877 2876 huc
1891 2818 1929 2888 es,

393 2919 457 2982 cies
469 2918 505 2981 iu
521 2919 684 2982 intellectu
703 2919 940 3000 cognoscentis;
963 2919 1016 2982 sed
1035 2919 1111 3000 quia
1131 2918 1166 2981 in
1219 2917 1306 3000 quod
1319 2919 1428 2983 omnia
1439 2925 1543 2983 creata
1555 2925 1631 2984 suut
1646 2922 1747 2986 fluite
1761 2920 1907 3004 captatis

394 3027 503 3092 anime
512 3046 578 3091 uon
587 3032 634 3092 est
647 3046 729 3110 pura
742 3028 873 3109 species,
886 3028 941 3092 sed
951 3028 1068 3092 veritas
1080 3045 1166 3110 quae-
1260 3024 1352 3109 Resp.
1366 3027 1433 3092 Hoc
1445 3027 1526 3092 iufra
1536 3029 1657 3093 melius
1668 3031 1797 3112 patebit;
1811 3029 1931 3092 momtm

394 3135 469 3200 dam
491 3135 531 3199 ah
544 3135 759 3219 ipsaveritate
775 3135 951 3219 impressa:
967 3140 999 3199 et
1018 3135 1064 3200 sic
1081 3140 1168 3219 patet
1220 3139 1291 3197 tum
1299 3135 1446 3216 sufficiat,
1455 3136 1728 3219 quodhocvelest
1736 3137 1930 3220 dompnus

393 3243 756 3326 responsioadobjecta.
1219 3243 1358 3323 gratiam
1372 3244 1510 3324 unionis,
1528 3263 1603 3326 quas
1621 3246 1699 3310 iacit
1718 3246 1760 3328 (bl
1779 3242 1930 3328 presuli

1201 3376 1202 3381 ¹
1220 3366 1294 3430 quas
1308 3350 1362 3414 llei
1376 3356 1461 3429 sunt,
1476 3352 1539 3415 siut
1552 3353 1641 3418 illius
1658 3353 1807 3431 hominis;
1821 3351 1861 3416 vd
1871 3367 1931 3433 pop

680 3491 809 3566 PART·
833 3490 867 3565 H
1220 3460 1269 3520 ter
1281 3458 1419 3538 gratiam
1433 3459 1555 3542 capitis,
1568 3462 1930 3542 quamcmisaatgn

870 3551 880 3570 '
1220 3563 1315 3629 tiaad
1330 3584 1442 3631 omnes
1458 3572 1557 3647 actus,
1572 3587 1639 3633 non
1651 3574 1781 3649 arctata,
1793 3566 1930 3632 sicutne

474 3669 564 3717 ronrr
580 3668 793 3715 orrursronmr
814 3669 878 3715 sum
898 3667 1052 3716 orrnrours
1069 3653 1092 3715 ³.
1219 3670 1285 3750 pite
1299 3672 1411 3753 vigent
1422 3692 1534 3738 omnes
1553 3649 1680 3741 sefisus,
1704 3674 1790 3741 gude
1808 3674 1852 3737 pp
1864 3672 1929 3735 (gg.

1221 3777 1352 3843 minatio
1366 3799 1431 3844 uou
1446 3782 1552 3863 privat
1564 3783 1741 3862 finitatem
1754 3782 1804 3847 sed
1814 3776 1928 3864 pnvuds

597 3851 802 3920 EXPOSfflo
822 3851 986 3919 TEXTUS·
1220 3886 1478 3952 terminationem
1492 3889 1690 3973 adaliqucm
1702 3895 1814 3969 actum
1825 3887 1928 3966 simut

396 4012 443 4064 llic
456 4010 589 4079 queritur,
607 4012 630 4062 si
648 4010 759 4063 charitas
782 4008 891 4076 Spiritus
908 4014 1012 4062 sanctu
1034 4013 1090 4074 est,
1106 4024 1165 4061 cum
1220 3993 1297 4058 ciale
1309 3994 1443 4059 bonum.

647 4084 703 4149 ipss
717 4091 849 4149 augeatur,
864 4086 912 4135 etc.
1547 4096 1617 4142 nult.
1639 4097 1677 4142 n.

349 4272 373 4307 a.
434 4208 539 4292 Supra
551 4208 621 4290 egit
637 4207 788 4289 Magister
805 4209 844 4273 de
865 4209 1014 4272 missione
1029 4206 1166 4291 Spiritus
1309 4198 1493 4257 aasumensi,
1506 4201 1597 4267 inquit,
1612 4203 1683 4254 meu
1695 4203 1873 4264 aretusae

393 4317 492 4383 sandi
505 4315 657 4380 invisibili
670 4315 848 4381 secuudum
860 4315 1045 4399 opinionem
1059 4336 1163 4381 suam.
1259 4314 1391 4379 Videtur
1405 4315 1605 4381 maledicere
1621 4319 1711 4401 quod
1728 4317 1848 4383 charitas
1858 4308 1929 4377 edd

393 4426 452 4489 Hic
471 4424 611 4489 secundo
631 4424 720 4506 ponit
740 4423 900 4507 opinionis
917 4442 985 4488 suae
1006 4424 1165 4488 defensio·
1219 4422 1323 4499 lectio,
1336 4423 1414 4505 quia
1427 4423 1536 4488 nullus
1549 4425 1680 4491 habitus
1692 4424 1853 4491 &allectio
1865 4418 1928 4480 tlh*

392 4553 480 4614 nem,
497 4535 529 4598 et
540 4532 602 4596 hoc
615 4531 689 4595 facil
701 4531 920 4614 respondendo
934 4532 1166 4612 objectionibus
1219 4529 1297 4593 ritas
1310 4535 1357 4594 est
1370 4531 1485 4611 virtus,
1500 4536 1532 4595 et
1543 4532 1589 4596 ila
1602 4533 1732 4599 habitis
1745 4557 1753 4599 ε
1767 4550 1835 4615 ergo
1849 4525 1929 4593 muti

392 4661 466 4726 quae
478 4642 611 4725 possunt
621 4638 804 4721 opinionem
817 4657 909 4702 suam
919 4639 1111 4721 improbare.
1127 4639 1166 4703 lit
1219 4638 1354 4701 allectio.

392 4750 546 4834 quoniam
562 4766 621 4812 sua
633 4747 748 4829 positio
766 4746 939 4829 improbari
953 4750 1056 4828 potest
1069 4751 1100 4810 et
1112 4766 1163 4811 ra·
1259 4743 1351 4827 Resp.
1365 4744 1538 4811 [licendum
1549 4748 1636 4830 quod
1648 4749 1771 4813 affectio
1780 4746 1928 4821 diemque

391 4858 489 4934 tione,
507 4861 540 4920 et
553 4854 751 4930 auctoritate,
769 4857 801 4917 ct
814 4858 952 4936 utroque
968 4853 1074 4931 modo,
1093 4854 1164 4919 ideo
1218 4852 1424 4934 drupliciter:
1441 4873 1506 4918 uno
1529 4854 1642 4936 modo,
1664 4857 1734 4940 ipsa
1753 4857 1798 4920 ris
1813 4847 1925 4917 usim

390 4966 487 5030 habet
499 4964 569 5028 haec
582 4980 656 5045 pars
672 4966 736 5026 tres
758 4965 874 5044 partes.
893 4959 929 5024 ln
948 4961 1054 5044 prima
1075 4967 1164 5043 parte
1218 4959 1280 5024 alio
1291 4961 1386 5026 modo
1396 4962 1509 5026 dicitur
1517 4962 1642 5027 affectio
1650 4957 1924 5046 passiovisauelic

391 5092 449 5157 per
469 5072 626 5137 rationem
651 5069 837 5151 impugnat,
868 5074 900 5132 et
920 5068 1082 5150 improbat
1103 5068 1164 5133 hoc
1218 5072 1255 5132 ut
1274 5070 1432 5151 gaudium
1450 5075 1482 5135 ct
1495 5071 1599 5152 dolor,¹
1616 5076 1649 5137 et
1666 5069 1848 5155 hujumodi
1864 5060 1925 5127 lttfil

391 5181 478 5265 quod
490 5176 721 5258 dixerat,quod
735 5173 873 5258 Spiritus
884 5179 1012 5240 sanctus
1023 5175 1162 5240 estcha-
1217 5177 1314 5242 modo
1347 5178 1463 5243 dicitur
1498 5183 1589 5244 actus
1627 5181 1774 5264 potentias
1803 5171 1923 5241 mede

618 5338 623 5348 .
771 5336 776 5347 .
880 5336 885 5346 .
974 5268 988 5297 ⁴
1144 5337 1150 5348 .
1345 5285 1812 5355 mododiciturhabitusadecti
1872 5273 1924 5341 Μ

392 5337 1163 5473 titularem,retractaturus
1217 5290 1363 5474 lilii
1448 5412 1666 5479 asta
1755 5300 1866 5477 ll
