4100 6300
601 465 699 532 urst.
721 464 758 530 X.
781 465 872 531 ART.
895 466 919 531 Ι.
943 466 1092 546 QUAEST.
1115 467 1139 531 Ι.
1611 473 1669 536 193

115 598 194 663 ltem
217 598 278 664 hoc
298 599 382 664 idem
411 601 587 665 ostenditur
615 621 671 684 per
693 602 844 668 eumdem
900 603 960 680 rio,
976 603 1213 683 esssentialiter‚
1228 603 1439 683 notionalitcr,
1463 607 1495 667 θῖ
1518 585 1670 686 persona·
1683 620 1788 667 nasum

72 699 530 793 marchunashusa,
546 711 603 776 uu
620 712 843 797 intenditpro-
898 709 971 774 nar
984 729 993 774 t
1006 711 1224 792 assensium,
1249 712 1326 795 qun
1348 711 1596 795 quilibctditigir
1610 732 1644 776 se
1658 735 1666 778 ι
1682 688 1726 729 ¹¹¹¹·

72 818 240 900 prietatem
253 816 388 901 Spiritus
400 819 500 884 sancti
512 819 672 897 invenire,
688 820 770 885 etad
782 821 843 885 hoc
898 818 1101 883 notionaliter
1124 837 1219 897 vcro,
1235 819 1312 904 quia
1325 818 1417 884 Pater
1430 822 1463 884 et
1474 818 1574 884 Filius
1592 837 1671 883 con-

71 925 219 1007 perducit
238 944 435 1008 sermonem,
451 928 537 1010 quod
560 926 697 1012 Spiritus
716 932 844 994 sanctus
899 925 1031 991 cordant
1054 926 1239 1010 inspirando
1253 926 1409 1011 Spiritum
1424 930 1582 1005 sanctum,
1596 944 1670 1009 qnae

71 1032 278 1098 estcharitas.
899 1033 1068 1098 concordia
1084 1035 1475 1114 amorsivedilectioest3
1494 1035 1666 1118 personali-

114 1138 194 1204 ltem
210 1140 334 1204 ratione
353 1140 529 1205 ostenditur
546 1140 625 1206 illud
644 1142 741 1218 idem,
757 1142 844 1225 quod
897 1144 947 1205 ter
962 1159 1050 1223 vero,
1066 1142 1142 1225 quia
1156 1142 1231 1224 ille,
1253 1143 1310 1226 qni
1328 1143 1515 1227 producitur
1528 1161 1586 1226 per
1597 1161 1671 1207 mo-

71 1247 153 1312 illud
175 1252 222 1311 θεῖ
241 1248 369 1331 proprie
382 1249 551 1332 proprium
570 1267 735 1332 personae,
758 1250 844 1332 quod
898 1247 977 1314 dum
999 1252 1146 1333 perlectae
1167 1251 1382 1332 liberalitatis,
1397 1270 1464 1316 non
1485 1255 1671 1335 potestesse

71 1355 149 1419 dicit
159 1356 291 1421 modum
304 1357 473 1448 emenardi
490 1356 590 1440 ipsius
604 1379 611 1421 :
626 1357 680 1422 sed
694 1372 785 1421 amor
796 1359 845 1422 est
898 1357 961 1421 nisi
982 1376 1089 1436 amor,
1110 1358 1178 1426 sive
1197 1358 1331 1424 dilectio.
1357 1358 1446 1424 Unde
1464 1358 1672 1424 essentialiter

70 1463 271 1547 hujusmodi,
286 1468 323 1529 nt
336 1463 506 1548 probatum
517 1466 585 1529 est:
599 1483 689 1546 ergo,
702 1468 762 1529 etc.
897 1464 1040 1544 dictum,
1064 1466 1140 1531 dicit
1161 1467 1422 1550 complacentiam
1435 1489 1443 1546 ;
1468 1466 1672 1532 notionaliter

113 1570 209 1650 Item,
227 1573 309 1636 sicut
330 1572 468 1637 verbnm
487 1590 521 1636 se
537 1571 634 1637 hahet
651 1572 691 1636 ad
711 1571 840 1650 Filium,
897 1591 996 1655 vero,
1011 1574 1214 1640 concordiam
1227 1577 1261 1639 in
1274 1575 1440 1659 spirando;
1465 1574 1672 1658 personaliter

70 1682 117 1744 ita
126 1698 218 1745 amor
234 1680 274 1744 ad
288 1679 443 1764 Spiritum
457 1683 603 1745 sanctam
616 1703 624 1744 ε
639 1681 692 1745 sed
708 1681 844 1746 verbum
897 1699 990 1759 vero,
1017 1700 1201 1765 processum
1225 1682 1336 1747 inille
1357 1682 1536 1748 concordia.
1566 1680 1671 1764 Hujus

71 1794 121 1854 est
136 1789 304 1874 proprium
321 1788 394 1853 Filii
409 1812 417 1854 ι
435 1808 513 1871 ergo
526 1792 660 1854 etamor
673 1789 842 1872 proprium
898 1793 1007 1853 antem
1039 1790 1224 1874 exemplum
1254 1793 1358 1873 potest
1388 1790 1465 1873 poni
1496 1791 1531 1853 in
1562 1806 1671 1854 amore

72 1898 212 1981 Spiritus
222 1899 333 1962 sancti.
898 1900 1003 1961 creato
1020 1916 1087 1980 quo
1106 1916 1242 1981 sponsus
1255 1902 1293 1979 Ιθῖ
1316 1915 1433 1981 sponsa
1455 1914 1489 1962 sc
1505 1897 1669 1978 diligunt:

20 2018 59 2061 ⁰r
115 2006 229 2071 Contra
244 2027 253 2071 ε
269 2013 298 2070 l.
314 2006 518 2088 Augustinus
537 2006 572 2071 in
589 2007 702 2090 quinto
721 2005 844 2072 decimo
898 2021 976 2067 nam
993 2004 1137 2086 diligunt
1149 2024 1183 2071 se
1196 2023 1305 2070 amore
1319 2005 1427 2071 sociali
1439 2005 1480 2069 ad
1493 2004 1672 2070 conviven-

72 2113 430 2182 inconcinnitate:
448 2111 845 2193 «Paterestcharitas,et
898 2110 996 2191 dum;
1012 2113 1152 2195 diligunt
1165 2132 1199 2178 se
1220 2114 1354 2178 ulterius
1376 2131 1487 2178 amore
1506 2112 1671 2207 conjugali

74 2220 177 2285 Filius
193 2226 241 2285 est
261 2222 415 2299 charitas,
434 2224 467 2286 et
487 2220 626 2304 Spiritus
646 2225 774 2285 sanctus
797 2223 845 2284 est
898 2222 937 2286 ad
951 2223 1074 2305 prolem
1087 2225 1316 2308 procreandam
1331 2247 1338 2289 :
1354 2228 1387 2288 et
1399 2223 1464 2304 illa,
1476 2224 1504 2287 si
1517 2223 1672 2307 produce-

74 2329 229 2406 charitas,
244 2333 278 2394 et
296 2329 393 2393 simul
414 2347 526 2393 omnes
545 2348 612 2394 nna
637 2328 803 2392 charitas:
824 2348 840 2387 n
898 2333 989 2395 retur
1009 2350 1052 2396 ex
1074 2333 1141 2396 sola
1165 2333 1343 2398 concordias
1367 2333 1551 2411 voluntate,
1578 2349 1671 2397 amor

74 2455 155 2519 ergo
169 2437 306 2501 charitas
318 2456 385 2503 non
395 2436 512 2502 dicitur
524 2435 653 2520 proprie
670 2436 709 2501 de
722 2434 844 2520 Spiritu
898 2442 994 2518 esset3
1010 2459 1098 2505 nunc
1111 2459 1189 2506 vero
1199 2441 1326 2506 nonnisi
1345 2440 1535 2523 amaturis),
1549 2439 1613 2503 nisi
1625 2438 1671 2505 di·

72 2548 194 2609 sancto.
375 2540 379 2545 ’
898 2550 989 2611 estur
1012 2566 1103 2612 amor
1121 2567 1178 2632 per
1190 2525 1408 2633 emphaticum
1431 2547 1584 2631 loquendi
1599 2566 1669 2612 mo·

113 2657 145 2717 2.
167 2651 266 2731 Item,
281 2670 372 2716 amor
389 2670 454 2717 non
473 2652 614 2735 procedit
629 2651 730 2731 aliter,
745 2669 844 2733 quarn
897 2653 986 2718 dum.
996 2653 1033 2719 ln
1039 2655 1157 2721 divinis
1163 2674 1334 2736 verauera
1343 2660 1374 2719 θῖ
1381 2654 1508 2738 proprie
1517 2659 1670 2733 amorest,

73 2760 212 2824 amando
235 2782 243 2821 ε
267 2777 366 2841 ergo,
385 2778 459 2824 cum
483 2778 575 2824 amor
598 2760 637 2824 de
661 2759 844 2823 necessitato
897 2761 1018 2826 habens
1030 2763 1188 2829 rationem
1201 2765 1320 2829 amoris
1333 2763 1673 2846 ethypostasiszamo-

73 2868 153 2931 insit
175 2867 307 2945 amanti,
321 2871 353 2933 et
367 2865 460 2931 Pater
469 2870 501 2931 et
511 2866 611 2931 Filius
622 2867 843 2949 amandopro·
896 2869 953 2950 ris,
968 2876 1098 2953 propter
1110 2872 1183 2953 hoc,
1196 2873 1273 2955 quia
1284 2890 1326 2937 cx
1338 2871 1503 2936 voluntate
1518 2869 1672 2934 liberalis·

72 2976 194 3040 ducant
207 2974 362 3058 Spiritum
375 2980 533 3054 sanctum,
548 2974 740 3057 impossibile
755 2974 843 3040 ride·
897 2977 978 3042 sima
998 2978 1103 3061 primo
1122 2978 1263 3063 procedit
1288 2996 1345 3063 per
1368 2979 1502 3043 modum
1523 2978 1670 3061 perfecte

70 3088 128 3148 tur
155 3083 241 3167 quod
265 3084 296 3147 ei
321 3083 489 3147 conveniat
514 3082 652 3168 proprie.
675 3081 742 3146 Ant
764 3100 843 3165 ergo
896 3084 1109 3165 liberalitatis3
1124 3085 1322 3170 hypostasis,
1342 3085 1440 3170 quia,
1455 3103 1531 3151 cum
1554 3084 1669 3150 distin-

70 3191 214 3275 Spiritus
234 3195 361 3256 sanctus
379 3193 508 3257 nonest
527 3208 679 3274 persona,
700 3193 757 3254 ant
777 3208 844 3255 non
896 3194 1260 3277 gunturaproducente,
1275 3198 1306 3259 et
1316 3212 1384 3259 non
1395 3182 1494 3276 possit
1510 3192 1666 3275 distingui

68 3304 120 3364 cst
132 3317 226 3364 amor
240 3299 378 3382 proprie,
393 3299 460 3364 sire
473 3317 539 3363 non
553 3297 693 3382 procedit
706 3315 763 3381 per
776 3315 843 3362 mo-
896 3300 1123 3381 essentialiter,
1137 3301 1346 3383 distinguitur
1359 3300 1576 3384 personaliter.
1597 3299 1670 3365 Non

68 3409 153 3473 dum
166 3407 296 3471 amoris.
848 3393 852 3402 ’
894 3407 1061 3472 sinautem
1076 3412 1123 3473 est
1136 3410 1171 3473 in
1184 3428 1294 3474 amore
1310 3413 1427 3474 creato.

113 3522 144 3582 3.
161 3516 256 3594 ltem,
278 3516 360 3581 sicut
381 3515 531 3580 sehabet
551 3513 704 3596 sapientia
727 3511 767 3577 ad
786 3511 838 3576 Fi·
937 3518 998 3579 tet
1015 3520 1046 3579 θ.
1069 3515 1117 3581 Ex
1135 3516 1196 3582 hoc
1216 3520 1302 3600 patet
1318 3516 1398 3581 illud
1415 3515 1501 3599 quod
1517 3515 1668 3598 oincitur

66 3626 171 3704 lium,
193 3626 237 3690 ita
258 3642 349 3689 arnor
372 3624 410 3688 ad
431 3622 584 3706 Spiritum
602 3625 748 3686 sanctum
765 3643 772 3685 :
787 3619 842 3684 sed
895 3623 999 3704 primo
1012 3627 1045 3688 et
1057 3624 1208 3702 secundo,
1223 3643 1299 3688 cum
1310 3623 1426 3690 dicitnr
1438 3623 1524 3707 qnod
1537 3628 1584 3687 θεῖ
1597 3641 1669 3706 pro·

66 3734 306 3819 sapientianon
317 3735 365 3797 θεῖ
377 3729 842 3814 Filiiproprium,imosppro-
894 3730 1012 3812 prietes
1033 3733 1211 3797 amantium
1229 3732 1297 3797 sive
1317 3730 1576 3815 producentium,
1591 3730 1669 3812 quia

64 3845 214 3928 priatnm
226 3841 331 3906 solum
348 3863 355 3903 :
371 3857 450 3921 ergo
464 3856 554 3904 amor
573 3836 718 3901 similiter
737 3835 842 3919 Spiri·
894 3837 1047 3921 accipitur
1073 3839 1299 3904 notionalitcr:
1319 3856 1397 3901 nam
1430 3841 1527 3921 prout
1553 3838 1595 3902 ab
1621 3838 1668 3902 eis

65 3951 117 4016 tui
133 3954 366 4030 sanctozcrgo,
382 3952 441 4012 etc.
894 3944 1667 4029 procedit,nonpotestesseprop1ietas,scdper·

106 4063 138 4122 l.
161 4056 242 4121 ltem
263 4073 358 4121 omne
377 4054 456 4138 illud
467 4052 553 4137 quod
566 4051 683 4116 dicitur
695 4052 837 4135 proprie,
893 4071 972 4117 sona
984 4054 1141 4118 deducta.
1161 4053 1249 4119 Unde
1263 4072 1331 4119 non
1344 4054 1476 4118 omnino
1489 4058 1537 4118 est
1554 4053 1667 4117 similis

64 4170 222 4250 importat
233 4164 375 4247 aliquam
388 4162 598 4228 relationem:
613 4178 692 4242 ergo
708 4160 841 4224 siamor
893 4178 1058 4243 processus
1077 4162 1195 4227 amoris
1213 4161 1311 4227 creati
1328 4165 1360 4226 et
1380 4161 1499 4226 amoris
1520 4160 1664 4241 increati,

63 4274 197 4358 proprie
218 4272 344 4351 dicitur,
362 4272 513 4354 importat
531 4268 739 4333 relationem:
759 4267 786 4330 si
799 4266 840 4332 ad
893 4266 969 4349 (pria
976 4267 1029 4331 hic
1038 4271 1086 4333 est
1095 4268 1282 4352 proprietas,
1295 4269 1340 4334 ibi
1352 4268 1530 4353 hypostasis
1543 4271 1575 4333 θῖ
1587 4268 1666 4333 sub-

62 4369 249 4460 amantem,
264 4397 343 4462 ergo
363 4397 475 4444 amans
487 4395 553 4442 non
568 4379 616 4440 est
629 4394 738 4453 amor;
754 4375 840 4438 simi-
892 4380 1019 4444 stantia.

59 4491 139 4554 liter
152 4490 182 4552 si
195 4488 236 4552 sd
248 4492 403 4568 amatum,
417 4491 582 4568 tuncergo
596 4483 736 4567 Spiritus
747 4501 840 4548 sance
932 4491 962 4551 3.
982 4486 1032 4552 Ad
1053 4488 1132 4554 illud
1155 4490 1241 4572 quod
1265 4489 1413 4572 objicitur
1434 4488 1474 4554 de
1498 4487 1662 4572 sapientia,

61 4603 120 4664 tus
133 4601 191 4661 sut
203 4614 270 4661 non
277 4599 414 4675 amaret,
430 4597 564 4659 autnon
576 4595 739 4657 amaretur
754 4612 763 4655 z
777 4590 838 4656 hoc
891 4594 1063 4660 dicendum
1070 4596 1156 4678 quod
1162 4615 1230 4660 non
1238 4599 1285 4661 est
1297 4595 1413 4676 simile,
1419 4595 1497 4678 quia
1509 4595 1664 4677 sapientia

59 4711 175 4773 autern
190 4709 239 4770 est
252 4702 457 4787 impossihile.
891 4721 958 4768 non
969 4701 1044 4767 dicit
1056 4709 1235 4788 respectum
1258 4703 1297 4768 ad
1315 4702 1431 4780 alium,
1444 4706 1476 4767 et
1494 4702 1566 4766 ideo
1579 4721 1665 4767 sem·

891 4829 949 4893 per
961 4811 1000 4878 de
1016 4829 1051 4875 se
1064 4812 1180 4877 dicitur
1193 4812 1232 4876 ad
1245 4830 1291 4891 se,
1305 4814 1337 4875 et
1349 4815 1397 4875 est
1410 4810 1585 4891 essentiale,
1600 4810 1664 4874 nisi

325 4934 582 5004 pppsspugw,
891 4919 1133 5002 approprietur;
1150 4919 1205 4983 sed
1225 4936 1317 4982 amor
1338 4920 1517 5000 respectum
1534 4917 1611 4982 dicit
1623 4918 1663 4982 ad

891 5044 946 5091 eos
964 5027 1022 5110 qui
1045 5044 1154 5091 amore
1173 5029 1357 5090 nectuntur.
1373 5022 1478 5106 Unde,
1491 5025 1573 5089 sicut
1589 5044 1662 5090 ver-

891 5133 971 5199 bum
990 5136 1038 5198 est
1057 5133 1223 5218 proprium
1241 5130 1333 5213 Filii,
1348 5135 1458 5197 etnon
1470 5133 1662 5217 appropria-

890 5244 955 5322 tur,
972 5241 1049 5324 quia
1068 5244 1218 5307 connotat
1232 5242 1413 5324 respectum
1431 5241 1471 5305 ad
1485 5240 1659 5320 dicentem3

20 5376 49 5450 55>
105 5347 200 5433 ΡιωΡ·
216 5345 258 5412 ad
271 5345 408 5429 Argum·
428 5342 602 5409 Dioendum
617 5339 838 5425 qu⁰ddss⁰⁰fi⁰
922 5383 1102 5450 1nuguat.,d0
1115 5385 1217 5447 Triatt„
1229 5384 1274 5436 lib.
1286 5386 1341 5449 XV,
1356 5398 1382 5436 c.
1394 5396 1501 5449 aaran.
1512 5387 1553 5440 28.

20 5452 344 5540 &indivisispotcst
356 5451 468 5537 accipi,
481 5455 514 5518 et
525 5450 679 5534 accipitur
691 5468 838 5516 nemesa-
923 5470 1101 5537 (nemun.
1116 5476 1156 5523 cs
1169 5475 1277 5525 amaus

233 5582 310 5630 ron.
331 5580 355 5628 1.
1522 5565 1562 5627 ts

60 5108 193 5168 ermom
201 5101 381 5176 peronatus
387 5103 507 5173 meapte,
518 5100 706 5173 estpropn‘am
714 5097 838 5170 Spiritus

401 5193 500 5248 sancti.
