4100 6300
527 401 734 500 'orsuuor
754 432 793 497 r.
814 431 906 499 aar.
922 432 949 498 ι.
972 433 1122 513 consu
1144 435 1199 500 ιιι.
1610 443 1664 505 rar

116 572 146 633 9.
157 567 207 633 Ad
219 567 298 633 illud
307 568 393 652 quod
401 569 561 652 objicitur,
575 568 661 651 quod
671 586 762 633 amor
774 567 848 631 che·
899 566 971 631 liter
990 573 1093 650 potest
1113 589 1181 635 esse
1197 569 1233 634 in
1251 569 1315 635 Deo
1336 575 1481 655 respectu
1502 571 1667 639 disconve-

74 674 179 739 ritatis
189 692 315 759 semper
327 676 363 742 in
380 677 480 741 adum
493 677 605 757 tendit,
627 681 660 741 et
678 676 723 741 ita
736 692 848 759 proce-
900 673 1018 739 aientis
1023 697 1033 755 ;
1048 676 1125 760 quia
1144 678 1190 743 sic
1202 682 1249 743 est
1262 697 1337 743 cum
1352 679 1491 761 quadam
1504 679 1671 746 disconve-

75 781 123 845 dit
142 783 177 846 in
197 783 309 864 alium,
329 787 361 849 et
381 802 449 849 non
469 788 531 851 stat
547 786 582 849 in
603 802 653 863 se;
676 783 847 851 dicendum
900 781 1025 848 nientia
1038 784 1071 847 in
1084 784 1255 871 uictomosa
1267 785 1458 869 repulsione.
1474 786 1512 850 ln
1527 788 1671 871 personis

75 889 162 971 quod
175 891 393 972 procederein
405 893 506 957 alium
524 895 572 956 est
586 890 777 974 dupliciter:
791 893 847 955 aut
901 893 1009 955 autem
1023 892 1140 959 divinis
1153 912 1314 958 summam
1334 893 1487 959 unionem
1505 899 1537 960 et
1553 913 1670 960 conve-
1704 880 1711 890 ⁷

75 996 153 1079 quia
163 996 250 1062 aliud
260 999 400 1082 respicit,
415 1002 453 1064 ut
464 999 642 1083 objectum3
655 1002 711 1064 aut
724 997 801 1081 quia
811 998 847 1061 in
900 998 1055 1064 niantiam
1069 1018 1136 1064 esse
1147 1019 1272 1066 necesse
1283 1005 1341 1066 est.

74 1103 165 1170 alind
182 1105 293 1186 tendit,
308 1110 340 1171 et
352 1106 515 1190 recipitur.
535 1104 642 1171 Primo
656 1106 751 1171 modo
764 1106 847 1170 bene
941 1105 980 1169 ut
996 1104 1024 1169 si
1044 1109 1080 1170 tu
1101 1107 1242 1189 objicias,
1266 1109 1351 1191 quod
1372 1127 1438 1174 non
1460 1112 1565 1177 omnis
1583 1114 1673 1177 actus

75 1212 381 1296 convenitpersonae
394 1215 430 1279 in
449 1214 576 1290 divinis,
591 1213 668 1296 quia
678 1215 759 1278 bene
770 1231 846 1277 con·
900 1211 1126 1279 imscibilisest
1137 1220 1284 1299 respectu
1297 1217 1574 1297 disconvenientia,
1585 1222 1671 1302 quod

74 1320 167 1385 venit
178 1320 294 1386 habere
303 1327 483 1405 respectum
492 1322 533 1386 ad
546 1322 643 1386 aliam
655 1339 845 1405 personam:
901 1324 986 1402 patet
998 1320 1034 1385 in
1051 1340 1116 1405 spe,
1130 1327 1163 1388 et
1176 1324 1252 1407 quia
1262 1325 1297 1389 in
1312 1326 1412 1391 beatis
1423 1327 1551 1392 habebit
1564 1328 1671 1393 irasci·

75 1427 164 1492 unde
184 1426 321 1511 Spiritus
339 1433 538 1494 sanctorem
557 1447 649 1494 amor
668 1448 734 1512 quo
755 1428 848 1494 Pater
901 1426 974 1491 bilis
999 1431 1122 1508 actum;
1151 1430 1323 1497 dicendum
1347 1434 1433 1517 quod
1456 1434 1508 1500 vel
1532 1434 1674 1498 consistit

74 1539 165 1599 amat
177 1534 306 1600 Filium.
328 1534 362 1601 Si
376 1540 486 1601 autem
505 1535 629 1601 dicatur
646 1537 774 1602 tendere
794 1555 847 1602 se-
901 1539 1046 1618 respectu
1064 1537 1331 1605 disconvenientia
1354 1541 1512 1621 vincendi,
1532 1542 1583 1607 vel
1605 1560 1672 1606 res-

74 1642 183 1709 cundo
190 1644 297 1724 modo,
307 1644 353 1707 sic
362 1662 428 1709 non
439 1643 537 1709 babet
549 1645 590 1726 (u)
601 1644 709 1709 locum
721 1646 757 1709 in
772 1663 848 1727 pro·
901 1646 996 1723 pectu
1007 1643 1099 1708 ardni
1113 1647 1343 1727 aggrediendi:
1359 1653 1391 1713 et
1404 1649 1449 1713 ita
1459 1649 1510 1713 vel
1523 1649 1672 1731 gradum,
1774 1645 1778 1651 ’

74 1749 180 1832 posito
193 1772 201 1814 ε
216 1751 292 1833 quia
310 1752 438 1834 qrrando
455 1770 518 1834 ego
532 1770 606 1816 amo
623 1752 735 1831 alium,
757 1771 849 1818 amor
901 1749 953 1813 vel
981 1750 1287 1819 disconvenientiam
1317 1754 1411 1819 dicit:
1439 1755 1495 1821 sed
1521 1759 1673 1821 neutrum

75 1875 144 1921 non
161 1857 227 1921 exit
242 1877 259 1921 a
277 1877 341 1939 me,
355 1859 401 1923 ita
414 1863 453 1924 ut
469 1859 642 1943 recipiatur
657 1861 693 1924 in
706 1860 780 1940 alio,
793 1861 848 1924 sad
901 1861 1003 1939 potest
1014 1877 1082 1924 esse
1093 1860 1125 1923 in
1138 1861 1255 1929 divinis
1269 1863 1424 1946 personis.

74 1967 203 2029 tantum
216 1985 236 2030 a
250 1967 413 2031 voluntate
425 1968 567 2049 procedit
575 1990 584 2047 ;
603 1967 724 2051 etquis
734 1973 782 2033 est
795 1987 847 2032 ac·
941 1968 1006 2029 tet
1020 1970 1052 2030 6.
1072 1966 1121 2032 Ad
1135 1968 1215 2033 illud
1228 1969 1314 2053 quod
1326 1969 1476 2052 objicitur
1488 1969 1528 2035 de
1540 1969 1611 2034 aliis
1623 1971 1671 2034 ai·

75 2071 195 2153 cidens,
216 2073 287 2138 ideo
308 2092 375 2138 non
394 2074 524 2153 recedit,
550 2075 606 2140 sed
628 2075 664 2139 in
685 2075 849 2141 voluntate
901 2072 1036 2138 lectibus
1053 2077 1085 2139 et
1103 2074 1276 2154 habilibus,
1294 2079 1365 2160 jam
1385 2080 1471 2161 patet
1492 2077 1671 2161 responsio;

75 2180 230 2245 subsistit.
246 2180 281 2245 ln
291 2180 408 2247 divinis
417 2201 506 2266 vero,
515 2182 593 2267 quia
599 2182 779 2269 hypostasis
789 2188 847 2261 est,
901 2179 978 2262 quia
991 2199 1082 2245 amor
1093 2186 1139 2247 est
1152 2183 1285 2248 allectus
1297 2184 1442 2261 intimus,
1455 2188 1486 2249 et
1497 2185 1633 2268 primus,
1643 2188 1675 2249 et

74 2289 408 2355 ideoinsesubsistit.
901 2287 1130 2367 nobilissimus,
1149 2290 1226 2373 quia
1241 2290 1333 2372 origo
1346 2293 1493 2356 omnium
1513 2292 1671 2357 aliorum:

119 2400 150 2460 3.
172 2396 312 2463 Adillud
327 2397 414 2480 quod
427 2397 592 2480 objicitur,
605 2399 691 2480 quod
705 2397 849 2463 similiter
902 2394 973 2460 ideo
996 2397 1217 2480 complectitur
1237 2399 1273 2461 in
1295 2417 1329 2462 sc
1353 2402 1453 2465 totam
1475 2399 1674 2465 nobilitatem

74 2502 179 2571 Filius
191 2522 302 2569 amaus
322 2503 478 2589 Spiritum
498 2509 647 2570 sanctum
663 2506 851 2588 produceret
902 2505 1114 2570 emanationis
1133 2524 1190 2589 por
1210 2506 1344 2571 modum
1364 2507 1581 2572 liberalitatis:
1603 2508 1675 2574 ideo

75 2612 175 2677 aliam
196 2630 382 2695 personam;
407 2612 577 2679 dicendum
596 2613 680 2696 quod
702 2613 764 2679 boc
784 2632 850 2678 non
902 2611 991 2679 nulla
1010 2631 1147 2696 persona
1161 2614 1274 2680 debuit
1292 2633 1442 2682 emanare
1462 2634 1520 2698 per
1541 2617 1674 2682 modum

76 2723 207 2787 mutum
221 2719 297 2787 lacit
310 2719 396 2803 quod
410 2719 503 2786 Pater
514 2724 547 2785 et
557 2719 660 2785 Filius
674 2722 850 2804 producant
902 2715 1034 2783 alterius
1055 2716 1194 2798 habitus,
1216 2737 1292 2783 cum
1308 2719 1385 2784 talis
1407 2719 1524 2784 modus
1545 2738 1612 2786 non
1634 2721 1676 2785 sit

76 2827 176 2892 aliam
202 2846 372 2911 personam
399 2844 475 2910 quae
505 2830 552 2892 est
577 2846 680 2908 amor,
710 2829 788 2911 qrria
815 2848 850 2896 se
903 2822 1096 2907 principalis.

75 2938 204 3015 emant,
221 2934 276 3000 sed
296 2935 393 3001 etiam
414 2934 492 3019 quio
513 2934 549 3001 in
567 2935 614 3003 eis
634 2935 783 3002 voluntas
802 2940 850 3001 εει
1161 2975 1340 3055 QUAESTIO
1361 2977 1416 3043 HL

75 3042 327 3108 loecuudissima.
346 3040 440 3107 Ratio
459 3042 558 3125 hujus
575 3041 697 3107 dicetm
709 3045 804 3124 intra,
818 3047 851 3109 et

74 3152 136 3216 illa
156 3170 222 3218 non
238 3155 286 3218 est
304 3152 339 3217 in
359 3150 481 3236 Spiritu
499 3155 619 3218 sancto.
634 3148 850 3217 Nihilominus

75 3264 189 3325 tamen
205 3263 308 3343 potest
324 3260 388 3352 dici
410 3260 497 3343 quod
516 3263 617 3324 status
634 3259 726 3324 sitin
745 3259 849 3343 primo

903 3115 946 3171 Ao
958 3115 990 3171 to
1003 3114 1105 3174 divinis
1116 3120 1262 3176 memorio
1272 3118 1397 3194 pooeredu
1409 3122 1448 3176 sit
1462 3122 1546 3177 tertio
1558 3135 1675 3194 persono

988 3207 1584 3283 paratomouaectaruatcproceoeaa

73 3385 200 3433 amore.
223 3365 306 3432 Nam
331 3368 437 3450 primo
453 3385 566 3432 ¹amore
588 3366 753 3450 pmducto,
774 3386 850 3432 curn
943 3361 1058 3428 Utrum
1070 3364 1112 3429 sil
1126 3383 1253 3431 necesse
1273 3384 1393 3449 ponere
1415 3367 1542 3432 tertiam
1564 3386 1676 3452 porso-
1709 3396 1794 3439 rana..

73 3474 135 3539 ille
146 3474 248 3558 seipso
257 3478 344 3540 amet
351 3474 452 3540 alium
460 3477 494 3539 et
504 3478 641 3552 ametur,
651 3491 718 3538 non
726 3477 851 3557 oportet
903 3488 981 3536 nam
1002 3472 1225 3553 procedentem
1244 3492 1301 3556 per
1316 3474 1449 3540 modum
1462 3480 1586 3540 mutuae
1600 3476 1677 3541 cha-
1690 3463 1769 3505 “¹²⁰¹''

73 3581 182 3648 alium
195 3600 338 3648 amorem
348 3581 482 3665 produci
493 3581 561 3647 sive
571 3581 667 3646 aliam
679 3599 850 3664 personam
902 3579 1021 3658 ritatis3
1036 3582 1069 3642 et
1082 3579 1167 3662 quod
1188 3580 1244 3661 sic,
1260 3580 1387 3646 videtur
1403 3600 1462 3665 per
1478 3582 1675 3648 loannem¹:

72 3707 137 3772 per
148 3689 283 3757 modum
296 3688 425 3758 amoris.
909 3685 948 3754 Ut
960 3688 1029 3752 siret
1044 3703 1157 3767 unum,
1171 3688 1256 3755 ciero
1269 3692 1299 3754 et
1311 3704 1382 3755 eoa.
1400 3688 1553 3754 Dominus
1565 3695 1634 3755 orat
1645 3694 1677 3754 et

119 3800 152 3860 l.
165 3796 215 3861 Ad
227 3797 306 3862 illud
318 3797 405 3882 quod
418 3796 586 3879 misenum,
606 3813 706 3878 quere
719 3813 787 3860 non
804 3800 852 3861 est
903 3795 981 3877 petit
1002 3794 1165 3878 discipulis
1189 3794 1347 3860 unitatem
1368 3815 1434 3861 non
1455 3802 1591 3878 naturae,
1619 3798 1674 3862 sed

74 3905 238 3970 emanatio
248 3908 406 3988 quantum
415 3905 455 3969 ad
466 3908 574 3968 actum
585 3903 750 3967 irascibilis
758 3927 767 3983 ;
781 3904 850 3987 qui·
903 3901 1090 3983 dilectionis,
1104 3921 1161 3986 per
1173 3904 1428 3970 conformitatem
1439 3904 1479 3970 ad
1491 3904 1578 3970 illam
1589 3923 1677 3970 sum-

75 4013 154 4077 dam
166 4012 359 4096 respondent
370 4012 457 4096 quod
469 4012 541 4078 haeo
552 4011 604 4076 vis
615 4029 682 4075 non
694 4011 792 4076 babet
801 4011 850 4076 lo-
903 4027 992 4074 mam
1004 4010 1161 4076 unitatem
1174 4032 1182 4075 ε
1198 4010 1254 4076 sed
1267 4012 1412 4077 membra
1427 4010 1543 4076 Christi
1555 4011 1676 4077 rmiun·
1716 4071 1719 4075 ,

76 4138 156 4186 cum
181 4121 216 4184 in
242 4120 418 4188 substantia
437 4139 518 4206 pure
541 4119 719 4202 spirituali:
744 4123 851 4185 tamen
903 4118 957 4180 tur
978 4135 1037 4199 per
1057 4111 1389 4184 amoremmutuum:
1411 4136 1491 4201 ergo
1505 4118 1541 4182 in
1560 4119 1678 4184 dirime

75 4228 244 4312 supposito
252 4230 338 4312 quod
350 4228 434 4292 sitin
443 4226 617 4292 substantia
631 4225 848 4306 intellectuali,
903 4227 950 4288 est
963 4226 1127 4308 exemplar
1139 4226 1239 4309 buJus
1252 4248 1260 4290 :
1274 4227 1330 4302 sic,
1347 4231 1407 4291 etc.

74 4336 185 4404 adbuc
204 4340 294 4403 actm
313 4338 384 4420 ejus
396 4354 463 4401 non
483 4335 635 4418 competit
650 4333 851 4417 productioni
944 4331 1036 4414 ltem,
1050 4333 1279 4419 Hieronymus,
1297 4351 1393 4418 super
1406 4335 1571 4403 Paetorum
1583 4355 1676 4402 xvir:

73 4461 238 4526 personam
260 4443 420 4526 tumqute
434 4441 621 4508 armatur
633 4440 777 4524 sequntur
794 4459 848 4504 ac-
905 4439 1072 4524 «Spiritus
1095 4447 1225 4507 sanctus
1253 4447 1302 4508 est
1327 4461 1430 4523 amor,
1460 4462 1557 4526 quem
1581 4444 1678 4510 habet

72 4556 150 4616 tum
159 4537 579 4634 concupiscibilis3iraeuim
586 4546 849 4616 osennaexlsse
904 4545 1041 4612 Peterin
1052 4548 1183 4626 Filium,
1198 4554 1230 4615 et
1242 4549 1345 4618 Filius
1357 4552 1392 4615 in
1402 4548 1529 4615 Patrem
1543 4573 1578 4616 :a
1596 4569 1675 4633 ergo

72 4659 409 4742 concupiscentiam
424 4656 761 4734 dicitltamasrenus¹3
777 4659 850 4722 tum
903 4658 951 4719 est
962 4672 1053 4720 amor
1064 4660 1209 4723 mutuus.

73 4768 177 4833 etiam
194 4768 272 4850 quia
283 4768 458 4850 accustus
469 4764 613 4832 consistit
628 4768 685 4832 aut
704 4767 851 4847 respectu
944 4760 1036 4840 ltem,
1056 4763 1179 4829 ratione
1198 4765 1376 4831 ostenditur
1389 4764 1451 4829 boc
1463 4764 1582 4847 ipsum,
1599 4765 1675 4848 quia

72 4874 265 4958 superioris,
287 4877 320 4940 ει
335 4874 397 4940 hoc
414 4891 482 4940 uon
496 4875 684 4956 potestesse
696 4871 755 4938 ubi
767 4870 850 4940 nibil
903 4870 1070 4952 perfectior
1091 4875 1138 4936 ost
1159 4871 1296 4951 dilectio,
1317 4872 1447 4956 quando
1470 4875 1518 4936 est
1539 4875 1673 4954 mutua3

71 4985 126 5048 est
138 4983 307 5066 sapenos,
327 4986 384 5048 aut
401 4984 547 5064 respectu
560 4979 730 5059 interioris,
742 4982 776 5046 et
787 4978 850 5046 hoc
903 4978 979 5060 quia
995 4978 1103 5044 sinon
1114 4982 1163 5044 est
1174 4983 1300 5060 mutua,
1315 4998 1357 5045 ex
1371 4979 1470 5044 altera
1482 4982 1571 5062 parte
1585 4980 1674 5046 clau·

70 5090 225 5156 similiter
241 5108 321 5170 non,
341 5089 418 5174 qrria
437 5087 527 5156 nullo
547 5090 596 5152 est
613 5085 851 5154 interioritasiu
903 5084 1022 5152 meat:
1054 5085 1110 5152 sed
1138 5086 1175 5152 in
1203 5086 1259 5151 ills
1285 5086 1452 5153 dilectione
1472 5090 1520 5152 εει
1545 5106 1676 5153 summo

71 5217 215 5284 persona
226 5198 382 5282 producta
391 5198 540 5281 respectu
548 5193 652 5260 Patris
664 5216 673 5259 t
686 5212 754 5259 non
762 5193 852 5262 Simi-
904 5248 915 5299 ¹
928 5248 1008 5308 sm„
1022 5247 1082 5299 dist·
1091 5259 1119 5312 Χ,
1133 5261 1160 5313 q·
1172 5258 1219 5312 1113
1234 5247 1324 5313 guph,
1337 5248 1443 5313 Bmlef„
1457 5251 1467 5300 1
1481 5250 1561 5314 sm„
1572 5248 1631 5301 diat.
1641 5261 1675 5315 x,

107 5357 849 5423 uun.nemeen.,orseoruod,m.111,amvr.
904 5332 930 5384 t·
943 5318 1138 5383 ¹¹¹··'¹⁰⁰²⁸·›
1151 5331 1216 5386 xva,
1230 5321 1271 5371 22·

73 5429 850 5499 -¹cs.a¹ex.o10nr.,p.teramnensem-ianne„
937 5426 972 5497 (a)
986 5426 1237 5481 catecumeni.
