4100 6300
322 420 363 467 xo
802 402 853 469 uh
873 403 1048 470 SCRIPTIS
1069 404 1102 469 S.
1124 403 1442 485 BONAVENTURAE,

402 593 456 660 lX.
468 596 514 661 lle
527 596 765 664 Remmeotlone
778 615 800 659 a
809 600 937 679 peoooto
951 594 996 661 acl
1007 594 1160 677 mattam.
1176 592 1229 660 Pr.
1246 593 1367 661 Paulae
1386 596 1556 677 Apostolus
1569 595 1697 663 videtu
1709 598 1848 679 teuniter

999 718 1156 784 asserere,
1174 706 1234 768 etc.

364 867 401 931 ln
425 865 516 930 nullo
535 864 816 930 Nomenclatorum
837 863 986 946 Cutalogo
999 864 1132 947 ponitur
1146 887 1154 930 :
1170 865 1316 948 quinimo
1335 865 1479 932 Oudinus
1501 883 1605 949 usque
1623 865 1703 931 adeo
1725 865 1860 948 simplex
1881 871 1915 932 et

322 973 476 1039 frivolum
491 976 606 1052 censet,
622 976 670 1050 ut,
685 971 712 1035 si
725 989 820 1036 aures
830 971 876 1034 illi
889 972 1112 1051 exhibeamus,
1128 972 1208 1036 nihil
1220 992 1258 1037 co
1272 973 1437 1054 indignius
1450 973 1501 1036 sit.
1517 971 1552 1036 ld
1570 990 1627 1036 eur
1638 971 1767 1051 sentiat,
1783 973 1914 1038 nullum

323 1081 415 1146 affort
436 1082 680 1159 documentum,
695 1078 751 1143 sed
768 1096 838 1143 rem
856 1081 984 1163 proprio
999 1081 1129 1145 cerebro
1151 1080 1324 1145 constituit.
1339 1080 1401 1146 Sed
1423 1081 1464 1145 ab
1486 1079 1609 1145 Oudino
1628 1080 1701 1143 licet
1718 1082 1913 1164 percontari,

322 1208 404 1253 uum
426 1188 569 1253 materiei
589 1188 792 1269 dignitatem,
808 1205 850 1251 an
869 1189 943 1272 styli
957 1207 1062 1270 genus
1077 1187 1273 1252 consideret?
1289 1185 1322 1251 Si
1343 1187 1504 1270 primum,
1522 1206 1589 1251 non
1606 1186 1699 1251 video
1720 1193 1815 1262 certe,
1835 1189 1914 1271 quid

323 1297 464 1361 maxime
476 1296 510 1359 in
524 1295 586 1359 hoc
603 1294 763 1379 Opusoulo
778 1310 907 1375 carpere
921 1292 1033 1375 possit,
1049 1291 1209 1373 siquidem
1223 1307 1415 1373 pergravcm
1437 1290 1476 1354 de
1491 1290 1596 1371 gratia
1613 1290 1726 1353 Christi
1746 1291 1915 1356 materiam

322 1404 368 1470 itu
380 1407 493 1469 tractat
506 1404 636 1483 Auctor,
651 1407 689 1468 ut
701 1402 783 1467 nihil
795 1401 867 1465 leve
878 1401 1005 1465 dixerit.
1015 1399 1074 1464 Sin
1082 1417 1160 1464 vero
1169 1398 1317 1478 alterum,
1332 1417 1374 1463 ox
1387 1399 1426 1461 iis
1438 1416 1544 1461 unum
1554 1401 1766 1480 consequatur
1777 1402 1913 1478 oportet,

322 1516 379 1577 aut
392 1512 555 1577 Oudinum
569 1510 711 1576 Doctoris
730 1510 793 1575 hoo
806 1508 1003 1592 Opusculum
1016 1525 1058 1570 ne
1072 1506 1124 1571 vel
1137 1525 1158 1571 a
1173 1506 1284 1570 limine
1302 1507 1468 1585 salutasse,
1484 1511 1556 1583 aut,
1573 1507 1658 1588 quod
1673 1524 1751 1571 vero
1765 1507 1916 1589 proprius

322 1624 380 1699 est,
396 1619 495 1686 Nobis
507 1620 600 1684 illum
614 1621 727 1684 fucum
741 1617 851 1682 iecisse
866 1638 873 1680 :
891 1614 1042 1699 Opusculi
1057 1614 1146 1679 enim
1159 1614 1259 1696 huius
1271 1633 1376 1678 sermo
1389 1632 1448 1678 nec
1460 1614 1506 1677 ita
1518 1614 1640 1678 nitidus
1654 1617 1712 1702 est,
1731 1619 1768 1678 ut
1781 1614 1916 1678 illatinis

321 1729 454 1794 vocibus
466 1728 653 1810 inquinatus
668 1727 804 1805 nonsit,
821 1741 882 1789 nec
894 1723 939 1787 ita
950 1723 1123 1801 demissus,
1137 1726 1174 1786 ut
1195 1721 1430 1787 Bonaveuturae
1443 1718 1615 1786 convenire
1631 1740 1699 1785 nou
1712 1723 1820 1804 possit.
1844 1723 1915 1788 011-

321 1837 416 1903 dinus
430 1837 532 1918 igitur
546 1841 684 1913 tenetur,
701 1850 904 1918 quacumque
916 1835 1019 1894 vertat
1032 1849 1076 1894 se.
1087 1829 1234 1895 Ceterum
1243 1831 1358 1911 gratiae
1371 1830 1631 1913 disceptationem
1647 1848 1714 1894 non
1728 1830 1781 1894 hio
1793 1831 1913 1907 solnm,

321 1940 376 2005 sed
392 1940 488 2005 etiem
502 1940 691 2022 aggreditur
704 1940 738 2003 in
752 1938 1007 2018 Commentariis
1023 1940 1058 2002 in
1076 1938 1333 2020 Centimalum
1348 1937 1382 2000 in
1402 1936 1617 2021 Brevttuquiu.

361 2046 480 2113 Prodiit
500 2047 639 2112 Venetiis
656 2067 714 2131 per
733 2047 889 2113 Casurum
909 2047 1144 2112 Arrivuhonum
1163 2064 1216 2110 an.
1238 2049 1334 2126 1218,
1350 2047 1402 2111 cui
1420 2046 1570 2128 adjuncta
1583 2045 1715 2110 fuerunt
1729 2046 1832 2113 iliata
1853 2046 1914 2111 Sa·

322 2159 399 2224 ltetle
413 2162 444 2222 et
460 2157 631 2225 tractatus
641 2155 681 2223 de
696 2156 818 2223 dtrtstl
830 2158 1020 2224 decivitate.

363 2263 490 2330 Parisiis
507 2264 638 2330 seorsim
656 2265 763 2330 lucem
776 2263 856 2331 vidit
868 2282 922 2328 an.
937 2267 1036 2339 l523,
1051 2263 1142 2342 in·8;
1165 2261 1218 2327 cui
1234 2263 1450 2327 annectuntur
1467 2266 1499 2326 et
1520 2261 1626 2329 Dioeta
1642 2260 1760 2329 salutis
1780 2265 1812 2326 et
1831 2261 1915 2329 Goa-

322 2372 486 2456 temptutiu
498 2373 538 2440 de
551 2375 728 2442 nativitate
740 2373 871 2439 Domini
878 2392 892 2452 ;
904 2374 976 2437 tum
989 2388 1066 2435 cum
1079 2370 1192 2445 ceteris
1204 2368 1381 2452 Opuscnlis.

1064 2640 1086 2730 a
1111 2638 1161 2707 11.

838 2808 985 2879 heretica
1005 2810 1042 2879 in
1062 2831 1201 2879 examen
1222 2815 1393 2879 vocantur.

633 2978 658 3045 l.
675 2979 885 3046 ltioerorlum
898 2979 1187 3047 monteronem.
1204 2979 1291 3044 Prin.
1311 2979 1619 3063 inperatricem.

959 3170 1064 3239 Testis
1088 3168 1160 3239 Sec.
1184 3168 1274 3237 xm.

362 3341 552 3408 chricusa
570 3339 720 3407 Gandnvo
734 3341 779 3406 sic
794 3341 875 3406 illud
891 3341 1037 3405 nominat
1056 3359 1065 3403 z
1085 3338 1246 3423 «Scripsit
1262 3344 1294 3405 et
1311 3340 1415 3420 aliud,
1429 3342 1516 3423 quod
1532 3342 1660 3410 vocavit
1681 3364 1689 3407 :
1709 3343 1913 3412 Itinerarium

322 3449 438 3515 mentis
452 3450 487 3513 in
501 3448 603 3514 ileum
613 3455 661 3513 ¹.»

956 3582 1067 3650 Testes
1089 3580 1161 3652 Sec.
1184 3581 1277 3654 xlv.

362 3770 433 3836 Prae
446 3770 558 3835 celeris
571 3769 769 3853 Opusculum
781 3769 844 3834 hoc
856 3769 950 3853 plenu
964 3788 1065 3834 manu
1079 3769 1187 3835 laudat
1198 3769 1335 3834 loannes
1354 3769 1450 3834 Gerso
1468 3769 1502 3832 in
1516 3769 1649 3853 epistola
1669 3771 1709 3835 ad
1728 3770 1910 3837 hlinoritum

319 3880 389 3961 jam
403 3877 481 3942 alias
492 3880 741 3941 commemorata
757 3899 764 3941 :
785 3875 950 3941 «Sortitus
961 3881 1017 3957 est,
1033 3877 1149 3959 iuquit,
1162 3876 1338 3942 secundum
1351 3877 1479 3941 laudem
1493 3877 1568 3943 ritae
1581 3896 1649 3942 suae
1663 3878 1782 3960 pariter
1794 3883 1826 3942 et
1838 3879 1913 3943 doc-

323 3985 431 4062 trina,
445 4002 564 4049 nomen
581 3984 649 4066 ipse
661 3982 900 4063 Bonaventura,
916 3987 954 4048 ut
966 3985 1215 4054 antonomastice
1230 3984 1266 4048 ll.
1282 3983 1473 4066 seraphicus
1485 3983 1679 4048 nominetur.
1694 3984 1790 4049 Docet
1802 3986 1865 4051 hoo
1879 3987 1913 4049 iu

324 4091 452 4175 speciali
473 4109 570 4157 suum
591 4089 794 4156 itinerarium
813 4092 930 4156 mentis
948 4092 984 4155 in
1001 4091 1118 4169 Deum,
1143 4093 1236 4175 cujus
1256 4091 1420 4174 opusculi,
1441 4091 1509 4158 imo
1527 4091 1632 4174 operis
1652 4092 1817 4170 immensi,
1843 4092 1913 4157 laus

324 4198 471 4283 superior
483 4202 531 4263 eet
543 4216 599 4263 arc
613 4199 809 4264 mortalium.
823 4219 839 4258 r
856 4196 939 4262 Tum
952 4198 991 4262 de
1005 4197 1172 4263 ltiuerario
1189 4199 1354 4262 mortisia
1368 4198 1485 4276 Deum,
1501 4203 1572 4262 tum
1585 4199 1624 4264 dc
1638 4198 1802 4264 Itinerario
1818 4217 1912 4264 men-

323 4306 364 4370 tis
376 4306 412 4370 in
425 4305 565 4388 seipsum
587 4306 755 4386 disserens,
777 4305 845 4370 ait:
867 4304 1075 4371 «Confitehor
1090 4306 1306 4388 insipientiam
1320 4324 1442 4385 mcum,
1459 4307 1546 4388 qnod
1566 4326 1586 4371 a
1603 4306 1737 4389 triginta
1750 4307 1862 4384 annis,
1882 4311 1913 4372 et

323 4413 478 4496 amplius,
500 4412 591 4479 volui
612 4412 730 4477 hahere
752 4412 924 4478 familiares
947 4414 1028 4477 mihi
1051 4413 1218 4496 praedictos
1235 4411 1447 4494 Tractatnlos,
1472 4431 1558 4496 saepe
1577 4432 1631 4478 ecs
1652 4414 1804 4496 legendo,
1829 4432 1911 4498 saepe

322 4520 516 4585 ruminando
528 4520 626 4584 etiam
641 4538 742 4603 usque
756 4520 796 4585 ad
811 4521 920 4597 verba,
934 4522 1054 4586 nedum
1068 4522 1259 4599 seutentiam
1274 4524 1306 4586 et
1317 4539 1388 4586 ecoe
1399 4522 1461 4586 hec
1474 4525 1579 4599 atate,
1593 4522 1655 4586 hoc
1668 4523 1733 4586 otiu
1745 4522 1786 4588 ad
1798 4528 1911 4587 votum

323 4628 382 4692 vix
395 4628 528 4712 perveni
540 4628 580 4692 ad
594 4627 723 4691 initium
739 4633 856 4709 gustus
866 4628 1063 4692 eorumdem.
1078 4649 1094 4687 s

363 4734 500 4799 Domum
516 4734 698 4800 concludit¹
714 4756 722 4798 :
739 4732 980 4800 «Tradiderunt
996 4741 1105 4799 autem
1123 4733 1254 4817 plurimi
1271 4734 1403 4800 modum
1418 4735 1565 4815 vivendi,
1582 4736 1717 4818 quilibet
1733 4736 1909 4802 secundum

323 4859 453 4907 sensum
468 4859 576 4905 suum.
599 4840 674 4905 Fuit
693 4841 776 4905 inter
790 4841 868 4905 alios
889 4842 1140 4925 sapientissimus
1159 4843 1193 4906 iu
1207 4842 1370 4906 intellectu
1383 4843 1482 4906 simul
1497 4847 1528 4907 ct
1545 4843 1708 4926 piissimus
1723 4844 1758 4907 in
1779 4844 1910 4920 affectu,

323 4952 355 5012 et
371 4948 442 5013 ideo
457 4964 589 5012 securus
605 4954 637 5011 et
652 4948 766 5012 efficax
781 4948 816 5012 iu
831 4949 983 5013 tradendo
998 4950 1112 5014 ellectu
1127 4949 1280 5014 Dominus
1298 4948 1538 5026 Beneventum,
1554 4951 1656 5014 dictus
1670 4951 1786 5016 merito
1799 4951 1910 5016 Doctor

323 5052 530 5137 Seraphicus3
547 5055 737 5119 nominatim
751 5055 786 5119 in
800 5055 907 5120 libello
923 5074 1019 5138 quem
1034 5057 1170 5139 appellat
1185 5079 1193 5120 ε
1210 5056 1414 5120 itinerarium
1427 5056 1542 5120 mentis
1558 5057 1592 5120 in
1607 5056 1720 5122 heum.
1735 5080 1751 5117 u

363 5159 428 5226 Neo
448 5179 524 5227 vero
546 5161 720 5226 mittendus
739 5162 799 5226 crit
817 5161 850 5226 S.
869 5163 1068 5241 Antoninus,
1088 5165 1229 5246 quinon
1247 5164 1342 5228 modo
1360 5162 1564 5228 itinerarium
1584 5163 1645 5228 hoc
1663 5170 1835 5243 memorat3
1858 5164 1909 5229 sed

322 5268 476 5351 epocham
497 5268 593 5333 etiam
615 5269 723 5332 statuit
744 5269 923 5353 scriptionis
941 5270 1084 5353 ejusdem
1101 5293 1109 5335 :
1125 5270 1274 5337 «Eodem
1289 5288 1374 5335 anno
1392 5270 1444 5350 (id
1466 5274 1513 5333 est
1527 5271 1624 5354 leod)
1642 5271 1725 5335 idem
1740 5271 1793 5336 Fr.
1808 5271 1910 5336 Bona-

356 5393 565 5463 ¹Gap.xrv11.-
578 5394 668 5444 ¹Tom.
681 5395 703 5461 l,
718 5394 745 5446 in
756 5393 949 5446 admonitione:
965 5395 1088 5459 Quomodo
1101 5400 1172 5448 caute
1186 5396 1285 5462 leqendr'
1296 5399 1354 5446 eant
1367 5393 1532 5462 quorumdam
1546 5394 1622 5458 lteri,
1636 5395 1686 5448 eol.
1699 5400 1751 5448 116.
