4100 6300
451 489 510 552 sse
905 569 909 578 .
1023 480 1332 550 suorsnnneou
1352 482 1427 549 un.
1443 483 1475 548 .1.

1272 618 1449 683 seeundum
1461 619 1527 685 ihi:
1542 617 1955 701 Hoeoootemoaettcdlmte

734 687 861 766 PART·
885 689 931 772 H·
1272 726 1344 795 ticet
1355 729 1392 794 to
1404 727 1764 812 attonitosattonitos,
1776 730 1829 789 ete.

474 876 513 924 un
533 873 701 933 oueuraru
720 870 894 922 nrvlumun
914 874 1113 924 emsounnon
1136 876 1197 924 cun
1219 915 1222 922 ,
1312 834 1391 899 stem
1405 853 1478 919 9⁸¹⁸
1489 835 1597 912 feriit,
1612 833 1649 898 in
1667 850 1732 915 (1¹1³
1748 831 1955 917 millii

604 972 795 1021 nxcuostoun
814 972 1062 1030 runounumrrs.
1111 1023 1114 1030 ,
1270 943 1389 1008 divinis
1400 960 1468 1006 non
1485 942 1568 1007 cadit
1586 941 1669 1006 1⁸50
1690 939 1956 1023 nummo*

1270 1052 1344 1115 tuor
1363 1049 1534 1135 particulas
1550 1070 1558 1112 ε
1575 1049 1610 1113 in
1626 1049 1752 1133 prima,
1771 1048 1955 1132 premisopd

636 1162 842 1231 Expostulo
860 1164 1024 1231 textus.
1269 1158 1305 1223 in
1327 1158 1507 1242 equalitate
1529 1173 1745 1241 personarum
1762 1172 1822 1219 non
1841 1154 1900 1218 ulit
1912 1158 1955 1219 rm

1269 1266 1414 1343 numeri,
1429 1265 1565 1330 ostendit
1583 1265 1704 1347 quibus
1724 1262 1820 1328 modis
1831 1262 1955 1328 dumea

509 1327 561 1380 Sad
578 1327 633 1395 jam
651 1341 721 1380 nuno
740 1328 774 1380 ed
798 1328 959 1394 propositum
976 1328 1113 1380 redeamus
1126 1329 1145 1380 ¹.
1577 1375 1584 1387 ,
1752 1372 1759 1386 ,

1269 1391 1359 1439 mero
1374 1393 1441 1439 non
1451 1377 1620 1439 convemat
1632 1391 1787 1456 personis,
1799 1371 1955 1454 donnum

485 1470 589 1554 Supra
600 1470 735 1536 ostendit
747 1470 909 1554 Magister,
924 1471 1051 1536 divinas
1063 1489 1214 1555 personas
1268 1475 1317 1540 dis
1330 1478 1513 1556 eonveniet3
1529 1476 1679 1556 secundo,
1696 1474 1820 1558 qnodin
1831 1473 1914 1537 disinis
1921 1494 1956 1557 pn·

447 1579 570 1662 equari
585 1583 743 1663 quantum
757 1580 798 1645 ad
812 1580 1021 1646 eternitatem
1041 1584 1073 1645 et
1085 1580 1214 1662 magni·
1268 1585 1354 1648 sonis
1372 1589 1460 1650 tanta
1479 1589 1526 1649 est
1544 1585 1738 1666 magnitudo
1751 1584 1785 1646 in
1799 1600 1855 1646 nnn
1871 1600 1954 1665 penu

444 1685 606 1766 tudinem,
621 1704 679 1770 per
699 1687 761 1751 hoe
778 1688 862 1770 quod
875 1706 942 1752 una
960 1688 1095 1752 essentia
1111 1692 1159 1752 est
1177 1687 1213 1751 in
1268 1694 1390 1771 quanta
1403 1691 1435 1753 in
1452 1689 1563 1766 tribus,
1579 1686 1955 1769 toi:sctmd1motero;l
2000 1701 2001 1704 ’

444 1793 581 1876 singulis
594 1797 669 1859 tote.
688 1794 746 1858 Hie
758 1795 893 1860 ostendit
910 1795 995 1877 quod
1017 1798 1065 1858 est
1084 1813 1212 1860 summa
1268 1796 1359 1860 tertio
1383 1797 1518 1862 ostendit
1542 1796 1628 1879 quod
1653 1795 1739 1859 Deus
1761 1812 1820 1857 non
1842 1794 1956 1876 potestis

443 1897 538 1964 ineis
551 1901 734 1983 equalitas,
754 1906 786 1965 et
798 1902 858 1966 hoo
873 1901 948 1965 facit
961 1901 1158 1966 excludendo
1171 1902 1212 1966 ab
1269 1904 1400 1987 triplex,
1414 1904 1482 1968 sive
1497 1904 1677 1986 multiplex,
1694 1902 1741 1965 ibi
1755 1920 1764 1964 z
1780 1902 1910 1974 Rotam
1920 1918 1956 1962 ou

353 2011 415 2058 vile·
444 2005 490 2070 eis
510 2025 716 2086 communem
738 2008 1152 2091 rationeminaequalitatis.
1173 2008 1212 2073 Et
1266 2008 1350 2075 Deus
1360 2008 1490 2075 dicotur
1504 2010 1632 2088 trinae·
1654 2002 1957 2088 inquartaostntldt
2000 1997 2001 2028 ¹

443 2113 594 2179 dividitur
609 2115 679 2179 hmo
696 2133 769 2199 pars
783 2116 816 2179 ln
835 2119 899 2180 tres
916 2120 1032 2200 portes.
1052 2115 1089 2180 ln
1107 2114 1211 2198 prima
1265 2115 1433 2181 ferentium
1442 2117 1524 2181 inter
1536 2112 1957 2200 pluralitatemqneestinue

442 2221 578 2286 ostendit
592 2222 678 2305 quod
693 2241 759 2288 non
772 2223 854 2288 cedit
865 2224 909 2288 ibi
918 2224 998 2288 ratio
1011 2226 1111 2288 totius
1120 2226 1151 2287 et
1164 2224 1211 2287 in·
1264 2225 1346 2289 turis
1365 2225 1592 2308 corporalibus,
1617 2223 1662 2287 ibi
1678 2245 1687 2287 :
1703 2225 1746 2289 Io
1763 2220 1845 2288 relos
1862 2222 1958 2302 omitti

439 2329 535 2412 tegni.
561 2328 598 2393 ln
619 2329 759 2395 secunda
781 2331 918 2396 ostendit
937 2331 1022 2415 quod
1042 2349 1109 2395 non
1128 2331 1212 2395 eadit
1264 2349 1329 2401 ooo
1342 2338 1480 2413 tontum,
1496 2337 1555 2399 eto.

440 2437 486 2501 ihi
500 2437 582 2502 ratio
596 2437 735 2519 generis,
750 2438 875 2522 speciei,
890 2439 943 2504 vel
955 2439 1123 2519 individui,
1138 2439 1208 2504 ibi:
1303 2439 1343 2504 Et
1356 2439 1534 2504 notandum
1548 2439 1632 2522 quod
1649 2441 1719 2502 tote
1732 2433 1959 2501 summaetlmta·

440 2545 503 2611 Hie
515 2543 738 2626 adiiciendum
752 2551 799 2611 eat
810 2545 896 2628 qood
911 2551 1003 2613 lanta
1014 2553 1063 2614 est
1075 2547 1210 2630 aanor·
1264 2550 1409 2611 mentum
1434 2547 1532 2610 totius
1557 2544 1769 2627 distinotionis
1791 2544 1823 2607 in
1842 2543 1888 2606 hoe
1903 2539 1957 2604 ruit

441 2659 503 2731 tot,
518 2657 578 2718 ete.
594 2652 632 2718 ln
645 2651 738 2715 tertia
750 2655 885 2719 ostendit
897 2655 984 2738 quod
997 2674 1062 2720 non
1072 2654 1155 2719 ondit
1164 2654 1210 2718 ibi
1264 2653 1415 2733 consistit,
1430 2652 1515 2736 quod
1526 2651 1633 2717 divina
1642 2645 1958 2729 essentiaestmagnltnit

439 2759 521 2824 ratio
534 2761 679 2839 numeri,
694 2762 739 2826 ibi
754 2785 762 2828 ι
781 2761 869 2837 duod
879 2767 985 2831 autem
1002 2764 1141 2831 ioannes
1154 2763 1208 2831 dt·
1263 2778 1331 2824 une
1342 2778 1406 2824 non
1421 2757 1645 2842 multiplicata,
1660 2762 1693 2822 et
1710 2761 1777 2822 tote
1788 2774 1847 2820 non
1856 2753 1958 2818 dotes

439 2868 496 2946 co,
511 2871 571 2932 ete.
1262 2867 1298 2932 in
1320 2867 1463 2952 qualibet
1484 2883 1694 2950 personarum
1716 2883 1726 2928 ε
1748 2864 1814 2929 ideo
1834 2865 1959 2925 nonme&

480 2971 589 3040 Prima
601 2976 798 3061 iterumpers
809 2977 933 3044 induas
944 3002 951 3045 :
962 2979 1122 3062 inprims,
1133 2981 1209 3064 quia
1262 2975 1349 3059 quod
1366 2991 1510 3058 personae
1523 2970 1588 3037 sint
1600 2972 1735 3037 omnino
1754 2961 1959 3054 equdem&

438 3086 554 3154 teoerut
569 3088 811 3173 digressionem,
827 3092 991 3158 nontinuat
1003 3092 1087 3159 dieta
1099 3092 1208 3158 dieen-
1261 3082 1382 3146 tudine·
1398 3079 1463 3144 Nec
1475 3075 1913 3164 potestibicadererafioltfilt
1919 3071 1958 3135 ni·

439 3195 502 3275 dis;
522 3196 556 3260 in
574 3198 713 3263 seeundo
730 3218 807 3265 vero
826 3201 963 3265 ostendit
979 3201 1067 3285 quod
1081 3201 1127 3265 ihi
1141 3220 1209 3266 non
1261 3186 1815 3272 versalissstllliflilludffllflfilffifflms
1823 3181 1958 3267 inimi*

439 3303 522 3369 cadit
537 3306 728 3372 montosus
742 3308 900 3391 etpartis,
913 3308 958 3372 ibi
973 3325 982 3373 ε
997 3309 1061 3376 Nec
1075 3315 1121 3377 est
1141 3310 1207 3378 ola·-
1261 3320 1321 3366 neo
1342 3299 1439 3363 totius
1460 3298 1590 3380 integri,
1617 3296 1790 3380 quiaillud
1809 3292 1957 3360 donula

439 3413 619 3496 quotttum
630 3430 847 3497 versutorum.
1260 3412 1377 3494 parles,
1395 3426 1455 3472 nee
1470 3411 1518 3472 est
1535 3403 1837 3488 toluminqualibel
1855 3402 1957 3485 partem

479 3519 558 3585 ltem
577 3522 815 3606 secundamus,
830 3523 864 3587 in
881 3542 946 3607 que
965 3525 1207 3609 ostenditqnod
1259 3526 1305 3590 ite
1324 3542 1383 3589 neo
1399 3522 1480 3589 ratio
1501 3521 1675 3587 materialis
1692 3518 1844 3604 principii,
1854 3534 1900 3580 nee
1913 3512 1955 3577 nir

441 3628 477 3693 in
491 3629 609 3694 divinis
624 3649 691 3695 non
708 3631 792 3696 eadit
809 3631 890 3697 ratio
908 3632 1118 3716 universalis,
1138 3636 1208 3703 sive
1260 3634 1401 3701 numeri.

440 3736 773 3820 eremmon,
796 3737 1207 3824 umteunparesmn
1584 3728 1654 3775 ¹³⁰⁸·
1676 3726 1700 3773 ¹·

438 3842 545 3926 prima
558 3844 694 3910 ostendit
706 3846 792 3928 quod
805 3863 871 3911 non
888 3849 937 3911 est
948 3847 1089 3931 eooipere
1101 3866 1207 3930 genus
1414 3841 1491 3905 oret,
1504 3841 1533 3890 ut
1546 3838 1618 3904 (1⁰0⁶
1630 3837 1728 3903 Μ’
1741 3835 1861 3901 ΜΨ

438 3949 475 4015 in
492 3952 618 4034 divinis,
632 3972 691 4019 nee
704 3955 851 4039 speeiem,
866 3974 926 4020 neo
937 3955 1155 4038 individuum
1170 3959 1206 4024 in
1298 3957 1429 4024 Videtur
1439 3956 1613 4041 improprie
1623 3954 1723 4039 loom,
1739 3954 1813 4038 quia
1829 3950 1955 4017 nutam

438 4059 579 4124 secunde
599 4079 676 4127 vero
690 4067 799 4128 eontra
811 4063 872 4128 hoo
886 4063 1017 4146 opponit
1031 4065 1213 4131 auctario:
1258 4066 1345 4149 quod
1355 4084 1422 4131 non
1430 4064 1600 4143 desiderem
1611 4066 1644 4128 et
1653 4063 1759 4128 nullus
1770 4052 1955 4137 deludent

434 4168 501 4230 tem
515 4166 555 4248 (a)
571 4167 762 4249 damasceni,
777 4169 822 4234 ihi
837 4192 845 4236 ε
863 4171 924 4238 His
936 4176 1042 4240 amon
1052 4173 1205 4243 videntur
1257 4192 1324 4240 non
1337 4173 1509 4256 oognoseit,
1523 4170 1742 4252 velintelligit
1759 4168 1832 4234 ltem
1843 4164 1955 4231 nolu*

434 4273 605 4344 adversm
617 4277 775 4361 quoedom.
1257 4281 1355 4349 sentit
1372 4281 1420 4346 rei
1441 4298 1540 4364 quem
1567 4282 1675 4343 mente
1694 4296 1760 4343 non
1782 4268 1954 4345 intuetnnt'ti

477 4382 586 4449 Prima
603 4385 700 4451 habet
718 4387 809 4453 dues.
831 4387 941 4454 Primo
958 4390 1096 4457 ostendit
1118 4393 1204 4476 quod
1257 4389 1393 4473 concipit
1419 4410 1428 4454 ι
1454 4405 1533 4470 ergo
1558 4386 1668 4451 nullus
1697 4385 1820 4451 assentit
1841 4382 1879 4446 rei
1896 4391 1954 4461 φ·

435 4510 503 4557 non
521 4497 569 4558 est
581 4493 625 4558 ihi
638 4499 753 4560 nature
765 4497 909 4578 generis,
929 4497 981 4562 vel
999 4498 1130 4582 speciei,
1151 4500 1204 4565 vel
1256 4515 1324 4562 non
1333 4495 1492 4580 intelligit,
1508 4493 1586 4578 quia
1596 4494 1774 4577 intelligere
1786 4482 1952 4557 ssimi*

434 4600 609 4683 individui3
628 4603 788 4683 seeundo,
802 4605 890 4687 qnod
906 4623 971 4670 non
991 4610 1040 4672 est
1058 4606 1104 4671 ibi
1121 4608 1203 4673 ratio
1256 4605 1352 4671 tueri.

436 4708 854 4795 maerensmaerens
876 4735 884 4779 ι
903 4713 1089 4781 notamen
1106 4716 1202 4783 ettam
1296 4712 1388 4796 sep.
1403 4711 1578 4777 utendum
1590 4710 1678 4794 quaa
1691 4696 1951 4791 uteugaetnlli

436 4818 522 4902 qood
534 4822 672 4888 essentia
683 4821 801 4889 divino
813 4837 878 4890 non
890 4831 937 4891 eet
948 4825 1097 4891 materia.
1256 4823 1305 4885 ter
1313 4820 1429 4885 dieitur
1443 4842 1451 4885 z
1466 4837 1534 4884 uno
1547 4818 1644 4884 modo
1668 4818 1752 4883 idem
1771 4820 1816 4881 st
1831 4810 1950 4897 quados

475 4925 628 4993 Similiter
640 4947 715 5012 pers
734 4930 769 4994 in
782 4948 847 5013 qun
863 4930 972 5014 obiicit
989 4934 1101 4997 eontra
1118 4931 1199 5012 hoo,
1255 4946 1384 4994 noscere
1410 4927 1541 5010 aliquid,
1563 4927 1649 5010 quod
1674 4944 1731 5010 per
1748 4939 1852 4989 nomen
1867 4914 1948 4983 tntu

433 5034 531 5101 hahet
543 5036 623 5102 duas
634 5055 643 5103 z
653 5036 688 5102 in
699 5038 804 5122 prime
815 5040 951 5106 ostendit
963 5038 1050 5124 qnod
1064 5037 1201 5106 ceditihi
1254 5036 1317 5101 elio
1328 5035 1423 5100 modo
1435 5034 1521 5100 idem
1533 5038 1581 5099 est
1599 5034 1686 5118 qnod
1698 5033 1812 5098 ratione
1827 5022 1948 5111 spot&

434 5143 516 5210 retio
535 5144 725 5211 universalis
745 5151 778 5213 et
796 5147 971 5225 individui,
994 5149 1117 5213 ratione
1136 5146 1200 5211 lia·
1255 5144 1340 5210 dere.
1359 5142 1466 5208 Primo
1476 5143 1572 5209 modo
1593 5142 1746 5207 antecedit
1765 5138 1850 5204 fldem
1864 5128 1947 5216 ott&

436 5252 593 5334 masceni3
607 5253 643 5319 in
661 5256 799 5321 secunda
817 5256 921 5322 solvit.
943 5255 1089 5322 Primum
1108 5256 1198 5335 lacit,
1254 5271 1295 5317 ex
1304 5251 1432 5331 auditu3
1448 5251 1586 5333 seeundo
1600 5253 1693 5317 modo
1712 5233 1945 5331 eomeudtnlti

431 5358 477 5424 m
496 5377 506 5424 ι
526 5361 587 5430 no
604 5368 711 5432 autem
730 5365 886 5434 vedetur
907 5364 1096 5444 adversare,
1116 5368 1197 5443 oe.;
1252 5361 1342 5426 nutu
1354 5360 1435 5426 rata
1450 5360 1595 5424 humana
1607 5358 1769 5425 minorat
1782 5340 1945 5421 antee

464 5484 566 5557 ¹ttujus
574 5488 655 5557 portis
665 5489 1031 5558 textrmsuprarideralieat.
1286 5486 1320 5554 (a)
1331 5486 1391 5542 cet.
1403 5485 1465 5540 edit.
1476 5486 1642 5541 meamea.
