4100 6300
587 459 686 527 bls‘l.
707 459 812 530 XXIV.
834 463 929 528 ART.
948 463 987 527 ll.
1011 459 1160 540 QUAEST.
1183 459 1222 525 ll.
1606 467 1666 526 393

92 602 167 689 quod
188 599 314 665 nomina
333 597 533 680 designantia
555 597 769 681 pluralitatem
792 598 843 661 di·
898 602 962 663 tate
975 598 1145 674 continua,
1161 600 1193 660 et
1212 597 1315 679 specie
1337 598 1476 678 numeri,
1491 598 1666 662 dicendum

90 715 195 778 cantur
204 706 369 791 privative,
384 706 532 770 similiter
553 710 584 770 et
596 706 729 770 nomina
743 705 845 787 signi-
899 706 984 786 quod
996 723 1056 768 nec
1068 704 1229 786 quantitas
1238 705 1388 770 contiuua
1398 709 1445 769 est
1455 705 1490 769 in
1504 704 1577 782 lieo,
1588 706 1666 788 quia

89 817 206 882 ricantia
219 813 383 878 unitatem.
395 813 433 878 Et
451 815 477 877 si
493 814 564 878 hac
578 814 623 877 sic
639 814 778 879 invicem
792 833 845 898 op-
899 808 1059 873 aeternitas
1068 824 1134 871 uon
1147 811 1195 872 est
1206 809 1377 891 quantitas,
1394 827 1453 873 nec
1468 807 1609 874 Trinitas
1621 813 1668 874 est

88 927 252 1009 ponuntur,
267 926 304 986 ut
316 926 489 1005 utrumque
502 922 543 984 sit
552 921 688 1004 privatio
702 922 843 1002 alterius,
899 915 1019 997 species
1032 914 1169 978 numeri.
1644 934 1650 946 ·

86 1030 141 1094 erit
151 1028 193 1091 ibi
203 1026 363 1091 circulatio
374 1026 409 1089 in
422 1026 629 1090 notificando:
641 1027 705 1090 etsi
718 1030 844 1091 utrum·

85 1155 145 1220 que
156 1134 281 1199 alterius
304 1135 441 1218 privatio
456 1138 514 1212 est,
536 1153 613 1198 cum
626 1134 763 1217 privatio
779 1152 846 1197 non
1164 1161 1216 1239 ΟΠ
1217 1161 1342 1228 AEST10
1362 1161 1402 1226 H¹

83 1244 120 1306 sit
134 1242 336 1325 privationis,
352 1243 408 1307 sed
424 1242 571 1319 habitus,
589 1246 764 1324 utrumque
783 1240 845 1305 ali-

83 1349 155 1430 quid
175 1348 264 1431 ponit
279 1371 287 1413 :
301 1353 333 1414 et
355 1349 416 1427 ita,
441 1349 468 1413 si
494 1349 645 1414 dicuutur
670 1348 843 1432 privative,
899 1330 947 1387 Ast
965 1333 1032 1387 mm
1048 1332 1160 1436 '‘W“
1179 1330 1332 1387 mutuatio
1352 1333 1384 1387 ’Ὦ
1406 1330 1510 1434 ateana
1525 1331 1668 1435 semaam

933 1421 1124 1491 abstentiam,
1151 1421 1195 1478 vet
1217 1420 1358 1478 comodum
1379 1421 1549 1487 cetetonem,
1576 1421 1670 1478 dacon-

81 1454 368 1536 dr'cunturpositive
384 1476 392 1518 :
407 1457 493 1519 etsie
505 1455 620 1538 positio
636 1473 703 1519 non
716 1458 846 1520 estcon·
935 1509 1001 1569 mr,

82 1561 217 1624 veniens.
241 1561 332 1625 Ratio
352 1561 496 1626 similiter
528 1562 691 1644 positionis
711 1581 777 1628 non
800 1570 847 1629 est

79 1668 299 1733 convenienter
320 1671 492 1751 assumpta·
509 1665 590 1731 Nam
609 1687 764 1733 numerus
783 1670 846 1734 im·
940 1680 1213 1764 Utrumpraedicta
1226 1681 1358 1745 nomina
1372 1681 1517 1746 utuntur
1530 1683 1564 1746 in
1583 1684 1669 1749 aivi·
1692 1700 1788 1755 ratas.

80 1780 178 1856 portat
191 1776 446 1852 distinctionem,
461 1780 492 1840 et
504 1795 601 1861 super
614 1777 675 1842 boc
686 1778 846 1861 composi·
899 1787 950 1851 nis
971 1788 1147 1853 secundum
1166 1787 1397 1867 substantiam,
1412 1791 1470 1852 aut
1489 1790 1666 1854 secundum

77 1885 192 1948 tionem
204 1884 461 1965 aggregationis;
476 1889 507 1946 ct
518 1885 665 1966 quamvis
677 1886 712 1949 iu
724 1886 843 1951 divinis
900 1897 1104 1976 relationem3
1119 1901 1151 1961 et
1160 1895 1432 1979 quodsecundum
1443 1896 1664 1973 substantiam,

78 1992 193 2054 ss011⁵st
209 1993 419 2072 aggregat&
433 1992 644 2056 nihssfflsstnllss
656 1997 703 2056 est
713 1992 845 2056 disiissss·
899 2005 1050 2069 videtur:
1066 2004 1161 2086 quia,
1177 2004 1258 2068 sicut
1271 2003 1346 2068 dicit
1365 2002 1495 2068 Boetius
1510 2008 1533 2080 ⁸,
1549 2007 1581 2067 et
1599 2004 1668 2068 Au-

76 2099 136 2161 rio:
151 2098 223 2162 ideo
236 2117 394 2162 numerus
404 2117 470 2164 non
484 2099 668 2182 simpliciter
680 2117 846 2164 removeu·
899 2111 1082 2191 gastim,
1093 2109 1254 2191 quantitas
1266 2109 1301 2172 in
1312 2109 1523 2172 substantiam
1534 2108 1667 2172 transit:

73 2211 132 2271 ‹lus
145 2214 192 2273 est
206 2228 227 2273 a
239 2209 371 2287 divinis,
384 2210 439 2294 sed
451 2228 608 2274 numerus
625 2210 697 2273 talis
713 2233 720 2274 :
737 2216 769 2274 et
783 2211 847 2276 Ma·
899 2219 953 2283 sed
972 2235 1130 2283 numerus
1143 2217 1352 2300 quantitatem
1366 2216 1442 2281 dicit
1456 2235 1465 2279 ε
1481 2234 1560 2298 ergo
1577 2220 1670 2280 tran-

72 2314 169 2395 gister
180 2318 318 2381 omniuo
327 2321 471 2381 removet
482 2340 489 2379 :
502 2317 573 2381 ideo
582 2317 778 2399 inpositione
788 2336 848 2381 sua
900 2326 940 2390 sit
954 2326 988 2389 in
1006 2325 1216 2389 substantiam
1233 2348 1240 2388 :
1255 2342 1334 2405 ergo
1347 2323 1498 2387 dictiones
1512 2341 1668 2387 numera-

70 2422 194 2501 deiecitg
213 2427 246 2487 et
259 2423 297 2486 in
319 2424 373 2488 illo
395 2424 527 2488 articulo
548 2424 761 2489 communiter
779 2443 846 2489 non
899 2434 945 2497 les
958 2432 1136 2498 secuudum
1148 2431 1358 2494 substantiam
1369 2429 1535 2494 dicuntur·

71 2533 196 2593 tenetur
208 2549 229 2594 a
241 2530 406 2611 magistris
415 2529 656 2595 Parisiensibus.
668 2531 847 2597 Conceden-
939 2546 970 2605 a,
988 2542 1067 2606 item
1085 2559 1181 2604 omne
1195 2557 1314 2604 nomen
1334 2537 1550 2621 quod-dicitur
1566 2539 1665 2618 adse,

67 2636 144 2699 dum
165 2636 274 2717 igitur
287 2638 373 2719 quod
386 2638 576 2720 hujusmodi
589 2640 721 2703 nomina
733 2640 848 2705 dicun·
900 2648 1015 2713 dicitur
1037 2647 1212 2712 secundum
1231 2645 1441 2710 substantiam
1460 2664 1469 2708 ι
1488 2645 1542 2709 sed
1556 2645 1619 2711 auo
1636 2650 1669 2710 et

69 2748 119 2805 tur
140 2744 283 2825 positive
297 2751 320 2823 ¹,
338 2745 419 2824 sicut
437 2735 572 2827 probant
583 2746 721 2810 rationes
733 2748 773 2812 ad
786 2748 848 2813 hoc
901 2763 964 2823 tres
971 2804 982 2836 ,
1000 2759 1048 2819 est
1060 2773 1179 2819 nomen
1193 2754 1278 2837 quod
1297 2753 1414 2818 dicitur
1427 2753 1467 2817 ad
1480 2771 1526 2832 se,
1546 2770 1613 2816 non
1629 2753 1670 2817 ad

66 2851 219 2915 ioduotae.
245 2852 288 2916 at
306 2853 542 2917 concedendum
564 2854 650 2937 quod
676 2854 711 2918 in
731 2855 849 2919 divinis
901 2863 1253 2944 aliudzergodicuntur
1262 2861 1669 2927 secundumsubstantiam.
1714 2894 1717 2900 ·

65 2959 289 3040 aliquomodo
302 2965 524 3040 estnumerus,
539 2961 645 3045 aliquo
659 2962 845 3027 modonon:
942 2976 972 3034 3.
988 2970 1080 3047 item,
1103 2988 1178 3034 cum
1201 2968 1316 3032 dicitur
1333 2990 1341 3032 ι
1361 2965 1496 3048 «Pater,
1511 2971 1542 3031 et
1554 2966 1668 3047 Filius,

64 3085 140 3129 nam
160 3067 350 3132 secundum
356 3068 441 3151 quod
449 3068 524 3132 dicit
533 3068 764 3133 distinctionem
775 3087 847 3152 pcr-
902 3082 934 3141 et
946 3076 1083 3162 Spiritus
1094 3079 1222 3142 sauctus
1231 3079 1308 3140 sunt
1317 3076 1390 3154 hoc,
1403 3073 1489 3158 quod
1498 3077 1546 3137 est
1560 3078 1636 3155 tres,
1651 3096 1666 3133 a

64 3176 212 3239 sonalem
225 3176 409 3241 secundum
425 3172 597 3257 originem,
611 3177 656 3240 sic
677 3177 847 3242 dicendum
902 3191 960 3250 aut
980 3184 1096 3249 dicitur
1117 3184 1328 3261 notionaliter‚
1347 3187 1403 3246 aut
1425 3177 1667 3245 essentialiter:

64 3286 308 3348 &numerum
321 3302 388 3347 esse
401 3284 436 3346 in
449 3283 586 3362 divini&
602 3283 778 3348 secundum
792 3281 864 3348 au:
901 3312 968 3358 non
986 3292 1199 3371 notionaliter,
1222 3290 1299 3373 quia
1317 3288 1406 3353 nulla
1424 3293 1471 3352 est
1487 3288 1575 3351 notio
1594 3306 1669 3370 quae

64 3396 125 3453 tem
139 3392 234 3473 quod
248 3392 519 3473 aggregationem
534 3394 566 3454 et
576 3391 763 3457 divisionem
775 3391 848 3455 sub
902 3400 1115 3465 communiter
1127 3399 1250 3463 dicatur
1260 3398 1300 3463 de
1310 3397 1413 3461 tribus
1423 3416 1432 3460 z
1443 3380 1546 3477 igitur
1554 3395 1671 3460 dicitur

64 3499 252 3563 stantialcm
287 3499 388 3577 dicit,
418 3516 485 3562 non
516 3503 564 3561 est
594 3498 761 3580 ponendus
788 3518 849 3562 nu·
901 3507 1118 3571 essentialiter.

64 3624 173 3670 merus
185 3607 225 3671 in
251 3606 385 3671 divinis.
941 3619 971 3679 t.
995 3615 1089 3695 ltem,
1104 3614 1248 3679 notiones
1265 3616 1340 3677 sunt
1355 3611 1498 3694 quinque
1513 3633 1521 3673 z
1538 3611 1592 3675 sed
1604 3613 1671 3674 ter·

99 3721 131 3790 t,
145 3718 179 3793 2,
194 3719 229 3793 3,
248 3719 283 3778 4.
299 3714 348 3778 Ex
361 3714 413 3777 his
424 3716 536 3797 patent
549 3714 681 3796 objecta.
694 3714 776 3779 Nam
793 3734 848 3779 ra·
902 3724 982 3787 mini
1000 3723 1184 3787 numerales
1195 3722 1369 3803 important
1380 3703 1594 3802 pluralitatem
1607 3736 1671 3782 no·

67 3823 162 3887 iones
178 3824 224 3888 ad
240 3823 385 3906 primam
399 3828 523 3905 partem
537 3823 712 3904 procedunt
725 3823 763 3888 de
779 3843 847 3888 nu·
900 3832 1027 3895 tionum
1051 3854 1058 3895 :
1087 3830 1188 3913 igitur
1211 3829 1270 3893 erit
1283 3845 1439 3892 numerus
1452 3826 1619 3908 quinarius
1637 3827 1671 3889 in

65 3949 149 3995 nero
171 3929 364 3995 secundum
384 3949 455 3994 eam
468 3929 693 4012 acceptionem,
712 3948 848 4012 (1113811-
901 3940 1019 4004 divinis
1035 3960 1042 4003 ε
1057 3939 1159 4020 igitur
1168 3955 1235 4001 non
1247 3940 1322 4012 tres,
1338 3935 1392 3999 sed
1406 3935 1550 4016 quinque
1570 3939 1669 3998 sunt:

65 4040 159 4102 nitur
173 4039 213 4101 in
229 4037 306 4100 istis
325 4037 527 4101 interioribus
539 4041 698 4119 quantum
714 4038 753 4101 ad
767 4057 846 4102 con·
902 4048 957 4111 sed
969 4047 1031 4110 hoc
1043 4050 1091 4109 est
1103 4045 1237 4109 falsum:
1250 4043 1351 4124 igitur
1364 4060 1431 4105 non
1446 4041 1598 4106 dicuntur
1612 4060 1672 4106 no·

64 4144 719 4228 titionespraedictas.Undeinsensusuo
732 4165 848 4211 verum
901 4150 1079 4227 tionaliter3
1101 4149 1156 4212 sed
1180 4148 1330 4212 dicuntur
1359 4145 1580 4223 essentialiter,
1605 4144 1672 4210 sive

68 4256 291 4333 oncluount,
306 4253 448 4335 quodibi
466 4271 532 4316 non
551 4257 597 4316 est
611 4271 779 4319 numerus.
797 4256 849 4320 Si·
903 4256 1161 4323 substantialiter.

64 4365 182 4429 uiliter
196 4336 351 4427 rationes
363 4361 403 4424 ad
417 4365 539 4443 partem
550 4362 728 4443 oppositam
738 4380 843 4444 proce
943 4364 1084 4428 Contra:
1103 4362 1203 4427 Omne
1227 4379 1347 4425 nomen
1365 4359 1527 4443 pertinens
1540 4358 1580 4423 ad
1594 4359 1672 4422 sub-
1707 4369 1792 4413 Funda-

64 4472 346 4539 luntsecundum
355 4470 438 4553 quod
447 4488 603 4534 numerus
614 4471 847 4535 distinctionem
904 4473 1052 4537 stantiam
1063 4490 1130 4536 non
1143 4471 1259 4534 dicitur
1271 4469 1448 4551 pluraliter,
1464 4467 1518 4531 sed
1531 4466 1674 4548 singula·
1687 4437 1765 4477 mm

65 4586 181 4646 ortam
198 4581 364 4662 importat
380 4595 387 4637 :
402 4582 435 4641 et
448 4578 508 4640 hoc
522 4578 651 4659 quidem
671 4581 720 4642 est
732 4598 850 4661 ponere
903 4582 981 4645 riter
1005 4604 1012 4644 :
1031 4580 1085 4644 sed
1108 4579 1181 4644 Tres
1201 4581 1328 4641 tantum
1350 4576 1465 4641 dicitur
1484 4573 1671 4657 pluraliter:

64 4712 83 4754 u
104 4689 245 4754 divinis
266 4705 276 4751 ε
296 4689 327 4749 et
347 4686 417 4750 ideo
436 4704 553 4750 verum
577 4686 772 4751 concludunt
791 4706 850 4753 suo
904 4708 983 4771 ergo
996 4687 1086 4752 nullo
1101 4684 1323 4750 mododicitur
1339 4682 1517 4748 secundum
1529 4682 1674 4745 substan-

64 4819 168 4865 eusu.
194 4795 300 4861 Unde
321 4794 362 4857 in·
377 4793 494 4857 divinis
509 4794 694 4874 negandum
718 4800 765 4860 est
783 4814 851 4860 esse
905 4798 982 4861 tiam
997 4815 1005 4858 ε
1020 4813 1099 4876 ergo
1112 4793 1228 4858 dicitur
1243 4791 1418 4856 secundum
1432 4789 1631 4854 relationem.

64 4922 251 4972 umerum
269 4900 466 4987 simpliciter,
481 4901 535 4964 sed
551 4902 789 4967 concedendum
805 4906 852 4968 est
946 4904 1036 4983 ltem,
1052 4921 1147 4967 omne
1163 4920 1282 4966 nomen
1301 4898 1506 4965 substantiale
1519 4896 1674 4980 praedica-

68 5030 251 5082 umerum
269 5027 339 5072 esse
352 5026 572 5090 personarum.
906 5018 960 5077 tur
979 5012 1018 5076 de
1035 5010 1176 5094 qualibet
1191 5026 1324 5092 persona
1340 5030 1348 5071 ε
1364 5006 1419 5071 sed
1435 5006 1510 5072 Trea
1530 5005 1569 5068 de
1582 5003 1672 5068 nulla

87 5123 147 5188 Ad
163 5118 264 5184 illud
277 5120 386 5179 tamen
399 5115 486 5198 quod
498 5116 647 5199 objicitur
664 5118 703 5182 de
719 5120 851 5202 quanti·
907 5136 1044 5201 persona
1055 5116 1245 5200 praedicatur
1263 5136 1271 5179 ε
1287 5131 1377 5195 ergo,
1393 5117 1453 5176 ctc.

79 5252 194 5300 ¹Hanc
220 5241 386 5294 senteutiam
406 5242 520 5306 sequitur
548 5246 656 5306 scotus,
681 5247 706 5294 et
725 5247 853 5298 consentit
1610 5302 1613 5307 y

65 5364 70 5375 .
89 5324 201 5373 Thom.
220 5317 255 5366 in
270 5313 330 5364 dist.
341 5315 451 5377 praeced.
462 5340 492 5350 -
501 5317 512 5349 ²
522 5316 563 5377 Cf.
576 5316 646 5365 alex.
659 5315 771 5381 tilensis,
785 5332 811 5380 p.
825 5318 833 5367 l
841 5357 851 5383 ,
907 5321 955 5369 art.
967 5321 990 5380 2,
1005 5331 1031 5381 q.
1044 5327 1091 5379 111;
1105 5315 1195 5378 Stepb.
1207 5312 1309 5377 Brulai,
1325 5315 1334 5364 l
1350 5311 1429 5373 Sent„
1443 5310 1500 5361 dist.
1512 5319 1585 5371 mr,
1601 5321 1628 5372 q.
1641 5319 1657 5356 v
1665 5323 1674 5370 3

64 5437 68 5447 .
88 5409 144 5458 au,
157 5388 281 5442 memb.
296 5389 365 5449 138.
377 5387 512 5448 Thom.,p.
525 5388 545 5447 l,
562 5401 587 5451 q.
599 5399 662 5449 nur,
676 5393 722 5436 art.
736 5390 765 5449 23
783 5393 808 5438 et
821 5391 853 5438 de
908 5392 996 5440 Petrus
1006 5389 1038 5437 de
1052 5389 1164 5450 Tarant,
1179 5385 1283 5446 l’Scat.,
1297 5384 1354 5435 dist.
1365 5394 1437 5447 xxiv,
1449 5396 1475 5448 q.
1485 5393 1520 5432 vr.
1532 5406 1560 5418 -
1572 5380 1674 5443 ⁸licat,

64 5470 167 5528 stent,
179 5477 212 5527 q.
224 5462 342 5521 v11,art.
353 5461 366 5507 t
379 5461 404 5508 ct
417 5461 448 5520 53
461 5457 590 5522 Richard,
602 5459 610 5508 l
621 5461 699 5523 seut,
711 5459 769 5510 dist.
778 5471 851 5525 inv,
887 5478 892 5489 ·
907 5460 937 5511 de
952 5452 1082 5513 Triuia·
1093 5458 1102 5490 ⁴
1113 5461 1190 5523 bug,
1203 5457 1233 5509 de
1245 5457 1321 5520 Tria,
1334 5455 1378 5506 lib.
1391 5456 1436 5508 Vll
1445 5492 1455 5520 ,
1470 5467 1494 5506 c.
1506 5466 1526 5519 1,
1539 5467 1567 5503 n.
1577 5454 1602 5503 2.
