<?xml version="1.0" encoding="UTF-8"?>
<!DOCTYPE html PUBLIC "-//W3C//DTD XHTML 1.0 Transitional//EN"
    "http://www.w3.org/TR/xhtml1/DTD/xhtml1-transitional.dtd">
<html xmlns="http://www.w3.org/1999/xhtml" xml:lang="en" lang="en">
 <head>
  <title>
</title>
<meta http-equiv="Content-Type" content="text/html;charset=utf-8" />
  <meta name='ocr-system' content='tesseract 3.04.00' />
  <meta name='ocr-capabilities' content='ocr_page ocr_carea ocr_par ocr_line ocrx_word'/>
</head>
<body>
  <div class='ocr_page' id='page_1' title='image "./srecardinalissb00peltgoog_0687.png"; bbox 0 0 4100 6300; ppageno 0'>
   <div class='ocr_carea' id='block_1_1' title="bbox 548 474 1156 555">
    <p class='ocr_par' dir='ltr' id='par_1_1' title="bbox 548 474 1156 555">
     <span class='ocr_line' id='line_1_1' title="bbox 548 474 1156 555; baseline -0.021 -4"><span class='ocrx_word' id='word_1_1' title='bbox 548 484 646 551; x_wconf 81' lang='lat' dir='ltr'>DlS&#39;l’.</span> <span class='ocrx_word' id='word_1_2' title='bbox 669 482 759 549; x_wconf 92' lang='lat' dir='ltr'>XXX.</span> <span class='ocrx_word' id='word_1_3' title='bbox 782 478 872 545; x_wconf 75' lang='grc' dir='ltr'><strong>ΛΒΤ.</strong></span> <span class='ocrx_word' id='word_1_4' title='bbox 896 479 921 543; x_wconf 94' lang='grc' dir='ltr'>Ι.</span> <span class='ocrx_word' id='word_1_5' title='bbox 944 475 1094 555; x_wconf 82' lang='lat' dir='ltr'><strong>QUAEST.</strong></span> <span class='ocrx_word' id='word_1_6' title='bbox 1116 474 1156 539; x_wconf 88' lang='lat' dir='ltr'>ll.</span> 
     </span>
    </p>
   </div>
   <div class='ocr_carea' id='block_1_2' title="bbox 56 616 835 905">
    <p class='ocr_par' dir='ltr' id='par_1_2' title="bbox 56 616 835 905">
     <span class='ocr_line' id='line_1_2' title="bbox 56 616 835 704; baseline -0.017 -12"><span class='ocrx_word' id='word_1_7' title='bbox 56 646 60 659; x_wconf 92' lang='lat'>·</span> <span class='ocrx_word' id='word_1_8' title='bbox 84 625 217 691; x_wconf 84' lang='lat' dir='ltr'>tationem</span> <span class='ocrx_word' id='word_1_9' title='bbox 239 621 381 704; x_wconf 78' lang='lat' dir='ltr'>adquam</span> <span class='ocrx_word' id='word_1_10' title='bbox 402 621 518 686; x_wconf 82' lang='lat' dir='ltr'>iactam</span> <span class='ocrx_word' id='word_1_11' title='bbox 540 621 574 684; x_wconf 93' lang='lat' dir='ltr'>in</span> <span class='ocrx_word' id='word_1_12' title='bbox 600 620 689 702; x_wconf 87' lang='lat' dir='ltr'>ipso,</span> <span class='ocrx_word' id='word_1_13' title='bbox 716 619 770 682; x_wconf 89' lang='lat' dir='ltr'>sed</span> <span class='ocrx_word' id='word_1_14' title='bbox 801 616 835 680; x_wconf 90' lang='lat' dir='ltr'>in</span> 
     </span>
     <span class='ocr_line' id='line_1_3' title="bbox 85 729 833 808; baseline -0.016 -9"><span class='ocrx_word' id='word_1_15' title='bbox 85 736 209 799; x_wconf 85' lang='lat' dir='ltr'>ereatura</span> <span class='ocrx_word' id='word_1_16' title='bbox 228 749 236 795; x_wconf 78' lang='lat' dir='ltr'>t</span> <span class='ocrx_word' id='word_1_17' title='bbox 256 735 288 795; x_wconf 87' lang='lat' dir='ltr'>et</span> <span class='ocrx_word' id='word_1_18' title='bbox 304 730 382 794; x_wconf 93' lang='lat' dir='ltr'>illud</span> <span class='ocrx_word' id='word_1_19' title='bbox 404 729 651 794; x_wconf 85' lang='lat' dir='ltr'>determinatum</span> <span class='ocrx_word' id='word_1_20' title='bbox 665 729 713 791; x_wconf 87' lang='lat' dir='ltr'>est</span> <span class='ocrx_word' id='word_1_21' title='bbox 725 742 833 808; x_wconf 88' lang='lat' dir='ltr'>supra,</span> 
     </span>
     <span class='ocr_line' id='line_1_4' title="bbox 83 839 352 905; baseline -0.019 0"><span class='ocrx_word' id='word_1_22' title='bbox 83 839 268 905; x_wconf 82' lang='lat' dir='ltr'>distinetione</span> <span class='ocrx_word' id='word_1_23' title='bbox 282 855 352 902; x_wconf 85' lang='lat' dir='ltr'>vm.</span> 
     </span>
    </p>
   </div>
   <div class='ocr_carea' id='block_1_3' title="bbox 332 1085 571 1163">
    <p class='ocr_par' dir='ltr' id='par_1_3' title="bbox 332 1085 571 1163">
     <span class='ocr_line' id='line_1_5' title="bbox 332 1085 571 1163; baseline -0.004 -12"><span class='ocrx_word' id='word_1_24' title='bbox 332 1085 510 1163; x_wconf 82' lang='lat' dir='ltr'>QUAESTIO</span> <span class='ocrx_word' id='word_1_25' title='bbox 531 1087 571 1151; x_wconf 86' lang='grc' dir='ltr'>ΙΙ.</span> 
     </span>
    </p>
   </div>
   <div class='ocr_carea' id='block_1_4' title="bbox 37 1238 834 1402">
    <p class='ocr_par' dir='ltr' id='par_1_4' title="bbox 37 1238 834 1402">
     <span class='ocr_line' id='line_1_6' title="bbox 37 1238 834 1313; baseline -0.005 -15"><span class='ocrx_word' id='word_1_26' title='bbox 37 1283 38 1287; x_wconf 65' lang='lat'>,</span> <span class='ocrx_word' id='word_1_27' title='bbox 81 1244 121 1298; x_wconf 77' lang='lat' dir='ltr'>Aa</span> <span class='ocrx_word' id='word_1_28' title='bbox 133 1240 219 1297; x_wconf 82' lang='lat' dir='ltr'>omniu</span> <span class='ocrx_word' id='word_1_29' title='bbox 232 1254 290 1311; x_wconf 77' lang='lat' dir='ltr'>que</span> <span class='ocrx_word' id='word_1_30' title='bbox 300 1238 332 1294; x_wconf 80' lang='lat' dir='ltr'>de</span> <span class='ocrx_word' id='word_1_31' title='bbox 342 1241 395 1296; x_wconf 85' lang='lat' dir='ltr'>Deo</span> <span class='ocrx_word' id='word_1_32' title='bbox 410 1256 443 1295; x_wconf 82' lang='lat' dir='ltr'>ca</span> <span class='ocrx_word' id='word_1_33' title='bbox 455 1243 570 1313; x_wconf 79' lang='lat' dir='ltr'>tempore</span> <span class='ocrx_word' id='word_1_34' title='bbox 583 1239 719 1305; x_wconf 80' lang='lat' dir='ltr'>dicuutur,</span> <span class='ocrx_word' id='word_1_35' title='bbox 733 1254 785 1311; x_wconf 80' lang='lat' dir='ltr'>per</span> <span class='ocrx_word' id='word_1_36' title='bbox 797 1254 834 1306; x_wconf 83' lang='grc' dir='ltr'>τε,</span> 
     </span>
     <span class='ocr_line' id='line_1_7' title="bbox 242 1328 658 1402; baseline -0.007 -17"><span class='ocrx_word' id='word_1_37' title='bbox 242 1330 285 1385; x_wconf 86' lang='lat' dir='ltr'>uel</span> <span class='ocrx_word' id='word_1_38' title='bbox 304 1345 354 1402; x_wconf 86' lang='lat' dir='ltr'>per</span> <span class='ocrx_word' id='word_1_39' title='bbox 368 1329 488 1386; x_wconf 67' lang='lat' dir='ltr'>accium</span> <span class='ocrx_word' id='word_1_40' title='bbox 500 1330 627 1387; x_wconf 80' lang='lat' dir='ltr'>dicontur</span> <span class='ocrx_word' id='word_1_41' title='bbox 639 1328 658 1382; x_wconf 88' lang='lat'>¹.</span> 
     </span>
    </p>
   </div>
   <div class='ocr_carea' id='block_1_5' title="bbox 37 1489 841 4256">
    <p class='ocr_par' dir='ltr' id='par_1_5' title="bbox 42 1489 837 1572">
     <span class='ocr_line' id='line_1_8' title="bbox 42 1489 837 1572; baseline -0.003 -18"><span class='ocrx_word' id='word_1_42' title='bbox 42 1520 67 1547; x_wconf 53' lang='lat' dir='ltr'>a</span> <span class='ocrx_word' id='word_1_43' title='bbox 114 1489 256 1554; x_wconf 86' lang='lat' dir='ltr'>Secundo</span> <span class='ocrx_word' id='word_1_44' title='bbox 280 1490 449 1572; x_wconf 85' lang='lat' dir='ltr'>quaeritur,</span> <span class='ocrx_word' id='word_1_45' title='bbox 464 1495 577 1555; x_wconf 88' lang='lat' dir='ltr'>utrum</span> <span class='ocrx_word' id='word_1_46' title='bbox 594 1507 668 1571; x_wconf 72' lang='lat' dir='ltr'>quaa</span> <span class='ocrx_word' id='word_1_47' title='bbox 686 1489 837 1553; x_wconf 89' lang='lat' dir='ltr'>dicuntur</span> 
     </span>
    </p>

    <p class='ocr_par' dir='ltr' id='par_1_6' title="bbox 37 1596 838 1680">
     <span class='ocr_line' id='line_1_9' title="bbox 37 1596 838 1680; baseline -0.004 -18"><span class='ocrx_word' id='word_1_48' title='bbox 37 1650 38 1653; x_wconf 63' lang='lat'>,</span> <span class='ocrx_word' id='word_1_49' title='bbox 77 1599 112 1662; x_wconf 89' lang='lat' dir='ltr'>de</span> <span class='ocrx_word' id='word_1_50' title='bbox 123 1596 183 1661; x_wconf 89' lang='lat' dir='ltr'>lleo</span> <span class='ocrx_word' id='word_1_51' title='bbox 196 1614 238 1660; x_wconf 91' lang='lat' dir='ltr'>ex</span> <span class='ocrx_word' id='word_1_52' title='bbox 251 1601 405 1680; x_wconf 85' lang='lat' dir='ltr'>tempore,</span> <span class='ocrx_word' id='word_1_53' title='bbox 415 1598 561 1661; x_wconf 88' lang='lat' dir='ltr'>dicantur</span> <span class='ocrx_word' id='word_1_54' title='bbox 579 1615 635 1679; x_wconf 89' lang='lat' dir='ltr'>per</span> <span class='ocrx_word' id='word_1_55' title='bbox 649 1616 694 1675; x_wconf 89' lang='lat' dir='ltr'>se,</span> <span class='ocrx_word' id='word_1_56' title='bbox 710 1596 762 1661; x_wconf 89' lang='lat' dir='ltr'>vel</span> <span class='ocrx_word' id='word_1_57' title='bbox 781 1613 838 1679; x_wconf 85' lang='lat' dir='ltr'>per</span> 
     </span>
    </p>

    <p class='ocr_par' dir='ltr' id='par_1_7' title="bbox 41 1703 838 2107">
     <span class='ocr_line' id='line_1_10' title="bbox 41 1703 837 1787; baseline -0.004 -18"><span class='ocrx_word' id='word_1_58' title='bbox 41 1740 42 1745; x_wconf 18' lang='grc' dir='ltr'><strong>κ</strong></span> <span class='ocrx_word' id='word_1_59' title='bbox 77 1704 222 1769; x_wconf 85' lang='lat' dir='ltr'>accidens.</span> <span class='ocrx_word' id='word_1_60' title='bbox 233 1703 273 1767; x_wconf 81' lang='lat' dir='ltr'>ut</span> <span class='ocrx_word' id='word_1_61' title='bbox 285 1704 369 1787; x_wconf 83' lang='lat' dir='ltr'>quod</span> <span class='ocrx_word' id='word_1_62' title='bbox 379 1704 555 1768; x_wconf 86' lang='lat' dir='ltr'>secundum</span> <span class='ocrx_word' id='word_1_63' title='bbox 568 1704 723 1782; x_wconf 85' lang='lat' dir='ltr'>accidens,</span> <span class='ocrx_word' id='word_1_64' title='bbox 735 1708 837 1767; x_wconf 87' lang='lat' dir='ltr'>osten-</span> 
     </span>
     <span class='ocr_line' id='line_1_11' title="bbox 74 1808 838 1892; baseline 0.003 -17"><span class='ocrx_word' id='word_1_65' title='bbox 74 1811 156 1876; x_wconf 88' lang='lat' dir='ltr'>ditur</span> <span class='ocrx_word' id='word_1_66' title='bbox 176 1811 238 1875; x_wconf 90' lang='lat' dir='ltr'>hoo</span> <span class='ocrx_word' id='word_1_67' title='bbox 252 1811 347 1875; x_wconf 92' lang='lat' dir='ltr'>modo</span> <span class='ocrx_word' id='word_1_68' title='bbox 363 1834 370 1876; x_wconf 93' lang='lat'>:</span> <span class='ocrx_word' id='word_1_69' title='bbox 386 1808 597 1892; x_wconf 74' lang='lat' dir='ltr'><strong>Augustinus,</strong></span> <span class='ocrx_word' id='word_1_70' title='bbox 620 1809 647 1876; x_wconf 79' lang='lat' dir='ltr'>l</span> <span class='ocrx_word' id='word_1_71' title='bbox 666 1809 705 1876; x_wconf 78' lang='lat' dir='ltr'>cle</span> <span class='ocrx_word' id='word_1_72' title='bbox 728 1811 838 1877; x_wconf 67' lang='lat' dir='ltr'>Priui-</span> 
     </span>
     <span class='ocr_line' id='line_1_12' title="bbox 75 1917 838 1999; baseline -0.003 -14"><span class='ocrx_word' id='word_1_73' title='bbox 75 1924 135 1986; x_wconf 81' lang='lat' dir='ltr'>tute</span> <span class='ocrx_word' id='word_1_74' title='bbox 145 1920 167 1999; x_wconf 83' lang='lat'>¹,</span> <span class='ocrx_word' id='word_1_75' title='bbox 182 1922 215 1983; x_wconf 87' lang='lat' dir='ltr'>et</span> <span class='ocrx_word' id='word_1_76' title='bbox 223 1919 360 1983; x_wconf 89' lang='lat' dir='ltr'>habetur</span> <span class='ocrx_word' id='word_1_77' title='bbox 371 1919 406 1981; x_wconf 90' lang='lat' dir='ltr'>in</span> <span class='ocrx_word' id='word_1_78' title='bbox 418 1919 522 1982; x_wconf 86' lang='lat' dir='ltr'>littera</span> <span class='ocrx_word' id='word_1_79' title='bbox 535 1941 543 1982; x_wconf 75' lang='grc' dir='ltr'>ε</span> <span class='ocrx_word' id='word_1_80' title='bbox 557 1942 573 1979; x_wconf 78' lang='lat' dir='ltr'>a</span> <span class='ocrx_word' id='word_1_81' title='bbox 586 1917 675 1994; x_wconf 85' lang='lat' dir='ltr'>Quod</span> <span class='ocrx_word' id='word_1_82' title='bbox 688 1918 838 1984; x_wconf 90' lang='lat' dir='ltr'>dominus</span> 
     </span>
     <span class='ocr_line' id='line_1_13' title="bbox 57 2024 715 2107; baseline -0.009 -16"><span class='ocrx_word' id='word_1_83' title='bbox 57 2025 308 2105; x_wconf 85' lang='lat' dir='ltr'>-essethominis,</span> <span class='ocrx_word' id='word_1_84' title='bbox 320 2044 361 2089; x_wconf 86' lang='lat' dir='ltr'>cx</span> <span class='ocrx_word' id='word_1_85' title='bbox 372 2028 514 2107; x_wconf 86' lang='lat' dir='ltr'>tempore</span> <span class='ocrx_word' id='word_1_86' title='bbox 525 2024 685 2090; x_wconf 88' lang='lat' dir='ltr'>acciditei.</span> <span class='ocrx_word' id='word_1_87' title='bbox 700 2047 715 2085; x_wconf 74' lang='lat' dir='ltr'><strong>u</strong></span> 
     </span>
    </p>

    <p class='ocr_par' dir='ltr' id='par_1_8' title="bbox 40 2131 838 2750">
     <span class='ocr_line' id='line_1_14' title="bbox 40 2131 838 2215; baseline 0.003 -20"><span class='ocrx_word' id='word_1_88' title='bbox 40 2196 44 2209; x_wconf 30' lang='grc' dir='ltr'>ι</span> <span class='ocrx_word' id='word_1_89' title='bbox 109 2136 139 2195; x_wconf 71' lang='lat' dir='ltr'>t.</span> <span class='ocrx_word' id='word_1_90' title='bbox 161 2131 240 2196; x_wconf 85' lang='lat' dir='ltr'>ltem</span> <span class='ocrx_word' id='word_1_91' title='bbox 257 2133 320 2196; x_wconf 92' lang='lat' dir='ltr'>hoc</span> <span class='ocrx_word' id='word_1_92' title='bbox 332 2132 438 2215; x_wconf 89' lang='lat' dir='ltr'>ipsum</span> <span class='ocrx_word' id='word_1_93' title='bbox 459 2133 585 2197; x_wconf 84' lang='lat' dir='ltr'>videtur</span> <span class='ocrx_word' id='word_1_94' title='bbox 602 2132 724 2196; x_wconf 88' lang='lat' dir='ltr'>ratione</span> <span class='ocrx_word' id='word_1_95' title='bbox 739 2154 746 2197; x_wconf 93' lang='lat'><strong>:</strong></span> <span class='ocrx_word' id='word_1_96' title='bbox 761 2132 838 2215; x_wconf 86' lang='lat' dir='ltr'>quia</span> 
     </span>
     <span class='ocr_line' id='line_1_15' title="bbox 70 2239 838 2322; baseline 0.004 -21"><span class='ocrx_word' id='word_1_97' title='bbox 70 2256 163 2303; x_wconf 87' lang='lat' dir='ltr'>omne</span> <span class='ocrx_word' id='word_1_98' title='bbox 180 2239 266 2321; x_wconf 84' lang='lat' dir='ltr'>quod</span> <span class='ocrx_word' id='word_1_99' title='bbox 289 2239 376 2304; x_wconf 87' lang='lat' dir='ltr'>adest</span> <span class='ocrx_word' id='word_1_100' title='bbox 396 2244 428 2303; x_wconf 91' lang='lat' dir='ltr'>et</span> <span class='ocrx_word' id='word_1_101' title='bbox 451 2239 539 2303; x_wconf 90' lang='lat' dir='ltr'>abest</span> <span class='ocrx_word' id='word_1_102' title='bbox 557 2244 674 2322; x_wconf 82' lang='lat' dir='ltr'>praeter</span> <span class='ocrx_word' id='word_1_103' title='bbox 695 2241 783 2321; x_wconf 87' lang='lat' dir='ltr'>ejus,</span> <span class='ocrx_word' id='word_1_104' title='bbox 799 2240 838 2304; x_wconf 88' lang='lat' dir='ltr'>de</span> 
     </span>
     <span class='ocr_line' id='line_1_16' title="bbox 69 2345 838 2430; baseline 0.003 -21"><span class='ocrx_word' id='word_1_105' title='bbox 69 2363 132 2427; x_wconf 84' lang='lat' dir='ltr'>quo</span> <span class='ocrx_word' id='word_1_106' title='bbox 149 2345 278 2426; x_wconf 88' lang='lat' dir='ltr'>dicitur,</span> <span class='ocrx_word' id='word_1_107' title='bbox 300 2346 554 2430; x_wconf 85' lang='lat' dir='ltr'>corruptionem,</span> <span class='ocrx_word' id='word_1_108' title='bbox 578 2346 768 2428; x_wconf 71' lang='lat' dir='ltr'>praedicatur</span> <span class='ocrx_word' id='word_1_109' title='bbox 787 2366 838 2411; x_wconf 88' lang='lat' dir='ltr'>se-</span> 
     </span>
     <span class='ocr_line' id='line_1_17' title="bbox 67 2453 838 2536; baseline 0.004 -20"><span class='ocrx_word' id='word_1_110' title='bbox 67 2453 210 2518; x_wconf 91' lang='lat' dir='ltr'>cundum</span> <span class='ocrx_word' id='word_1_111' title='bbox 224 2455 369 2519; x_wconf 86' lang='lat' dir='ltr'>accidens</span> <span class='ocrx_word' id='word_1_112' title='bbox 380 2459 402 2534; x_wconf 81' lang='lat'>⁸,</span> <span class='ocrx_word' id='word_1_113' title='bbox 416 2454 486 2518; x_wconf 83' lang='lat' dir='ltr'>haec</span> <span class='ocrx_word' id='word_1_114' title='bbox 499 2458 545 2518; x_wconf 88' lang='lat' dir='ltr'>est</span> <span class='ocrx_word' id='word_1_115' title='bbox 557 2472 613 2536; x_wconf 89' lang='lat' dir='ltr'>per</span> <span class='ocrx_word' id='word_1_116' title='bbox 622 2474 656 2518; x_wconf 89' lang='lat' dir='ltr'>se</span> <span class='ocrx_word' id='word_1_117' title='bbox 668 2458 744 2518; x_wconf 88' lang='lat' dir='ltr'>nota</span> <span class='ocrx_word' id='word_1_118' title='bbox 759 2473 768 2518; x_wconf 72' lang='grc' dir='ltr'>ε</span> <span class='ocrx_word' id='word_1_119' title='bbox 783 2455 838 2519; x_wconf 88' lang='lat' dir='ltr'>sed</span> 
     </span>
     <span class='ocr_line' id='line_1_18' title="bbox 67 2560 838 2643; baseline 0.004 -20"><span class='ocrx_word' id='word_1_120' title='bbox 67 2560 177 2624; x_wconf 90' lang='lat' dir='ltr'>omnia</span> <span class='ocrx_word' id='word_1_121' title='bbox 195 2560 267 2625; x_wconf 80' lang='lat' dir='ltr'>haec</span> <span class='ocrx_word' id='word_1_122' title='bbox 288 2579 361 2643; x_wconf 82' lang='lat' dir='ltr'>quae</span> <span class='ocrx_word' id='word_1_123' title='bbox 387 2561 601 2643; x_wconf 74' lang='lat' dir='ltr'>temporaliter</span> <span class='ocrx_word' id='word_1_124' title='bbox 624 2561 776 2625; x_wconf 88' lang='lat' dir='ltr'>dicuntur</span> <span class='ocrx_word' id='word_1_125' title='bbox 799 2561 838 2626; x_wconf 87' lang='lat' dir='ltr'>de</span> 
     </span>
     <span class='ocr_line' id='line_1_19' title="bbox 66 2666 638 2750; baseline 0.002 -20"><span class='ocrx_word' id='word_1_126' title='bbox 66 2666 141 2745; x_wconf 88' lang='lat' dir='ltr'>Ileo,</span> <span class='ocrx_word' id='word_1_127' title='bbox 160 2670 238 2731; x_wconf 86' lang='lat' dir='ltr'>sunt</span> <span class='ocrx_word' id='word_1_128' title='bbox 248 2667 434 2750; x_wconf 89' lang='lat' dir='ltr'>hujusmodi</span> <span class='ocrx_word' id='word_1_129' title='bbox 450 2691 457 2731; x_wconf 91' lang='lat'>:</span> <span class='ocrx_word' id='word_1_130' title='bbox 474 2686 563 2749; x_wconf 82' lang='lat' dir='ltr'>ergo,</span> <span class='ocrx_word' id='word_1_131' title='bbox 578 2671 638 2732; x_wconf 88' lang='lat' dir='ltr'>etc.</span> 
     </span>
    </p>

    <p class='ocr_par' dir='ltr' id='par_1_9' title="bbox 55 2773 839 3288">
     <span class='ocr_line' id='line_1_20' title="bbox 104 2773 837 2859; baseline 0.005 -22"><span class='ocrx_word' id='word_1_132' title='bbox 104 2779 134 2837; x_wconf 85' lang='lat'>3.</span> <span class='ocrx_word' id='word_1_133' title='bbox 152 2773 237 2839; x_wconf 87' lang='lat' dir='ltr'>ltem</span> <span class='ocrx_word' id='word_1_134' title='bbox 246 2776 331 2857; x_wconf 87' lang='lat' dir='ltr'>quod</span> <span class='ocrx_word' id='word_1_135' title='bbox 346 2775 537 2857; x_wconf 85' lang='lat' dir='ltr'>praedicatur</span> <span class='ocrx_word' id='word_1_136' title='bbox 550 2794 606 2858; x_wconf 87' lang='lat' dir='ltr'>per</span> <span class='ocrx_word' id='word_1_137' title='bbox 619 2794 653 2839; x_wconf 87' lang='lat' dir='ltr'>se</span> <span class='ocrx_word' id='word_1_138' title='bbox 665 2775 704 2840; x_wconf 89' lang='lat' dir='ltr'>de</span> <span class='ocrx_word' id='word_1_139' title='bbox 716 2775 837 2859; x_wconf 84' lang='lat' dir='ltr'>aliquo,</span> 
     </span>
     <span class='ocr_line' id='line_1_21' title="bbox 61 2880 839 2965; baseline 0.003 -20"><span class='ocrx_word' id='word_1_140' title='bbox 61 2898 193 2963; x_wconf 88' lang='lat' dir='ltr'>semper</span> <span class='ocrx_word' id='word_1_141' title='bbox 205 2881 291 2944; x_wconf 80' lang='lat' dir='ltr'>inest</span> <span class='ocrx_word' id='word_1_142' title='bbox 300 2882 347 2944; x_wconf 93' lang='lat' dir='ltr'>illi</span> <span class='ocrx_word' id='word_1_143' title='bbox 360 2882 492 2962; x_wconf 66' lang='lat' dir='ltr'>‘reigo</span> <span class='ocrx_word' id='word_1_144' title='bbox 508 2882 548 2946; x_wconf 87' lang='lat' dir='ltr'>ab</span> <span class='ocrx_word' id='word_1_145' title='bbox 562 2880 731 2964; x_wconf 89' lang='lat' dir='ltr'>oppositis,</span> <span class='ocrx_word' id='word_1_146' title='bbox 753 2882 839 2965; x_wconf 88' lang='lat' dir='ltr'>quod</span> 
     </span>
     <span class='ocr_line' id='line_1_22' title="bbox 59 2986 837 3072; baseline 0.004 -21"><span class='ocrx_word' id='word_1_147' title='bbox 59 2986 259 3069; x_wconf 79' lang='lat' dir='ltr'>praedicatur</span> <span class='ocrx_word' id='word_1_148' title='bbox 276 2987 316 3052; x_wconf 91' lang='lat' dir='ltr'>de</span> <span class='ocrx_word' id='word_1_149' title='bbox 330 2988 455 3070; x_wconf 84' lang='lat' dir='ltr'>aliquo,</span> <span class='ocrx_word' id='word_1_150' title='bbox 477 2992 508 3052; x_wconf 89' lang='lat' dir='ltr'>et</span> <span class='ocrx_word' id='word_1_151' title='bbox 521 3006 587 3053; x_wconf 93' lang='lat' dir='ltr'>non</span> <span class='ocrx_word' id='word_1_152' title='bbox 601 3006 726 3072; x_wconf 86' lang='lat' dir='ltr'>semper</span> <span class='ocrx_word' id='word_1_153' title='bbox 745 2989 837 3071; x_wconf 87' lang='lat' dir='ltr'>inest,</span> 
     </span>
     <span class='ocr_line' id='line_1_23' title="bbox 58 3096 837 3180; baseline 0.003 -19"><span class='ocrx_word' id='word_1_154' title='bbox 58 3096 260 3179; x_wconf 67' lang='lat' dir='ltr'>praedicatur</span> <span class='ocrx_word' id='word_1_155' title='bbox 273 3114 338 3161; x_wconf 91' lang='lat' dir='ltr'>uon</span> <span class='ocrx_word' id='word_1_156' title='bbox 359 3114 416 3179; x_wconf 91' lang='lat' dir='ltr'>per</span> <span class='ocrx_word' id='word_1_157' title='bbox 434 3115 487 3175; x_wconf 88' lang='lat' dir='ltr'>se;</span> <span class='ocrx_word' id='word_1_158' title='bbox 503 3113 582 3178; x_wconf 79' lang='lat' dir='ltr'>ergo</span> <span class='ocrx_word' id='word_1_159' title='bbox 600 3114 658 3180; x_wconf 89' lang='lat' dir='ltr'>per</span> <span class='ocrx_word' id='word_1_160' title='bbox 671 3097 837 3163; x_wconf 88' lang='lat' dir='ltr'>accidens:</span> 
     </span>
     <span class='ocr_line' id='line_1_24' title="bbox 55 3205 838 3288; baseline 0.003 -18"><span class='ocrx_word' id='word_1_161' title='bbox 55 3205 113 3270; x_wconf 85' lang='lat' dir='ltr'>sed</span> <span class='ocrx_word' id='word_1_162' title='bbox 127 3205 210 3269; x_wconf 86' lang='lat' dir='ltr'>talia</span> <span class='ocrx_word' id='word_1_163' title='bbox 220 3209 298 3268; x_wconf 86' lang='lat' dir='ltr'>sunt</span> <span class='ocrx_word' id='word_1_164' title='bbox 309 3205 496 3287; x_wconf 79' lang='lat' dir='ltr'>huJusmodi</span> <span class='ocrx_word' id='word_1_165' title='bbox 506 3206 656 3270; x_wconf 89' lang='lat' dir='ltr'>uomina:</span> <span class='ocrx_word' id='word_1_166' title='bbox 673 3225 763 3288; x_wconf 81' lang='lat' dir='ltr'>ergo,</span> <span class='ocrx_word' id='word_1_167' title='bbox 779 3212 838 3272; x_wconf 84' lang='lat' dir='ltr'>etc.</span> 
     </span>
    </p>

    <p class='ocr_par' dir='ltr' id='par_1_10' title="bbox 49 3312 841 3931">
     <span class='ocr_line' id='line_1_25' title="bbox 98 3312 838 3398; baseline 0.005 -23"><span class='ocrx_word' id='word_1_168' title='bbox 98 3318 131 3377; x_wconf 78' lang='lat' dir='ltr'>l.</span> <span class='ocrx_word' id='word_1_169' title='bbox 149 3312 246 3391; x_wconf 86' lang='lat' dir='ltr'>Item,</span> <span class='ocrx_word' id='word_1_170' title='bbox 257 3330 353 3376; x_wconf 90' lang='lat' dir='ltr'>omne</span> <span class='ocrx_word' id='word_1_171' title='bbox 367 3312 452 3395; x_wconf 87' lang='lat' dir='ltr'>quod</span> <span class='ocrx_word' id='word_1_172' title='bbox 464 3314 655 3395; x_wconf 72' lang='lat' dir='ltr'>praedicatur</span> <span class='ocrx_word' id='word_1_173' title='bbox 669 3314 708 3379; x_wconf 90' lang='lat' dir='ltr'>de</span> <span class='ocrx_word' id='word_1_174' title='bbox 720 3315 838 3398; x_wconf 84' lang='lat' dir='ltr'>aliquo,</span> 
     </span>
     <span class='ocr_line' id='line_1_26' title="bbox 53 3422 840 3505; baseline 0.005 -20"><span class='ocrx_word' id='word_1_175' title='bbox 53 3428 114 3486; x_wconf 89' lang='lat' dir='ltr'>aut</span> <span class='ocrx_word' id='word_1_176' title='bbox 126 3427 179 3487; x_wconf 86' lang='lat' dir='ltr'>est</span> <span class='ocrx_word' id='word_1_177' title='bbox 191 3422 399 3487; x_wconf 78' lang='lat' dir='ltr'>convertibile</span> <span class='ocrx_word' id='word_1_178' title='bbox 413 3441 488 3487; x_wconf 90' lang='lat' dir='ltr'>cum</span> <span class='ocrx_word' id='word_1_179' title='bbox 497 3424 648 3505; x_wconf 84' lang='lat' dir='ltr'>subjecto,</span> <span class='ocrx_word' id='word_1_180' title='bbox 662 3429 719 3488; x_wconf 88' lang='lat' dir='ltr'>aut</span> <span class='ocrx_word' id='word_1_181' title='bbox 732 3424 770 3489; x_wconf 88' lang='lat' dir='ltr'>de</span> <span class='ocrx_word' id='word_1_182' title='bbox 783 3443 840 3489; x_wconf 86' lang='grc' dir='ltr'>τε-</span> 
     </span>
     <span class='ocr_line' id='line_1_27' title="bbox 53 3526 838 3613; baseline 0.006 -23"><span class='ocrx_word' id='word_1_183' title='bbox 53 3531 147 3594; x_wconf 88' lang='lat' dir='ltr'>tione</span> <span class='ocrx_word' id='word_1_184' title='bbox 163 3526 313 3611; x_wconf 84' lang='lat' dir='ltr'>subjecti,</span> <span class='ocrx_word' id='word_1_185' title='bbox 324 3535 380 3594; x_wconf 88' lang='lat' dir='ltr'>aut</span> <span class='ocrx_word' id='word_1_186' title='bbox 392 3530 584 3612; x_wconf 72' lang='lat' dir='ltr'>predicatur</span> <span class='ocrx_word' id='word_1_187' title='bbox 593 3547 650 3613; x_wconf 88' lang='lat' dir='ltr'>per</span> <span class='ocrx_word' id='word_1_188' title='bbox 659 3530 838 3595; x_wconf 80' lang='lat' dir='ltr'>acoidens‘:</span> 
     </span>
     <span class='ocr_line' id='line_1_28' title="bbox 50 3637 840 3718; baseline 0.004 -18"><span class='ocrx_word' id='word_1_189' title='bbox 50 3637 112 3700; x_wconf 89' lang='lat' dir='ltr'>sed</span> <span class='ocrx_word' id='word_1_190' title='bbox 125 3637 326 3718; x_wconf 87' lang='lat' dir='ltr'>hujusmodi</span> <span class='ocrx_word' id='word_1_191' title='bbox 345 3637 478 3701; x_wconf 88' lang='lat' dir='ltr'>nomine</span> <span class='ocrx_word' id='word_1_192' title='bbox 499 3655 559 3701; x_wconf 90' lang='lat' dir='ltr'>neo</span> <span class='ocrx_word' id='word_1_193' title='bbox 574 3642 650 3701; x_wconf 91' lang='lat' dir='ltr'>sunt</span> <span class='ocrx_word' id='word_1_194' title='bbox 667 3638 706 3702; x_wconf 91' lang='lat' dir='ltr'>de</span> <span class='ocrx_word' id='word_1_195' title='bbox 717 3638 840 3704; x_wconf 90' lang='lat' dir='ltr'>ratione</span> 
     </span>
     <span class='ocr_line' id='line_1_29' title="bbox 49 3740 841 3825; baseline 0.003 -20"><span class='ocrx_word' id='word_1_196' title='bbox 49 3740 124 3821; x_wconf 82' lang='lat' dir='ltr'>Ilei,</span> <span class='ocrx_word' id='word_1_197' title='bbox 141 3759 209 3804; x_wconf 89' lang='lat' dir='ltr'>nec</span> <span class='ocrx_word' id='word_1_198' title='bbox 219 3741 449 3821; x_wconf 70' lang='lat' dir='ltr'>convertibilia,</span> <span class='ocrx_word' id='word_1_199' title='bbox 465 3746 502 3805; x_wconf 88' lang='lat' dir='ltr'>ut</span> <span class='ocrx_word' id='word_1_200' title='bbox 514 3745 601 3825; x_wconf 88' lang='lat' dir='ltr'>patet</span> <span class='ocrx_word' id='word_1_201' title='bbox 613 3742 652 3806; x_wconf 91' lang='lat' dir='ltr'>de</span> <span class='ocrx_word' id='word_1_202' title='bbox 665 3743 726 3807; x_wconf 91' lang='lat' dir='ltr'>hoc</span> <span class='ocrx_word' id='word_1_203' title='bbox 740 3744 841 3809; x_wconf 90' lang='lat' dir='ltr'>nomi·</span> 
     </span>
     <span class='ocr_line' id='line_1_30' title="bbox 49 3850 497 3931; baseline 0 -19"><span class='ocrx_word' id='word_1_204' title='bbox 49 3868 107 3929; x_wconf 89' lang='lat' dir='ltr'>ne,</span> <span class='ocrx_word' id='word_1_205' title='bbox 125 3850 294 3915; x_wconf 74' lang='lat' dir='ltr'>Dominus</span> <span class='ocrx_word' id='word_1_206' title='bbox 310 3872 318 3913; x_wconf 75' lang='grc' dir='ltr'><strong>ι</strong></span> <span class='ocrx_word' id='word_1_207' title='bbox 332 3868 423 3931; x_wconf 82' lang='lat' dir='ltr'>ergo,</span> <span class='ocrx_word' id='word_1_208' title='bbox 438 3854 497 3913; x_wconf 88' lang='lat' dir='ltr'>elo.</span> 
     </span>
    </p>

    <p class='ocr_par' dir='ltr' id='par_1_11' title="bbox 47 3956 839 4131">
     <span class='ocr_line' id='line_1_31' title="bbox 93 3956 839 4038; baseline 0.001 -18"><span class='ocrx_word' id='word_1_209' title='bbox 93 3956 226 4021; x_wconf 84' lang='lat' dir='ltr'>Contra</span> <span class='ocrx_word' id='word_1_210' title='bbox 249 3978 256 4018; x_wconf 92' lang='lat'>:</span> <span class='ocrx_word' id='word_1_211' title='bbox 278 3957 499 4038; x_wconf 77' lang='lat' dir='ltr'><strong>Augustinus,</strong></span> <span class='ocrx_word' id='word_1_212' title='bbox 518 3956 545 4021; x_wconf 83' lang='lat' dir='ltr'>ll</span> <span class='ocrx_word' id='word_1_213' title='bbox 564 3957 603 4023; x_wconf 82' lang='lat' dir='ltr'>de</span> <span class='ocrx_word' id='word_1_214' title='bbox 633 3957 839 4025; x_wconf 57' lang='lat' dir='ltr'>venturo:</span> 
     </span>
     <span class='ocr_line' id='line_1_32' title="bbox 47 4064 836 4131; baseline 0 -5"><span class='ocrx_word' id='word_1_215' title='bbox 47 4089 63 4126; x_wconf 76' lang='grc' dir='ltr'>α</span> <span class='ocrx_word' id='word_1_216' title='bbox 83 4064 187 4128; x_wconf 92' lang='lat' dir='ltr'>Nihil</span> <span class='ocrx_word' id='word_1_217' title='bbox 203 4064 381 4127; x_wconf 86' lang='lat' dir='ltr'>secundum</span> <span class='ocrx_word' id='word_1_218' title='bbox 395 4064 539 4128; x_wconf 87' lang='lat' dir='ltr'>accidens</span> <span class='ocrx_word' id='word_1_219' title='bbox 549 4065 664 4129; x_wconf 91' lang='lat' dir='ltr'>dicitur</span> <span class='ocrx_word' id='word_1_220' title='bbox 675 4066 714 4130; x_wconf 87' lang='lat' dir='ltr'>de</span> <span class='ocrx_word' id='word_1_221' title='bbox 731 4067 804 4131; x_wconf 86' lang='lat' dir='ltr'>lleo.</span> <span class='ocrx_word' id='word_1_222' title='bbox 821 4088 836 4126; x_wconf 81' lang='lat' dir='ltr'>x</span> 
     </span>
    </p>

    <p class='ocr_par' dir='ltr' id='par_1_12' title="bbox 91 4172 841 4256">
     <span class='ocr_line' id='line_1_33' title="bbox 91 4172 841 4256; baseline 0.003 -20"><span class='ocrx_word' id='word_1_223' title='bbox 91 4172 105 4236; x_wconf 93' lang='lat' dir='ltr'>l</span> <span class='ocrx_word' id='word_1_224' title='bbox 109 4179 188 4237; x_wconf 89' lang='lat' dir='ltr'>tem</span> <span class='ocrx_word' id='word_1_225' title='bbox 204 4172 380 4236; x_wconf 74' lang='lat' dir='ltr'>ostenditur</span> <span class='ocrx_word' id='word_1_226' title='bbox 394 4172 528 4246; x_wconf 86' lang='lat' dir='ltr'>ratione,</span> <span class='ocrx_word' id='word_1_227' title='bbox 541 4173 617 4254; x_wconf 83' lang='lat' dir='ltr'>quia</span> <span class='ocrx_word' id='word_1_228' title='bbox 634 4173 668 4236; x_wconf 92' lang='lat' dir='ltr'>in</span> <span class='ocrx_word' id='word_1_229' title='bbox 682 4191 841 4256; x_wconf 90' lang='lat' dir='ltr'>quocum-</span> 
     </span>
    </p>
   </div>
   <div class='ocr_carea' id='block_1_6' title="bbox 1597 477 1658 537">
    <p class='ocr_par' dir='ltr' id='par_1_13' title="bbox 1597 477 1658 537">
     <span class='ocr_line' id='line_1_34' title="bbox 1597 477 1658 537; baseline 0 0"><span class='ocrx_word' id='word_1_230' title='bbox 1597 477 1658 537; x_wconf 69' lang='lat'>483</span> 
     </span>
    </p>
   </div>
   <div class='ocr_carea' id='block_1_7' title="bbox 890 606 1663 1334">
    <p class='ocr_par' dir='ltr' id='par_1_14' title="bbox 890 606 1663 1334">
     <span class='ocr_line' id='line_1_35' title="bbox 932 606 1661 693; baseline -0.007 -17"><span class='ocrx_word' id='word_1_231' title='bbox 932 612 1011 676; x_wconf 88' lang='lat' dir='ltr'>ltem</span> <span class='ocrx_word' id='word_1_232' title='bbox 1019 629 1116 676; x_wconf 89' lang='lat' dir='ltr'>omne</span> <span class='ocrx_word' id='word_1_233' title='bbox 1125 608 1212 693; x_wconf 87' lang='lat' dir='ltr'>quod</span> <span class='ocrx_word' id='word_1_234' title='bbox 1222 606 1337 673; x_wconf 86' lang='lat' dir='ltr'>dieitur</span> <span class='ocrx_word' id='word_1_235' title='bbox 1345 607 1385 671; x_wconf 90' lang='lat' dir='ltr'>dc</span> <span class='ocrx_word' id='word_1_236' title='bbox 1393 606 1529 685; x_wconf 89' lang='lat' dir='ltr'>duobus,</span> <span class='ocrx_word' id='word_1_237' title='bbox 1543 606 1582 672; x_wconf 84' lang='lat' dir='ltr'>de</span> <span class='ocrx_word' id='word_1_238' title='bbox 1595 624 1661 671; x_wconf 90' lang='lat' dir='ltr'>uno</span> 
     </span>
     <span class='ocr_line' id='line_1_36' title="bbox 891 713 1661 801; baseline -0.009 -18"><span class='ocrx_word' id='word_1_239' title='bbox 891 737 948 801; x_wconf 88' lang='grc' dir='ltr'>ρετ</span> <span class='ocrx_word' id='word_1_240' title='bbox 970 737 1022 797; x_wconf 92' lang='lat' dir='ltr'>se,</span> <span class='ocrx_word' id='word_1_241' title='bbox 1043 719 1082 782; x_wconf 90' lang='lat' dir='ltr'>de</span> <span class='ocrx_word' id='word_1_242' title='bbox 1102 716 1201 781; x_wconf 89' lang='lat' dir='ltr'>altero</span> <span class='ocrx_word' id='word_1_243' title='bbox 1225 732 1282 797; x_wconf 89' lang='lat' dir='ltr'>per</span> <span class='ocrx_word' id='word_1_244' title='bbox 1301 713 1463 793; x_wconf 87' lang='lat' dir='ltr'>accidens,</span> <span class='ocrx_word' id='word_1_245' title='bbox 1482 713 1661 796; x_wconf 80' lang='lat' dir='ltr'>perfectiori</span> 
     </span>
     <span class='ocr_line' id='line_1_37' title="bbox 891 820 1660 903; baseline -0.008 -14"><span class='ocrx_word' id='word_1_246' title='bbox 891 826 984 890; x_wconf 89' lang='lat' dir='ltr'>modo</span> <span class='ocrx_word' id='word_1_247' title='bbox 1003 824 1119 888; x_wconf 84' lang='lat' dir='ltr'>dicitur</span> <span class='ocrx_word' id='word_1_248' title='bbox 1132 822 1171 887; x_wconf 87' lang='lat' dir='ltr'>de</span> <span class='ocrx_word' id='word_1_249' title='bbox 1186 839 1235 898; x_wconf 89' lang='lat' dir='ltr'>eo,</span> <span class='ocrx_word' id='word_1_250' title='bbox 1248 822 1288 886; x_wconf 88' lang='lat' dir='ltr'>de</span> <span class='ocrx_word' id='word_1_251' title='bbox 1301 838 1366 903; x_wconf 90' lang='lat' dir='ltr'>quo</span> <span class='ocrx_word' id='word_1_252' title='bbox 1385 820 1500 884; x_wconf 87' lang='lat' dir='ltr'>dicitur</span> <span class='ocrx_word' id='word_1_253' title='bbox 1511 838 1569 902; x_wconf 90' lang='grc' dir='ltr'>ρετ</span> <span class='ocrx_word' id='word_1_254' title='bbox 1580 826 1634 883; x_wconf 86' lang='lat' dir='ltr'>se⁷</span> <span class='ocrx_word' id='word_1_255' title='bbox 1652 841 1660 883; x_wconf 91' lang='lat'>:</span> 
     </span>
     <span class='ocr_line' id='line_1_38' title="bbox 890 927 1663 1015; baseline -0.01 -17"><span class='ocrx_word' id='word_1_256' title='bbox 890 933 945 997; x_wconf 84' lang='lat' dir='ltr'>sed</span> <span class='ocrx_word' id='word_1_257' title='bbox 958 931 1116 1015; x_wconf 87' lang='lat' dir='ltr'>quidquid</span> <span class='ocrx_word' id='word_1_258' title='bbox 1133 931 1250 995; x_wconf 86' lang='lat' dir='ltr'>dieitur</span> <span class='ocrx_word' id='word_1_259' title='bbox 1264 929 1303 993; x_wconf 90' lang='lat' dir='ltr'>de</span> <span class='ocrx_word' id='word_1_260' title='bbox 1317 928 1390 1007; x_wconf 87' lang='lat' dir='ltr'>Dee,</span> <span class='ocrx_word' id='word_1_261' title='bbox 1411 927 1527 992; x_wconf 87' lang='lat' dir='ltr'>dieitur</span> <span class='ocrx_word' id='word_1_262' title='bbox 1540 928 1663 1010; x_wconf 83' lang='lat' dir='ltr'>perico-</span> 
     </span>
     <span class='ocr_line' id='line_1_39' title="bbox 890 1033 1663 1119; baseline -0.008 -16"><span class='ocrx_word' id='word_1_263' title='bbox 890 1040 1032 1118; x_wconf 87' lang='lat' dir='ltr'>tissime;</span> <span class='ocrx_word' id='word_1_264' title='bbox 1046 1055 1126 1119; x_wconf 83' lang='lat' dir='ltr'>ergo</span> <span class='ocrx_word' id='word_1_265' title='bbox 1137 1036 1218 1101; x_wconf 89' lang='lat' dir='ltr'>nihil</span> <span class='ocrx_word' id='word_1_266' title='bbox 1228 1037 1344 1100; x_wconf 87' lang='lat' dir='ltr'>dicitur</span> <span class='ocrx_word' id='word_1_267' title='bbox 1356 1035 1395 1099; x_wconf 89' lang='lat' dir='ltr'>de</span> <span class='ocrx_word' id='word_1_268' title='bbox 1408 1033 1471 1098; x_wconf 85' lang='lat' dir='ltr'>ileo</span> <span class='ocrx_word' id='word_1_269' title='bbox 1485 1034 1663 1098; x_wconf 85' lang='lat' dir='ltr'>seeundum</span> 
     </span>
     <span class='ocr_line' id='line_1_40' title="bbox 891 1141 1660 1227; baseline -0.009 -17"><span class='ocrx_word' id='word_1_270' title='bbox 891 1146 1055 1210; x_wconf 88' lang='lat' dir='ltr'>accidens:</span> <span class='ocrx_word' id='word_1_271' title='bbox 1074 1163 1152 1227; x_wconf 83' lang='lat' dir='ltr'>ergo</span> <span class='ocrx_word' id='word_1_272' title='bbox 1165 1142 1353 1226; x_wconf 88' lang='lat' dir='ltr'>hujusmodi</span> <span class='ocrx_word' id='word_1_273' title='bbox 1374 1142 1505 1206; x_wconf 88' lang='lat' dir='ltr'>uomina</span> <span class='ocrx_word' id='word_1_274' title='bbox 1528 1160 1594 1204; x_wconf 92' lang='lat' dir='ltr'>non</span> <span class='ocrx_word' id='word_1_275' title='bbox 1610 1141 1660 1205; x_wconf 92' lang='lat' dir='ltr'>di-</span> 
     </span>
     <span class='ocr_line' id='line_1_41' title="bbox 891 1248 1611 1334; baseline -0.008 -17"><span class='ocrx_word' id='word_1_276' title='bbox 891 1256 1009 1317; x_wconf 91' lang='lat' dir='ltr'>cuntur</span> <span class='ocrx_word' id='word_1_277' title='bbox 1023 1252 1063 1316; x_wconf 88' lang='lat' dir='ltr'>de</span> <span class='ocrx_word' id='word_1_278' title='bbox 1075 1251 1139 1316; x_wconf 85' lang='lat' dir='ltr'>ileo</span> <span class='ocrx_word' id='word_1_279' title='bbox 1152 1268 1209 1334; x_wconf 86' lang='grc' dir='ltr'>ρετ</span> <span class='ocrx_word' id='word_1_280' title='bbox 1222 1248 1367 1315; x_wconf 89' lang='lat' dir='ltr'>accidens</span> <span class='ocrx_word' id='word_1_281' title='bbox 1381 1271 1388 1312; x_wconf 94' lang='lat'><strong>:</strong></span> <span class='ocrx_word' id='word_1_282' title='bbox 1404 1266 1484 1330; x_wconf 83' lang='lat' dir='ltr'>ergo</span> <span class='ocrx_word' id='word_1_283' title='bbox 1496 1266 1554 1330; x_wconf 89' lang='lat' dir='ltr'>per</span> <span class='ocrx_word' id='word_1_284' title='bbox 1566 1266 1611 1312; x_wconf 86' lang='lat' dir='ltr'>se.</span> 
     </span>
    </p>
   </div>
   <div class='ocr_carea' id='block_1_8' title="bbox 1166 1513 1389 1582">
    <p class='ocr_par' dir='ltr' id='par_1_15' title="bbox 1166 1513 1389 1582">
     <span class='ocr_line' id='line_1_42' title="bbox 1166 1513 1389 1582; baseline -0.009 -2"><span class='ocrx_word' id='word_1_285' title='bbox 1166 1513 1389 1582; x_wconf 81' lang='lat' dir='ltr'><strong>CONGLUSIO.</strong></span> 
     </span>
    </p>
   </div>
   <div class='ocr_carea' id='block_1_9' title="bbox 892 1677 1665 1921">
    <p class='ocr_par' dir='ltr' id='par_1_16' title="bbox 892 1677 1665 1921">
     <span class='ocr_line' id='line_1_43' title="bbox 892 1677 1665 1755; baseline -0.009 -14"><span class='ocrx_word' id='word_1_286' title='bbox 892 1687 956 1755; x_wconf 78' lang='lat' dir='ltr'>Quo</span> <span class='ocrx_word' id='word_1_287' title='bbox 969 1685 1001 1741; x_wconf 83' lang='lat' dir='ltr'>de</span> <span class='ocrx_word' id='word_1_288' title='bbox 1015 1686 1067 1740; x_wconf 83' lang='lat' dir='ltr'>Deo</span> <span class='ocrx_word' id='word_1_289' title='bbox 1085 1697 1119 1738; x_wconf 80' lang='lat' dir='ltr'>ea</span> <span class='ocrx_word' id='word_1_290' title='bbox 1132 1684 1249 1754; x_wconf 78' lang='lat' dir='ltr'>tenpore</span> <span class='ocrx_word' id='word_1_291' title='bbox 1266 1679 1407 1745; x_wconf 56' lang='lat' dir='ltr'>dicuntum</span> <span class='ocrx_word' id='word_1_292' title='bbox 1419 1677 1605 1751; x_wconf 73' lang='lat' dir='ltr'>predicantur</span> <span class='ocrx_word' id='word_1_293' title='bbox 1614 1694 1665 1751; x_wconf 83' lang='lat' dir='ltr'>per</span> 
     </span>
     <span class='ocr_line' id='line_1_44' title="bbox 927 1768 1663 1845; baseline -0.007 -15"><span class='ocrx_word' id='word_1_294' title='bbox 927 1773 1062 1841; x_wconf 74' lang='lat' dir='ltr'>occidens,</span> <span class='ocrx_word' id='word_1_295' title='bbox 1083 1786 1135 1845; x_wconf 77' lang='lat' dir='ltr'>pro</span> <span class='ocrx_word' id='word_1_296' title='bbox 1154 1774 1255 1842; x_wconf 80' lang='lat' dir='ltr'>quanto</span> <span class='ocrx_word' id='word_1_297' title='bbox 1280 1769 1313 1827; x_wconf 79' lang='lat' dir='ltr'>tle</span> <span class='ocrx_word' id='word_1_298' title='bbox 1334 1784 1363 1827; x_wconf 87' lang='lat' dir='ltr'>eo</span> <span class='ocrx_word' id='word_1_299' title='bbox 1382 1784 1437 1825; x_wconf 82' lang='lat' dir='ltr'>aon</span> <span class='ocrx_word' id='word_1_300' title='bbox 1454 1771 1599 1826; x_wconf 72' lang='lat' dir='ltr'>necesaria</span> <span class='ocrx_word' id='word_1_301' title='bbox 1619 1768 1663 1825; x_wconf 81' lang='lat' dir='ltr'>cli-</span> 
     </span>
     <span class='ocr_line' id='line_1_45' title="bbox 928 1868 1033 1921; baseline -0.019 0"><span class='ocrx_word' id='word_1_302' title='bbox 928 1868 1033 1921; x_wconf 83' lang='lat' dir='ltr'>cuntur.</span> 
     </span>
    </p>
   </div>
   <div class='ocr_carea' id='block_1_10' title="bbox 931 2008 1665 2112">
    <p class='ocr_par' dir='ltr' id='par_1_17' title="bbox 931 2008 1665 2112">
     <span class='ocr_line' id='line_1_46' title="bbox 931 2008 1665 2112; baseline -0.005 -19"><span class='ocrx_word' id='word_1_303' title='bbox 931 2027 1023 2112; x_wconf 85' lang='lat' dir='ltr'>Resp.</span> <span class='ocrx_word' id='word_1_304' title='bbox 1040 2026 1081 2091; x_wconf 89' lang='lat' dir='ltr'>ad</span> <span class='ocrx_word' id='word_1_305' title='bbox 1095 2008 1173 2107; x_wconf 75' lang='lat' dir='ltr'>Xrg.</span> <span class='ocrx_word' id='word_1_306' title='bbox 1190 2023 1365 2088; x_wconf 84' lang='lat' dir='ltr'>Dicendum</span> <span class='ocrx_word' id='word_1_307' title='bbox 1376 2022 1462 2106; x_wconf 87' lang='lat' dir='ltr'>quod</span> <span class='ocrx_word' id='word_1_308' title='bbox 1475 2023 1537 2087; x_wconf 89' lang='lat' dir='ltr'>dici</span> <span class='ocrx_word' id='word_1_309' title='bbox 1551 2042 1665 2089; x_wconf 91' lang='lat' dir='ltr'>secun-</span> 
     </span>
    </p>
   </div>
   <div class='ocr_carea' id='block_1_11' title="bbox 891 2128 1671 4259">
    <p class='ocr_par' dir='ltr' id='par_1_18' title="bbox 891 2128 1671 4259">
     <span class='ocr_line' id='line_1_47' title="bbox 892 2128 1662 2214; baseline -0.009 -12"><span class='ocrx_word' id='word_1_310' title='bbox 892 2137 971 2202; x_wconf 89' lang='lat' dir='ltr'>dum</span> <span class='ocrx_word' id='word_1_311' title='bbox 983 2133 1129 2199; x_wconf 89' lang='lat' dir='ltr'>accidens</span> <span class='ocrx_word' id='word_1_312' title='bbox 1143 2134 1191 2196; x_wconf 89' lang='lat' dir='ltr'>est</span> <span class='ocrx_word' id='word_1_313' title='bbox 1202 2129 1377 2214; x_wconf 87' lang='lat' dir='ltr'>tripliciter.</span> <span class='ocrx_word' id='word_1_314' title='bbox 1389 2128 1459 2194; x_wconf 90' lang='lat' dir='ltr'>Uno</span> <span class='ocrx_word' id='word_1_315' title='bbox 1474 2130 1569 2195; x_wconf 91' lang='lat' dir='ltr'>modo</span> <span class='ocrx_word' id='word_1_316' title='bbox 1582 2132 1662 2195; x_wconf 84' lang='lat' dir='ltr'>acci-</span> 
     </span>
     <span class='ocr_line' id='line_1_48' title="bbox 892 2236 1662 2323; baseline -0.005 -15"><span class='ocrx_word' id='word_1_317' title='bbox 892 2244 969 2308; x_wconf 88' lang='lat' dir='ltr'>dens</span> <span class='ocrx_word' id='word_1_318' title='bbox 980 2241 1094 2308; x_wconf 89' lang='lat' dir='ltr'>dicitur</span> <span class='ocrx_word' id='word_1_319' title='bbox 1107 2256 1165 2323; x_wconf 88' lang='lat' dir='ltr'>per</span> <span class='ocrx_word' id='word_1_320' title='bbox 1178 2238 1362 2321; x_wconf 89' lang='lat' dir='ltr'>oppositum</span> <span class='ocrx_word' id='word_1_321' title='bbox 1376 2236 1416 2301; x_wconf 88' lang='lat' dir='ltr'>ad</span> <span class='ocrx_word' id='word_1_322' title='bbox 1430 2237 1640 2302; x_wconf 86' lang='lat' dir='ltr'>substantiam</span> <span class='ocrx_word' id='word_1_323' title='bbox 1654 2261 1662 2304; x_wconf 74' lang='grc' dir='ltr'>ι</span> 
     </span>
     <span class='ocr_line' id='line_1_49' title="bbox 892 2344 1665 2428; baseline -0.006 -12"><span class='ocrx_word' id='word_1_324' title='bbox 892 2356 923 2417; x_wconf 89' lang='lat' dir='ltr'>et</span> <span class='ocrx_word' id='word_1_325' title='bbox 941 2350 1115 2415; x_wconf 88' lang='lat' dir='ltr'>sicdieitur</span> <span class='ocrx_word' id='word_1_326' title='bbox 1135 2346 1278 2411; x_wconf 86' lang='lat' dir='ltr'>accidens</span> <span class='ocrx_word' id='word_1_327' title='bbox 1297 2344 1474 2428; x_wconf 87' lang='lat' dir='ltr'>proprietas</span> <span class='ocrx_word' id='word_1_328' title='bbox 1487 2346 1541 2410; x_wconf 92' lang='lat' dir='ltr'>alii</span> <span class='ocrx_word' id='word_1_329' title='bbox 1559 2347 1665 2411; x_wconf 82' lang='lat' dir='ltr'>inhae-</span> 
     </span>
     <span class='ocr_line' id='line_1_50' title="bbox 891 2451 1665 2539; baseline -0.005 -17"><span class='ocrx_word' id='word_1_330' title='bbox 891 2476 980 2537; x_wconf 90' lang='lat' dir='ltr'>rens,</span> <span class='ocrx_word' id='word_1_331' title='bbox 1002 2473 1077 2539; x_wconf 82' lang='lat' dir='ltr'>quae</span> <span class='ocrx_word' id='word_1_332' title='bbox 1097 2473 1164 2519; x_wconf 94' lang='lat' dir='ltr'>non</span> <span class='ocrx_word' id='word_1_333' title='bbox 1182 2457 1229 2517; x_wconf 88' lang='lat' dir='ltr'>est</span> <span class='ocrx_word' id='word_1_334' title='bbox 1248 2452 1287 2516; x_wconf 90' lang='lat' dir='ltr'>de</span> <span class='ocrx_word' id='word_1_335' title='bbox 1306 2452 1353 2516; x_wconf 86' lang='lat' dir='ltr'>rei</span> <span class='ocrx_word' id='word_1_336' title='bbox 1373 2453 1519 2517; x_wconf 87' lang='lat' dir='ltr'>essentia.</span> <span class='ocrx_word' id='word_1_337' title='bbox 1542 2451 1582 2517; x_wconf 88' lang='lat' dir='ltr'>Et</span> <span class='ocrx_word' id='word_1_338' title='bbox 1603 2454 1665 2518; x_wconf 90' lang='lat' dir='ltr'>hoo</span> 
     </span>
     <span class='ocr_line' id='line_1_51' title="bbox 891 2558 1665 2649; baseline -0.005 -19"><span class='ocrx_word' id='word_1_339' title='bbox 891 2565 1022 2649; x_wconf 86' lang='lat' dir='ltr'>quidem</span> <span class='ocrx_word' id='word_1_340' title='bbox 1032 2563 1126 2628; x_wconf 92' lang='lat' dir='ltr'>modo</span> <span class='ocrx_word' id='word_1_341' title='bbox 1139 2560 1220 2625; x_wconf 87' lang='lat' dir='ltr'>nihil</span> <span class='ocrx_word' id='word_1_342' title='bbox 1230 2559 1345 2624; x_wconf 89' lang='lat' dir='ltr'>dicitur</span> <span class='ocrx_word' id='word_1_343' title='bbox 1355 2558 1396 2624; x_wconf 79' lang='lat' dir='ltr'>&#39;de</span> <span class='ocrx_word' id='word_1_344' title='bbox 1410 2559 1473 2625; x_wconf 85' lang='lat' dir='ltr'>lleo</span> <span class='ocrx_word' id='word_1_345' title='bbox 1487 2561 1665 2626; x_wconf 86' lang='lat' dir='ltr'>secundum</span> 
     </span>
     <span class='ocr_line' id='line_1_52' title="bbox 891 2667 1666 2752; baseline -0.005 -15"><span class='ocrx_word' id='word_1_346' title='bbox 891 2672 1054 2750; x_wconf 87' lang='lat' dir='ltr'>accidens,</span> <span class='ocrx_word' id='word_1_347' title='bbox 1069 2670 1151 2734; x_wconf 89' lang='lat' dir='ltr'>sicut</span> <span class='ocrx_word' id='word_1_348' title='bbox 1169 2668 1242 2732; x_wconf 89' lang='lat' dir='ltr'>dicit</span> <span class='ocrx_word' id='word_1_349' title='bbox 1255 2667 1460 2748; x_wconf 80' lang='lat' dir='ltr'>Augustinus</span> <span class='ocrx_word' id='word_1_350' title='bbox 1475 2669 1497 2746; x_wconf 82' lang='lat'>⁸,</span> <span class='ocrx_word' id='word_1_351' title='bbox 1522 2686 1561 2733; x_wconf 90' lang='lat' dir='ltr'>eo</span> <span class='ocrx_word' id='word_1_352' title='bbox 1580 2669 1666 2752; x_wconf 86' lang='lat' dir='ltr'>quod</span> 
     </span>
     <span class='ocr_line' id='line_1_53' title="bbox 892 2773 1666 2858; baseline -0.004 -15"><span class='ocrx_word' id='word_1_353' title='bbox 892 2779 953 2844; x_wconf 87' lang='lat' dir='ltr'>hoo</span> <span class='ocrx_word' id='word_1_354' title='bbox 966 2778 1063 2844; x_wconf 92' lang='lat' dir='ltr'>modo</span> <span class='ocrx_word' id='word_1_355' title='bbox 1085 2775 1229 2841; x_wconf 82' lang='lat' dir='ltr'>accidens</span> <span class='ocrx_word' id='word_1_356' title='bbox 1244 2773 1334 2858; x_wconf 88' lang='lat' dir='ltr'>ponit</span> <span class='ocrx_word' id='word_1_357' title='bbox 1355 2775 1618 2857; x_wconf 89' lang='lat' dir='ltr'>compositionem</span> <span class='ocrx_word' id='word_1_358' title='bbox 1633 2779 1666 2840; x_wconf 85' lang='lat' dir='ltr'>et</span> 
     </span>
     <span class='ocr_line' id='line_1_54' title="bbox 892 2880 1665 2964; baseline -0.004 -13"><span class='ocrx_word' id='word_1_359' title='bbox 892 2887 1081 2950; x_wconf 86' lang='lat' dir='ltr'>varietatem</span> <span class='ocrx_word' id='word_1_360' title='bbox 1092 2884 1128 2948; x_wconf 91' lang='lat' dir='ltr'>in</span> <span class='ocrx_word' id='word_1_361' title='bbox 1145 2901 1184 2948; x_wconf 90' lang='lat' dir='ltr'>eo</span> <span class='ocrx_word' id='word_1_362' title='bbox 1201 2883 1240 2947; x_wconf 89' lang='lat' dir='ltr'>de</span> <span class='ocrx_word' id='word_1_363' title='bbox 1257 2900 1322 2964; x_wconf 87' lang='lat' dir='ltr'>quo</span> <span class='ocrx_word' id='word_1_364' title='bbox 1340 2880 1466 2948; x_wconf 87' lang='lat' dir='ltr'>dicitur.</span> <span class='ocrx_word' id='word_1_365' title='bbox 1482 2883 1554 2948; x_wconf 85' lang='lat' dir='ltr'>Alio</span> <span class='ocrx_word' id='word_1_366' title='bbox 1569 2884 1665 2948; x_wconf 91' lang='lat' dir='ltr'>modo</span> 
     </span>
     <span class='ocr_line' id='line_1_55' title="bbox 893 2988 1667 3073; baseline -0.003 -16"><span class='ocrx_word' id='word_1_367' title='bbox 893 2993 955 3058; x_wconf 84' lang='lat' dir='ltr'>diei</span> <span class='ocrx_word' id='word_1_368' title='bbox 974 2992 1151 3056; x_wconf 86' lang='lat' dir='ltr'>secundum</span> <span class='ocrx_word' id='word_1_369' title='bbox 1171 2988 1334 3068; x_wconf 84' lang='lat' dir='ltr'>accidens,</span> <span class='ocrx_word' id='word_1_370' title='bbox 1357 2992 1404 3052; x_wconf 89' lang='lat' dir='ltr'>est</span> <span class='ocrx_word' id='word_1_371' title='bbox 1421 3007 1479 3072; x_wconf 90' lang='grc' dir='ltr'>ρετ</span> <span class='ocrx_word' id='word_1_372' title='bbox 1491 2990 1667 3073; x_wconf 90' lang='lat' dir='ltr'>oppositio-</span> 
     </span>
     <span class='ocr_line' id='line_1_56' title="bbox 893 3093 1666 3181; baseline -0.005 -16"><span class='ocrx_word' id='word_1_373' title='bbox 893 3118 968 3165; x_wconf 89' lang='lat' dir='ltr'>nem</span> <span class='ocrx_word' id='word_1_374' title='bbox 983 3099 1023 3163; x_wconf 91' lang='lat' dir='ltr'>ad</span> <span class='ocrx_word' id='word_1_375' title='bbox 1037 3115 1094 3181; x_wconf 91' lang='grc' dir='ltr'>ρετ</span> <span class='ocrx_word' id='word_1_376' title='bbox 1114 3114 1148 3161; x_wconf 89' lang='lat' dir='ltr'>se</span> <span class='ocrx_word' id='word_1_377' title='bbox 1164 3117 1171 3161; x_wconf 92' lang='lat'><strong>:</strong></span> <span class='ocrx_word' id='word_1_378' title='bbox 1190 3095 1278 3160; x_wconf 84' lang='lat' dir='ltr'>etsie</span> <span class='ocrx_word' id='word_1_379' title='bbox 1294 3093 1409 3159; x_wconf 87' lang='lat' dir='ltr'>dieitur</span> <span class='ocrx_word' id='word_1_380' title='bbox 1421 3096 1597 3161; x_wconf 85' lang='lat' dir='ltr'>secundum</span> <span class='ocrx_word' id='word_1_381' title='bbox 1612 3115 1666 3162; x_wconf 70' lang='lat' dir='ltr'>ae</span> 
     </span>
     <span class='ocr_line' id='line_1_57' title="bbox 894 3201 1667 3288; baseline -0.003 -17"><span class='ocrx_word' id='word_1_382' title='bbox 894 3207 1015 3286; x_wconf 85' lang='lat' dir='ltr'>cidens,</span> <span class='ocrx_word' id='word_1_383' title='bbox 1032 3209 1089 3270; x_wconf 90' lang='lat' dir='ltr'>aut</span> <span class='ocrx_word' id='word_1_384' title='bbox 1102 3202 1188 3288; x_wconf 87' lang='lat' dir='ltr'>qnod</span> <span class='ocrx_word' id='word_1_385' title='bbox 1201 3202 1316 3265; x_wconf 88' lang='lat' dir='ltr'>dicitur</span> <span class='ocrx_word' id='word_1_386' title='bbox 1333 3219 1390 3283; x_wconf 90' lang='grc' dir='ltr'>ρετ</span> <span class='ocrx_word' id='word_1_387' title='bbox 1409 3201 1496 3267; x_wconf 88' lang='lat' dir='ltr'>aliud</span> <span class='ocrx_word' id='word_1_388' title='bbox 1510 3202 1544 3266; x_wconf 92' lang='lat' dir='ltr'>iu</span> <span class='ocrx_word' id='word_1_389' title='bbox 1558 3221 1667 3269; x_wconf 88' lang='lat' dir='ltr'>esseu-</span> 
     </span>
     <span class='ocr_line' id='line_1_58' title="bbox 893 3307 1669 3395; baseline -0.004 -15"><span class='ocrx_word' id='word_1_390' title='bbox 893 3317 954 3395; x_wconf 90' lang='lat' dir='ltr'>tia,</span> <span class='ocrx_word' id='word_1_391' title='bbox 970 3318 1007 3379; x_wconf 90' lang='lat' dir='ltr'>ut</span> <span class='ocrx_word' id='word_1_392' title='bbox 1020 3315 1047 3378; x_wconf 87' lang='lat' dir='ltr'>si</span> <span class='ocrx_word' id='word_1_393' title='bbox 1060 3313 1201 3378; x_wconf 87' lang='lat' dir='ltr'>dicatur:</span> <span class='ocrx_word' id='word_1_394' title='bbox 1223 3332 1238 3371; x_wconf 81' lang='lat' dir='ltr'>o</span> <span class='ocrx_word' id='word_1_395' title='bbox 1252 3307 1359 3373; x_wconf 85' lang='lat' dir='ltr'>Parios</span> <span class='ocrx_word' id='word_1_396' title='bbox 1378 3309 1557 3392; x_wconf 75' lang='lat' dir='ltr'>disgregat3</span> <span class='ocrx_word' id='word_1_397' title='bbox 1576 3333 1592 3371; x_wconf 84' lang='lat' dir='ltr'>n</span> <span class='ocrx_word' id='word_1_398' title='bbox 1611 3315 1669 3377; x_wconf 91' lang='lat' dir='ltr'>aut</span> 
     </span>
     <span class='ocr_line' id='line_1_59' title="bbox 893 3415 1671 3505; baseline -0.001 -20"><span class='ocrx_word' id='word_1_399' title='bbox 893 3440 951 3505; x_wconf 93' lang='lat' dir='ltr'>per</span> <span class='ocrx_word' id='word_1_400' title='bbox 962 3420 1081 3504; x_wconf 92' lang='lat' dir='ltr'>aliquid</span> <span class='ocrx_word' id='word_1_401' title='bbox 1091 3419 1143 3483; x_wconf 89' lang='lat' dir='ltr'>eui</span> <span class='ocrx_word' id='word_1_402' title='bbox 1156 3422 1203 3482; x_wconf 87' lang='lat' dir='ltr'>est</span> <span class='ocrx_word' id='word_1_403' title='bbox 1219 3415 1358 3499; x_wconf 88' lang='lat' dir='ltr'>quodam</span> <span class='ocrx_word' id='word_1_404' title='bbox 1374 3416 1470 3481; x_wconf 90' lang='lat' dir='ltr'>modo</span> <span class='ocrx_word' id='word_1_405' title='bbox 1483 3417 1580 3497; x_wconf 91' lang='lat' dir='ltr'>idem,</span> <span class='ocrx_word' id='word_1_406' title='bbox 1592 3438 1671 3502; x_wconf 88' lang='lat' dir='ltr'>quo·</span> 
     </span>
     <span class='ocr_line' id='line_1_60' title="bbox 894 3526 1669 3616; baseline -0.003 -23"><span class='ocrx_word' id='word_1_407' title='bbox 894 3529 968 3616; x_wconf 86' lang='lat' dir='ltr'>darn</span> <span class='ocrx_word' id='word_1_408' title='bbox 986 3528 1083 3592; x_wconf 91' lang='lat' dir='ltr'>modo</span> <span class='ocrx_word' id='word_1_409' title='bbox 1101 3526 1277 3601; x_wconf 88' lang='lat' dir='ltr'>diversum,</span> <span class='ocrx_word' id='word_1_410' title='bbox 1300 3527 1338 3588; x_wconf 89' lang='lat' dir='ltr'>ut</span> <span class='ocrx_word' id='word_1_411' title='bbox 1357 3528 1437 3606; x_wconf 88' lang='lat' dir='ltr'>puta</span> <span class='ocrx_word' id='word_1_412' title='bbox 1457 3543 1531 3590; x_wconf 89' lang='lat' dir='ltr'>cum</span> <span class='ocrx_word' id='word_1_413' title='bbox 1553 3527 1669 3591; x_wconf 91' lang='lat' dir='ltr'>dicitur</span> 
     </span>
     <span class='ocr_line' id='line_1_61' title="bbox 894 3629 1668 3720; baseline -0.006 -18"><span class='ocrx_word' id='word_1_414' title='bbox 894 3638 933 3702; x_wconf 89' lang='lat' dir='ltr'>de</span> <span class='ocrx_word' id='word_1_415' title='bbox 944 3635 1101 3720; x_wconf 86' lang='lat' dir='ltr'>superiori</span> <span class='ocrx_word' id='word_1_416' title='bbox 1115 3650 1173 3717; x_wconf 89' lang='lat' dir='ltr'>per</span> <span class='ocrx_word' id='word_1_417' title='bbox 1183 3631 1327 3710; x_wconf 83' lang='lat' dir='ltr'>interius,</span> <span class='ocrx_word' id='word_1_418' title='bbox 1339 3636 1394 3695; x_wconf 92' lang='lat' dir='ltr'>ut:</span> <span class='ocrx_word' id='word_1_419' title='bbox 1411 3629 1561 3713; x_wconf 74' lang='lat' dir='ltr'>«Figura</span> <span class='ocrx_word' id='word_1_420' title='bbox 1570 3631 1668 3697; x_wconf 84' lang='lat' dir='ltr'>habet</span> 
     </span>
     <span class='ocr_line' id='line_1_62' title="bbox 894 3741 1665 3827; baseline -0.006 -16"><span class='ocrx_word' id='word_1_421' title='bbox 894 3752 958 3812; x_wconf 88' lang='lat' dir='ltr'>tres</span> <span class='ocrx_word' id='word_1_422' title='bbox 973 3750 1034 3827; x_wconf 82' lang='lat' dir='ltr'>lu);</span> <span class='ocrx_word' id='word_1_423' title='bbox 1048 3768 1063 3806; x_wconf 78' lang='lat' dir='ltr'>r</span> <span class='ocrx_word' id='word_1_424' title='bbox 1084 3744 1137 3809; x_wconf 90' lang='lat' dir='ltr'>vel</span> <span class='ocrx_word' id='word_1_425' title='bbox 1150 3744 1189 3808; x_wconf 92' lang='lat' dir='ltr'>de</span> <span class='ocrx_word' id='word_1_426' title='bbox 1202 3741 1346 3806; x_wconf 83' lang='lat' dir='ltr'>inferiori</span> <span class='ocrx_word' id='word_1_427' title='bbox 1360 3758 1416 3824; x_wconf 89' lang='grc' dir='ltr'>ρετ</span> <span class='ocrx_word' id='word_1_428' title='bbox 1430 3742 1594 3824; x_wconf 86' lang='lat' dir='ltr'>superius,</span> <span class='ocrx_word' id='word_1_429' title='bbox 1609 3747 1665 3807; x_wconf 89' lang='lat' dir='ltr'>ut:</span> 
     </span>
     <span class='ocr_line' id='line_1_63' title="bbox 899 3847 1667 3932; baseline -0.005 -16"><span class='ocrx_word' id='word_1_430' title='bbox 899 3854 1075 3920; x_wconf 77' lang='lat' dir='ltr'>oleoseeles</span> <span class='ocrx_word' id='word_1_431' title='bbox 1096 3853 1135 3932; x_wconf 81' lang='lat' dir='ltr'>(b)</span> <span class='ocrx_word' id='word_1_432' title='bbox 1158 3851 1254 3916; x_wconf 90' lang='lat' dir='ltr'>hahet</span> <span class='ocrx_word' id='word_1_433' title='bbox 1269 3852 1374 3914; x_wconf 78' lang='lat' dir='ltr'>tres.»</span> <span class='ocrx_word' id='word_1_434' title='bbox 1399 3847 1465 3913; x_wconf 92' lang='lat' dir='ltr'>Hoc</span> <span class='ocrx_word' id='word_1_435' title='bbox 1483 3848 1579 3913; x_wconf 91' lang='lat' dir='ltr'>modo</span> <span class='ocrx_word' id='word_1_436' title='bbox 1600 3867 1667 3914; x_wconf 91' lang='lat' dir='ltr'>non</span> 
     </span>
     <span class='ocr_line' id='line_1_64' title="bbox 894 3954 1668 4043; baseline -0.009 -17"><span class='ocrx_word' id='word_1_437' title='bbox 894 3965 942 4027; x_wconf 86' lang='lat' dir='ltr'>est</span> <span class='ocrx_word' id='word_1_438' title='bbox 954 3961 1073 4043; x_wconf 87' lang='lat' dir='ltr'>aliquid</span> <span class='ocrx_word' id='word_1_439' title='bbox 1090 3958 1151 4023; x_wconf 85' lang='lat' dir='ltr'>diei</span> <span class='ocrx_word' id='word_1_440' title='bbox 1169 3958 1208 4022; x_wconf 87' lang='lat' dir='ltr'>de</span> <span class='ocrx_word' id='word_1_441' title='bbox 1233 3956 1296 4022; x_wconf 88' lang='lat' dir='ltr'>Deo</span> <span class='ocrx_word' id='word_1_442' title='bbox 1315 3955 1493 4020; x_wconf 87' lang='lat' dir='ltr'>seeundum</span> <span class='ocrx_word' id='word_1_443' title='bbox 1509 3954 1668 4019; x_wconf 74' lang='lat' dir='ltr'>accidens·</span> 
     </span>
     <span class='ocr_line' id='line_1_65' title="bbox 895 4060 1667 4148; baseline -0.008 -15"><span class='ocrx_word' id='word_1_444' title='bbox 895 4069 961 4134; x_wconf 87' lang='lat' dir='ltr'>Hoc</span> <span class='ocrx_word' id='word_1_445' title='bbox 976 4068 1065 4132; x_wconf 87' lang='lat' dir='ltr'>enim</span> <span class='ocrx_word' id='word_1_446' title='bbox 1079 4066 1140 4131; x_wconf 86' lang='lat' dir='ltr'>dici</span> <span class='ocrx_word' id='word_1_447' title='bbox 1158 4083 1215 4148; x_wconf 88' lang='grc' dir='ltr'>ρετ</span> <span class='ocrx_word' id='word_1_448' title='bbox 1235 4063 1381 4128; x_wconf 86' lang='lat' dir='ltr'>accidens</span> <span class='ocrx_word' id='word_1_449' title='bbox 1398 4060 1490 4144; x_wconf 91' lang='lat' dir='ltr'>ponit</span> <span class='ocrx_word' id='word_1_450' title='bbox 1507 4061 1542 4124; x_wconf 91' lang='lat' dir='ltr'>in</span> <span class='ocrx_word' id='word_1_451' title='bbox 1560 4062 1667 4145; x_wconf 90' lang='lat' dir='ltr'>aliquo</span> 
     </span>
     <span class='ocr_line' id='line_1_66' title="bbox 895 4168 1669 4259; baseline -0.01 -18"><span class='ocrx_word' id='word_1_452' title='bbox 895 4175 1158 4259; x_wconf 83' lang='lat' dir='ltr'>posterioritatem</span> <span class='ocrx_word' id='word_1_453' title='bbox 1173 4178 1204 4237; x_wconf 89' lang='lat' dir='ltr'>et</span> <span class='ocrx_word' id='word_1_454' title='bbox 1217 4170 1504 4255; x_wconf 84' lang='lat' dir='ltr'>imperfectionem,</span> <span class='ocrx_word' id='word_1_455' title='bbox 1520 4168 1603 4232; x_wconf 87' lang='lat' dir='ltr'>sicut</span> <span class='ocrx_word' id='word_1_456' title='bbox 1615 4187 1669 4234; x_wconf 92' lang='lat' dir='ltr'>os·</span> 
     </span>
    </p>
   </div>
   <div class='ocr_carea' id='block_1_12' title="bbox 894 4274 1668 4790">
    <p class='ocr_par' dir='ltr' id='par_1_19' title="bbox 894 4274 1668 4790">
     <span class='ocr_line' id='line_1_67' title="bbox 894 4274 1668 4348; baseline -0.008 -1"><span class='ocrx_word' id='word_1_457' title='bbox 894 4283 1031 4348; x_wconf 88' lang='lat' dir='ltr'>tendunt</span> <span class='ocrx_word' id='word_1_458' title='bbox 1047 4282 1187 4345; x_wconf 83' lang='lat' dir='ltr'>rationes</span> <span class='ocrx_word' id='word_1_459' title='bbox 1203 4280 1244 4344; x_wconf 89' lang='lat' dir='ltr'>ad</span> <span class='ocrx_word' id='word_1_460' title='bbox 1262 4279 1324 4343; x_wconf 89' lang='lat' dir='ltr'>hoc</span> <span class='ocrx_word' id='word_1_461' title='bbox 1335 4277 1475 4343; x_wconf 83' lang='lat' dir='ltr'>inductae</span> <span class='ocrx_word' id='word_1_462' title='bbox 1488 4299 1495 4340; x_wconf 77' lang='grc' dir='ltr'>ε</span> <span class='ocrx_word' id='word_1_463' title='bbox 1510 4274 1594 4340; x_wconf 87' lang='lat' dir='ltr'>Deus</span> <span class='ocrx_word' id='word_1_464' title='bbox 1607 4295 1668 4341; x_wconf 88' lang='lat' dir='ltr'>au-</span> 
     </span>
     <span class='ocr_line' id='line_1_68' title="bbox 895 4383 1668 4469; baseline -0.006 -16"><span class='ocrx_word' id='word_1_465' title='bbox 895 4393 961 4455; x_wconf 87' lang='lat' dir='ltr'>tem</span> <span class='ocrx_word' id='word_1_466' title='bbox 974 4390 1057 4453; x_wconf 91' lang='lat' dir='ltr'>nihil</span> <span class='ocrx_word' id='word_1_467' title='bbox 1077 4388 1174 4453; x_wconf 84' lang='lat' dir='ltr'>habet</span> <span class='ocrx_word' id='word_1_468' title='bbox 1190 4386 1389 4469; x_wconf 83' lang='lat' dir='ltr'>imperfecte,</span> <span class='ocrx_word' id='word_1_469' title='bbox 1413 4383 1497 4448; x_wconf 90' lang='lat' dir='ltr'>nihil</span> <span class='ocrx_word' id='word_1_470' title='bbox 1517 4383 1615 4448; x_wconf 84' lang='lat' dir='ltr'>habet</span> <span class='ocrx_word' id='word_1_471' title='bbox 1627 4384 1668 4448; x_wconf 90' lang='lat' dir='ltr'>ab</span> 
     </span>
     <span class='ocr_line' id='line_1_69' title="bbox 895 4491 1665 4580; baseline -0.009 -18"><span class='ocrx_word' id='word_1_472' title='bbox 895 4499 958 4562; x_wconf 91' lang='lat' dir='ltr'>alio</span> <span class='ocrx_word' id='word_1_473' title='bbox 971 4498 1057 4580; x_wconf 91' lang='lat' dir='ltr'>quod</span> <span class='ocrx_word' id='word_1_474' title='bbox 1067 4497 1108 4561; x_wconf 89' lang='lat' dir='ltr'>sit</span> <span class='ocrx_word' id='word_1_475' title='bbox 1120 4496 1252 4561; x_wconf 91' lang='lat' dir='ltr'>omnino</span> <span class='ocrx_word' id='word_1_476' title='bbox 1265 4494 1368 4572; x_wconf 89' lang='lat' dir='ltr'>aliud,</span> <span class='ocrx_word' id='word_1_477' title='bbox 1384 4511 1444 4557; x_wconf 90' lang='lat' dir='ltr'>neo</span> <span class='ocrx_word' id='word_1_478' title='bbox 1457 4511 1477 4556; x_wconf 93' lang='lat' dir='ltr'>a</span> <span class='ocrx_word' id='word_1_479' title='bbox 1493 4491 1665 4574; x_wconf 87' lang='lat' dir='ltr'>superiori,</span> 
     </span>
     <span class='ocr_line' id='line_1_70' title="bbox 895 4598 1666 4685; baseline -0.008 -15"><span class='ocrx_word' id='word_1_480' title='bbox 895 4606 947 4670; x_wconf 89' lang='lat' dir='ltr'>vel</span> <span class='ocrx_word' id='word_1_481' title='bbox 967 4603 1125 4682; x_wconf 84' lang='lat' dir='ltr'>interiori,</span> <span class='ocrx_word' id='word_1_482' title='bbox 1145 4601 1222 4685; x_wconf 86' lang='lat' dir='ltr'>quia</span> <span class='ocrx_word' id='word_1_483' title='bbox 1235 4601 1307 4666; x_wconf 84' lang='lat' dir='ltr'>haeo</span> <span class='ocrx_word' id='word_1_484' title='bbox 1321 4619 1387 4665; x_wconf 91' lang='lat' dir='ltr'>uon</span> <span class='ocrx_word' id='word_1_485' title='bbox 1404 4600 1522 4663; x_wconf 87' lang='lat' dir='ltr'>cadunt</span> <span class='ocrx_word' id='word_1_486' title='bbox 1539 4598 1576 4662; x_wconf 92' lang='lat' dir='ltr'>in</span> <span class='ocrx_word' id='word_1_487' title='bbox 1590 4598 1666 4664; x_wconf 87' lang='lat' dir='ltr'>Deo.</span> 
     </span>
     <span class='ocr_line' id='line_1_71' title="bbox 895 4706 1668 4790; baseline -0.01 -11"><span class='ocrx_word' id='word_1_488' title='bbox 895 4714 1001 4779; x_wconf 86' lang='lat' dir='ltr'>Tertio</span> <span class='ocrx_word' id='word_1_489' title='bbox 1012 4712 1108 4778; x_wconf 92' lang='lat' dir='ltr'>modo</span> <span class='ocrx_word' id='word_1_490' title='bbox 1121 4711 1183 4777; x_wconf 87' lang='lat' dir='ltr'>diei</span> <span class='ocrx_word' id='word_1_491' title='bbox 1194 4709 1369 4775; x_wconf 87' lang='lat' dir='ltr'>secundum</span> <span class='ocrx_word' id='word_1_492' title='bbox 1381 4706 1536 4786; x_wconf 84' lang='lat' dir='ltr'>accidens,</span> <span class='ocrx_word' id='word_1_493' title='bbox 1550 4711 1597 4771; x_wconf 91' lang='lat' dir='ltr'>est</span> <span class='ocrx_word' id='word_1_494' title='bbox 1609 4726 1668 4790; x_wconf 86' lang='lat' dir='ltr'>per</span> 
     </span>
    </p>
   </div>
   <div class='ocr_carea' id='block_1_13' title="bbox 38 4280 1667 5031">
    <p class='ocr_par' dir='ltr' id='par_1_20' title="bbox 38 4280 841 4575">
     <span class='ocr_line' id='line_1_72' title="bbox 41 4280 839 4365; baseline 0.004 -22"><span class='ocrx_word' id='word_1_495' title='bbox 41 4299 116 4363; x_wconf 87' lang='lat' dir='ltr'>que</span> <span class='ocrx_word' id='word_1_496' title='bbox 132 4285 192 4344; x_wconf 86' lang='lat' dir='ltr'>est</span> <span class='ocrx_word' id='word_1_497' title='bbox 208 4297 326 4361; x_wconf 89' lang='lat' dir='ltr'>ponere</span> <span class='ocrx_word' id='word_1_498' title='bbox 345 4280 507 4360; x_wconf 89' lang='lat' dir='ltr'>accidens,</span> <span class='ocrx_word' id='word_1_499' title='bbox 522 4285 568 4345; x_wconf 89' lang='lat' dir='ltr'>est</span> <span class='ocrx_word' id='word_1_500' title='bbox 578 4299 696 4364; x_wconf 88' lang='lat' dir='ltr'>ponere</span> <span class='ocrx_word' id='word_1_501' title='bbox 709 4299 839 4365; x_wconf 92' lang='lat' dir='ltr'>oompo·</span> 
     </span>
     <span class='ocr_line' id='line_1_73' title="bbox 38 4387 841 4468; baseline 0.005 -19"><span class='ocrx_word' id='word_1_502' title='bbox 38 4387 233 4462; x_wconf 88' lang='lat' dir='ltr'>sitionem,</span> <span class='ocrx_word' id='word_1_503' title='bbox 249 4387 281 4449; x_wconf 87' lang='lat' dir='ltr'>et</span> <span class='ocrx_word' id='word_1_504' title='bbox 293 4404 350 4467; x_wconf 88' lang='lat' dir='ltr'>per</span> <span class='ocrx_word' id='word_1_505' title='bbox 360 4404 559 4468; x_wconf 86' lang='lat' dir='ltr'>consequens</span> <span class='ocrx_word' id='word_1_506' title='bbox 571 4389 759 4452; x_wconf 86' lang='lat' dir='ltr'>varietatem</span> <span class='ocrx_word' id='word_1_507' title='bbox 769 4408 777 4452; x_wconf 91' lang='lat'>:</span> <span class='ocrx_word' id='word_1_508' title='bbox 787 4390 841 4454; x_wconf 85' lang='lat' dir='ltr'>sed</span> 
     </span>
     <span class='ocr_line' id='line_1_74' title="bbox 38 4493 611 4575; baseline 0.003 -19"><span class='ocrx_word' id='word_1_509' title='bbox 38 4498 224 4558; x_wconf 86' lang='lat' dir='ltr'>neutrum</span> <span class='ocrx_word' id='word_1_510' title='bbox 236 4497 284 4557; x_wconf 91' lang='lat' dir='ltr'>est</span> <span class='ocrx_word' id='word_1_511' title='bbox 296 4495 331 4556; x_wconf 91' lang='lat' dir='ltr'>in</span> <span class='ocrx_word' id='word_1_512' title='bbox 343 4493 406 4556; x_wconf 88' lang='lat' dir='ltr'>Deo</span> <span class='ocrx_word' id='word_1_513' title='bbox 423 4511 431 4556; x_wconf 91' lang='lat'>:</span> <span class='ocrx_word' id='word_1_514' title='bbox 447 4512 537 4575; x_wconf 82' lang='lat' dir='ltr'>ergo,</span> <span class='ocrx_word' id='word_1_515' title='bbox 552 4497 611 4558; x_wconf 86' lang='lat' dir='ltr'>etc.</span> 
     </span>
    </p>

    <p class='ocr_par' dir='ltr' id='par_1_21' title="bbox 38 4601 1667 5031">
     <span class='ocr_line' id='line_1_75' title="bbox 83 4601 842 4686; baseline 0.004 -20"><span class='ocrx_word' id='word_1_516' title='bbox 83 4602 187 4667; x_wconf 86' lang='lat' dir='ltr'>item</span> <span class='ocrx_word' id='word_1_517' title='bbox 206 4618 302 4665; x_wconf 89' lang='lat' dir='ltr'>omne</span> <span class='ocrx_word' id='word_1_518' title='bbox 320 4617 377 4683; x_wconf 90' lang='lat' dir='ltr'>per</span> <span class='ocrx_word' id='word_1_519' title='bbox 393 4601 538 4665; x_wconf 75' lang='lat' dir='ltr'>accidens</span> <span class='ocrx_word' id='word_1_520' title='bbox 555 4602 718 4667; x_wconf 88' lang='lat' dir='ltr'>reducitur</span> <span class='ocrx_word' id='word_1_521' title='bbox 731 4604 771 4668; x_wconf 89' lang='lat' dir='ltr'>ad</span> <span class='ocrx_word' id='word_1_522' title='bbox 785 4623 842 4686; x_wconf 87' lang='lat' dir='ltr'>per</span> 
     </span>
     <span class='ocr_line' id='line_1_76' title="bbox 38 4707 841 4794; baseline 0.002 -20"><span class='ocrx_word' id='word_1_523' title='bbox 38 4729 76 4774; x_wconf 87' lang='lat' dir='ltr'>se</span> <span class='ocrx_word' id='word_1_524' title='bbox 95 4708 191 4773; x_wconf 76' lang='lat' dir='ltr'>:sed</span> <span class='ocrx_word' id='word_1_525' title='bbox 209 4707 352 4772; x_wconf 88' lang='lat' dir='ltr'>reductio</span> <span class='ocrx_word' id='word_1_526' title='bbox 361 4713 408 4772; x_wconf 87' lang='lat' dir='ltr'>est</span> <span class='ocrx_word' id='word_1_527' title='bbox 415 4709 597 4791; x_wconf 86' lang='lat' dir='ltr'>posterioris</span> <span class='ocrx_word' id='word_1_528' title='bbox 610 4710 649 4774; x_wconf 86' lang='lat' dir='ltr'>ad</span> <span class='ocrx_word' id='word_1_529' title='bbox 662 4712 762 4794; x_wconf 87' lang='lat' dir='ltr'>prius,</span> <span class='ocrx_word' id='word_1_530' title='bbox 776 4731 841 4776; x_wconf 93' lang='lat' dir='ltr'>non</span> 
     </span>
     <span class='ocr_line' id='line_1_77' title="bbox 38 4814 1667 4905; baseline -0.002 -23"><span class='ocrx_word' id='word_1_531' title='bbox 38 4833 271 4882; x_wconf 80' lang='lat' dir='ltr'>econverso:</span> <span class='ocrx_word' id='word_1_532' title='bbox 285 4814 555 4880; x_wconf 87' lang='lat' dir='ltr'>Dcusautemnon</span> <span class='ocrx_word' id='word_1_533' title='bbox 564 4817 769 4900; x_wconf 87' lang='lat' dir='ltr'>hahetprius,</span> <span class='ocrx_word' id='word_1_534' title='bbox 783 4838 843 4884; x_wconf 88' lang='lat' dir='ltr'>nec</span> <span class='ocrx_word' id='word_1_535' title='bbox 896 4821 1128 4905; x_wconf 87' lang='lat' dir='ltr'>oppositionem</span> <span class='ocrx_word' id='word_1_536' title='bbox 1141 4819 1180 4884; x_wconf 90' lang='lat' dir='ltr'>ad</span> <span class='ocrx_word' id='word_1_537' title='bbox 1193 4816 1423 4894; x_wconf 86' lang='lat' dir='ltr'>necessarium,</span> <span class='ocrx_word' id='word_1_538' title='bbox 1438 4818 1475 4881; x_wconf 93' lang='lat' dir='ltr'>ut</span> <span class='ocrx_word' id='word_1_539' title='bbox 1487 4814 1568 4879; x_wconf 91' lang='lat' dir='ltr'>illud</span> <span class='ocrx_word' id='word_1_540' title='bbox 1581 4815 1667 4879; x_wconf 86' lang='lat' dir='ltr'>dica·</span> 
     </span>
     <span class='ocr_line' id='line_1_78' title="bbox 38 4921 1667 5031; baseline 0 -24"><span class='ocrx_word' id='word_1_541' title='bbox 38 4921 268 5007; x_wconf 53' lang='lat' dir='ltr'>fimplidter’</span> <span class='ocrx_word' id='word_1_542' title='bbox 287 4940 347 4986; x_wconf 68' lang='lat'>¹¹⁰⁰</span> <span class='ocrx_word' id='word_1_543' title='bbox 358 4922 535 4987; x_wconf 62' lang='lat' dir='ltr'><strong>secundum</strong></span> <span class='ocrx_word' id='word_1_544' title='bbox 552 4923 628 5005; x_wconf 66' lang='lat' dir='ltr'>qnid</span> <span class='ocrx_word' id='word_1_545' title='bbox 643 4945 650 4987; x_wconf 58' lang='grc' dir='ltr'><strong>ἶ</strong></span> <span class='ocrx_word' id='word_1_546' title='bbox 667 4943 746 5007; x_wconf 67' lang='lat'>‘³¹3⁰</span> <span class='ocrx_word' id='word_1_547' title='bbox 760 4925 842 4992; x_wconf 71' lang='lat' dir='ltr'>nihil</span> <span class='ocrx_word' id='word_1_548' title='bbox 896 4968 967 5031; x_wconf 56' lang='lat' dir='ltr'>Arga</span> <span class='ocrx_word' id='word_1_549' title='bbox 979 4966 987 5014; x_wconf 93' lang='lat' dir='ltr'>l</span> <span class='ocrx_word' id='word_1_550' title='bbox 1000 4966 1080 5029; x_wconf 78' lang='lat' dir='ltr'>sent,</span> <span class='ocrx_word' id='word_1_551' title='bbox 1092 4963 1151 5014; x_wconf 84' lang='lat' dir='ltr'>dist.</span> <span class='ocrx_word' id='word_1_552' title='bbox 1161 4974 1224 5026; x_wconf 91' lang='lat' dir='ltr'>xxx,</span> <span class='ocrx_word' id='word_1_553' title='bbox 1236 4974 1262 5025; x_wconf 83' lang='lat' dir='ltr'>q.</span> <span class='ocrx_word' id='word_1_554' title='bbox 1274 4972 1292 5025; x_wconf 84' lang='grc' dir='ltr'>ι,</span> <span class='ocrx_word' id='word_1_555' title='bbox 1304 4962 1377 5010; x_wconf 67' lang='lat' dir='ltr'>arth</span> <span class='ocrx_word' id='word_1_556' title='bbox 1386 4975 1395 5023; x_wconf 90' lang='lat'>;</span> <span class='ocrx_word' id='word_1_557' title='bbox 1410 4959 1473 5009; x_wconf 84' lang='lat' dir='ltr'>Guh.</span> <span class='ocrx_word' id='word_1_558' title='bbox 1483 4957 1552 5022; x_wconf 86' lang='lat' dir='ltr'>Biel,</span> <span class='ocrx_word' id='word_1_559' title='bbox 1565 4956 1576 5008; x_wconf 90' lang='lat'><em>1</em></span> <span class='ocrx_word' id='word_1_560' title='bbox 1587 4959 1667 5019; x_wconf 78' lang='lat' dir='ltr'>sent,</span> 
     </span>
    </p>
   </div>
   <div class='ocr_carea' id='block_1_14' title="bbox 38 5029 1668 5387">
    <p class='ocr_par' dir='ltr' id='par_1_22' title="bbox 38 5029 1668 5387">
     <span class='ocr_line' id='line_1_79' title="bbox 38 5029 1667 5111; baseline -0.012 -14"><span class='ocrx_word' id='word_1_561' title='bbox 38 5033 77 5097; x_wconf 88' lang='lat' dir='ltr'>le</span> <span class='ocrx_word' id='word_1_562' title='bbox 93 5032 181 5096; x_wconf 88' lang='lat' dir='ltr'>Deo</span> <span class='ocrx_word' id='word_1_563' title='bbox 207 5029 324 5093; x_wconf 91' lang='lat' dir='ltr'>dicitur</span> <span class='ocrx_word' id='word_1_564' title='bbox 337 5029 514 5094; x_wconf 85' lang='lat' dir='ltr'>secuudum</span> <span class='ocrx_word' id='word_1_565' title='bbox 525 5030 680 5094; x_wconf 86' lang='lat' dir='ltr'>accidens.</span> <span class='ocrx_word' id='word_1_566' title='bbox 813 5039 819 5048; x_wconf 82' lang='lat'><strong>·</strong></span> <span class='ocrx_word' id='word_1_567' title='bbox 897 5037 955 5087; x_wconf 81' lang='lat' dir='ltr'>dist.</span> <span class='ocrx_word' id='word_1_568' title='bbox 965 5048 1029 5101; x_wconf 89' lang='lat' dir='ltr'>xxx,</span> <span class='ocrx_word' id='word_1_569' title='bbox 1040 5050 1065 5101; x_wconf 86' lang='lat' dir='ltr'>q.</span> <span class='ocrx_word' id='word_1_570' title='bbox 1075 5035 1155 5085; x_wconf 84' lang='lat' dir='ltr'>v.-¹</span> <span class='ocrx_word' id='word_1_571' title='bbox 1165 5036 1242 5099; x_wconf 75' lang='lat' dir='ltr'>nug,</span> <span class='ocrx_word' id='word_1_572' title='bbox 1254 5031 1284 5082; x_wconf 80' lang='lat' dir='ltr'>de</span> <span class='ocrx_word' id='word_1_573' title='bbox 1298 5031 1377 5092; x_wconf 66' lang='lat' dir='ltr'>Tria,</span> <span class='ocrx_word' id='word_1_574' title='bbox 1389 5030 1434 5080; x_wconf 83' lang='lat' dir='ltr'>nh.</span> <span class='ocrx_word' id='word_1_575' title='bbox 1445 5031 1478 5094; x_wconf 87' lang='lat' dir='ltr'>v,</span> <span class='ocrx_word' id='word_1_576' title='bbox 1490 5044 1512 5079; x_wconf 81' lang='lat' dir='ltr'>c.</span> <span class='ocrx_word' id='word_1_577' title='bbox 1523 5040 1616 5111; x_wconf 60' lang='lat' dir='ltr'>xvxn.</span> <span class='ocrx_word' id='word_1_578' title='bbox 1628 5031 1667 5080; x_wconf 78' lang='lat' dir='ltr'>lv.</span> 
     </span>
     <span class='ocr_line' id='line_1_80' title="bbox 896 5100 1668 5173; baseline -0.014 -13"><span class='ocrx_word' id='word_1_579' title='bbox 896 5107 1044 5173; x_wconf 75' lang='lat' dir='ltr'>-³hrist.,</span> <span class='ocrx_word' id='word_1_580' title='bbox 1065 5108 1145 5172; x_wconf 80' lang='lat' dir='ltr'>Topic.</span> <span class='ocrx_word' id='word_1_581' title='bbox 1158 5106 1204 5156; x_wconf 85' lang='lat' dir='ltr'>tib.</span> <span class='ocrx_word' id='word_1_582' title='bbox 1217 5106 1237 5157; x_wconf 90' lang='grc' dir='ltr'>Ι.</span> <span class='ocrx_word' id='word_1_583' title='bbox 1248 5130 1280 5143; x_wconf 93' lang='grc'>-</span> <span class='ocrx_word' id='word_1_584' title='bbox 1292 5103 1304 5138; x_wconf 74' lang='lat'>⁸</span> <span class='ocrx_word' id='word_1_585' title='bbox 1314 5103 1402 5165; x_wconf 79' lang='lat' dir='ltr'>Arist,</span> <span class='ocrx_word' id='word_1_586' title='bbox 1416 5102 1549 5152; x_wconf 69' lang='lat' dir='ltr'>Posterior.</span> <span class='ocrx_word' id='word_1_587' title='bbox 1568 5100 1614 5151; x_wconf 87' lang='lat' dir='ltr'>hh.</span> <span class='ocrx_word' id='word_1_588' title='bbox 1628 5101 1668 5165; x_wconf 89' lang='lat' dir='ltr'>ll,</span> 
     </span>
     <span class='ocr_line' id='line_1_81' title="bbox 897 5172 1667 5243; baseline -0.012 -12"><span class='ocrx_word' id='word_1_589' title='bbox 897 5183 967 5231; x_wconf 87' lang='lat' dir='ltr'>cont.</span> <span class='ocrx_word' id='word_1_590' title='bbox 977 5182 1041 5231; x_wconf 77' lang='grc'>6,-</span> <span class='ocrx_word' id='word_1_591' title='bbox 1050 5179 1156 5243; x_wconf 62' lang='lat' dir='ltr'>rurist,</span> <span class='ocrx_word' id='word_1_592' title='bbox 1171 5178 1251 5242; x_wconf 83' lang='lat' dir='ltr'>Topic.</span> <span class='ocrx_word' id='word_1_593' title='bbox 1265 5175 1311 5226; x_wconf 91' lang='lat' dir='ltr'>lib.</span> <span class='ocrx_word' id='word_1_594' title='bbox 1322 5176 1381 5225; x_wconf 92' lang='lat' dir='ltr'>l.-</span> <span class='ocrx_word' id='word_1_595' title='bbox 1391 5176 1402 5206; x_wconf 79' lang='lat'>⁸</span> <span class='ocrx_word' id='word_1_596' title='bbox 1412 5176 1530 5238; x_wconf 76' lang='lat' dir='ltr'>August,</span> <span class='ocrx_word' id='word_1_597' title='bbox 1541 5172 1572 5223; x_wconf 82' lang='lat' dir='ltr'>de</span> <span class='ocrx_word' id='word_1_598' title='bbox 1587 5173 1667 5237; x_wconf 69' lang='lat' dir='ltr'>Trio,</span> 
     </span>
     <span class='ocr_line' id='line_1_82' title="bbox 896 5244 1667 5314; baseline -0.009 -12"><span class='ocrx_word' id='word_1_599' title='bbox 896 5251 940 5301; x_wconf 88' lang='lat' dir='ltr'>lib.</span> <span class='ocrx_word' id='word_1_600' title='bbox 953 5253 990 5314; x_wconf 89' lang='lat' dir='ltr'>v,</span> <span class='ocrx_word' id='word_1_601' title='bbox 1011 5267 1036 5302; x_wconf 90' lang='grc' dir='ltr'>ε.</span> <span class='ocrx_word' id='word_1_602' title='bbox 1047 5263 1082 5302; x_wconf 91' lang='lat' dir='ltr'>xv</span> <span class='ocrx_word' id='word_1_603' title='bbox 1102 5255 1128 5301; x_wconf 88' lang='lat' dir='ltr'>et</span> <span class='ocrx_word' id='word_1_604' title='bbox 1148 5260 1202 5299; x_wconf 85' lang='lat' dir='ltr'>xvr.</span> <span class='ocrx_word' id='word_1_605' title='bbox 1216 5275 1247 5285; x_wconf 98' lang='lat'><em>-</em></span> <span class='ocrx_word' id='word_1_606' title='bbox 1260 5247 1271 5284; x_wconf 76' lang='lat'>⁷</span> <span class='ocrx_word' id='word_1_607' title='bbox 1283 5250 1384 5310; x_wconf 70' lang='lat' dir='ltr'>nvem,</span> <span class='ocrx_word' id='word_1_608' title='bbox 1408 5245 1548 5311; x_wconf 76' lang='lat' dir='ltr'>Meteplrys.</span> <span class='ocrx_word' id='word_1_609' title='bbox 1569 5244 1614 5296; x_wconf 84' lang='lat' dir='ltr'>lib.</span> <span class='ocrx_word' id='word_1_610' title='bbox 1629 5245 1667 5310; x_wconf 82' lang='lat' dir='ltr'>V,</span> 
     </span>
     <span class='ocr_line' id='line_1_83' title="bbox 897 5318 1588 5387; baseline -0.012 -13"><span class='ocrx_word' id='word_1_611' title='bbox 897 5338 920 5373; x_wconf 88' lang='lat' dir='ltr'>e.</span> <span class='ocrx_word' id='word_1_612' title='bbox 932 5322 1069 5374; x_wconf 68' lang='lat' dir='ltr'>xxiia-⁸</span> <span class='ocrx_word' id='word_1_613' title='bbox 1078 5323 1151 5387; x_wconf 70' lang='lat' dir='ltr'>lug,</span> <span class='ocrx_word' id='word_1_614' title='bbox 1165 5321 1195 5370; x_wconf 79' lang='lat' dir='ltr'>ele</span> <span class='ocrx_word' id='word_1_615' title='bbox 1210 5320 1288 5383; x_wconf 71' lang='lat' dir='ltr'>Tria,</span> <span class='ocrx_word' id='word_1_616' title='bbox 1301 5318 1346 5370; x_wconf 88' lang='lat' dir='ltr'>lib.</span> <span class='ocrx_word' id='word_1_617' title='bbox 1359 5319 1392 5382; x_wconf 90' lang='lat' dir='ltr'>V,</span> <span class='ocrx_word' id='word_1_618' title='bbox 1408 5333 1430 5369; x_wconf 81' lang='grc' dir='ltr'>ε.</span> <span class='ocrx_word' id='word_1_619' title='bbox 1441 5329 1495 5380; x_wconf 86' lang='lat' dir='ltr'>xvr,</span> <span class='ocrx_word' id='word_1_620' title='bbox 1508 5330 1537 5367; x_wconf 89' lang='lat' dir='ltr'>u.</span> <span class='ocrx_word' id='word_1_621' title='bbox 1548 5318 1588 5367; x_wconf 84' lang='lat' dir='ltr'>l&#39;l.</span> 
     </span>
    </p>
   </div>
   <div class='ocr_carea' id='block_1_15' title="bbox 38 5190 842 5477">
    <p class='ocr_par' dir='ltr' id='par_1_23' title="bbox 38 5190 842 5477">
     <span class='ocr_line' id='line_1_84' title="bbox 68 5190 842 5258; baseline 0.006 -17"><span class='ocrx_word' id='word_1_622' title='bbox 68 5195 147 5258; x_wconf 63' lang='grc' dir='ltr'>ὀί.</span> <span class='ocrx_word' id='word_1_623' title='bbox 169 5190 252 5242; x_wconf 79' lang='lat' dir='ltr'>Alex.</span> <span class='ocrx_word' id='word_1_624' title='bbox 266 5191 376 5256; x_wconf 67' lang='lat' dir='ltr'>tilensis,</span> <span class='ocrx_word' id='word_1_625' title='bbox 389 5205 416 5255; x_wconf 89' lang='lat' dir='ltr'>p.</span> <span class='ocrx_word' id='word_1_626' title='bbox 429 5191 455 5255; x_wconf 89' lang='lat' dir='ltr'>l,</span> <span class='ocrx_word' id='word_1_627' title='bbox 474 5205 499 5256; x_wconf 83' lang='lat' dir='ltr'>q.</span> <span class='ocrx_word' id='word_1_628' title='bbox 511 5203 569 5257; x_wconf 81' lang='lat' dir='ltr'>unt,</span> <span class='ocrx_word' id='word_1_629' title='bbox 583 5193 680 5244; x_wconf 86' lang='lat' dir='ltr'>memb.</span> <span class='ocrx_word' id='word_1_630' title='bbox 690 5197 718 5257; x_wconf 83' lang='lat' dir='ltr'>l3</span> <span class='ocrx_word' id='word_1_631' title='bbox 735 5196 762 5247; x_wconf 88' lang='lat' dir='ltr'>S.</span> <span class='ocrx_word' id='word_1_632' title='bbox 773 5196 842 5248; x_wconf 80' lang='lat' dir='ltr'>&#39;l&#39;ho-</span> 
     </span>
     <span class='ocr_line' id='line_1_85' title="bbox 38 5263 841 5335; baseline 0.011 -24"><span class='ocrx_word' id='word_1_633' title='bbox 38 5281 116 5330; x_wconf 72' lang='lat' dir='ltr'>aas,</span> <span class='ocrx_word' id='word_1_634' title='bbox 134 5279 172 5329; x_wconf 86' lang='lat' dir='ltr'>p.</span> <span class='ocrx_word' id='word_1_635' title='bbox 195 5263 225 5327; x_wconf 90' lang='lat'>1,</span> <span class='ocrx_word' id='word_1_636' title='bbox 239 5277 265 5328; x_wconf 85' lang='lat' dir='ltr'>q.</span> <span class='ocrx_word' id='word_1_637' title='bbox 277 5275 342 5327; x_wconf 82' lang='lat'>1111,</span> <span class='ocrx_word' id='word_1_638' title='bbox 356 5267 405 5314; x_wconf 85' lang='lat' dir='ltr'>art.</span> <span class='ocrx_word' id='word_1_639' title='bbox 417 5264 446 5326; x_wconf 76' lang='lat'>35</span> <span class='ocrx_word' id='word_1_640' title='bbox 461 5265 542 5328; x_wconf 80' lang='lat' dir='ltr'>scot,</span> <span class='ocrx_word' id='word_1_641' title='bbox 567 5266 575 5314; x_wconf 94' lang='grc' dir='ltr'>Ι</span> <span class='ocrx_word' id='word_1_642' title='bbox 597 5266 676 5326; x_wconf 74' lang='lat' dir='ltr'>seut„</span> <span class='ocrx_word' id='word_1_643' title='bbox 699 5267 758 5318; x_wconf 86' lang='lat' dir='ltr'>dist.</span> <span class='ocrx_word' id='word_1_644' title='bbox 771 5281 841 5335; x_wconf 87' lang='lat' dir='ltr'>xxx,</span> 
     </span>
     <span class='ocr_line' id='line_1_86' title="bbox 38 5335 841 5405; baseline 0.006 -18"><span class='ocrx_word' id='word_1_645' title='bbox 38 5356 52 5390; x_wconf 85' lang='lat'>·.</span> <span class='ocrx_word' id='word_1_646' title='bbox 69 5352 98 5391; x_wconf 84' lang='lat' dir='ltr'>rr</span> <span class='ocrx_word' id='word_1_647' title='bbox 107 5354 121 5402; x_wconf 89' lang='lat'>,·</span> <span class='ocrx_word' id='word_1_648' title='bbox 140 5335 247 5399; x_wconf 80' lang='lat' dir='ltr'>AEgid.</span> <span class='ocrx_word' id='word_1_649' title='bbox 258 5337 344 5400; x_wconf 72' lang='lat' dir='ltr'>Rom,</span> <span class='ocrx_word' id='word_1_650' title='bbox 356 5338 366 5386; x_wconf 93' lang='lat' dir='ltr'>l</span> <span class='ocrx_word' id='word_1_651' title='bbox 376 5337 455 5395; x_wconf 69' lang='lat' dir='ltr'>Seni,</span> <span class='ocrx_word' id='word_1_652' title='bbox 469 5336 529 5387; x_wconf 85' lang='lat' dir='ltr'>diet.</span> <span class='ocrx_word' id='word_1_653' title='bbox 539 5349 602 5402; x_wconf 90' lang='lat' dir='ltr'>xxx,</span> <span class='ocrx_word' id='word_1_654' title='bbox 614 5352 640 5402; x_wconf 90' lang='lat' dir='ltr'>q.</span> <span class='ocrx_word' id='word_1_655' title='bbox 651 5351 697 5404; x_wconf 80' lang='lat'>1113</span> <span class='ocrx_word' id='word_1_656' title='bbox 712 5339 841 5405; x_wconf 80' lang='lat' dir='ltr'>Richard,</span> 
     </span>
     <span class='ocr_line' id='line_1_87' title="bbox 51 5406 841 5477; baseline 0.008 -21"><span class='ocrx_word' id='word_1_657' title='bbox 51 5412 167 5470; x_wconf 61' lang='lat' dir='ltr'>Seni„</span> <span class='ocrx_word' id='word_1_658' title='bbox 188 5406 252 5460; x_wconf 84' lang='lat' dir='ltr'>diet.</span> <span class='ocrx_word' id='word_1_659' title='bbox 262 5419 333 5470; x_wconf 88' lang='lat' dir='ltr'>xxx,</span> <span class='ocrx_word' id='word_1_660' title='bbox 350 5422 377 5473; x_wconf 88' lang='lat' dir='ltr'>q.</span> <span class='ocrx_word' id='word_1_661' title='bbox 389 5419 425 5470; x_wconf 84' lang='lat'>113</span> <span class='ocrx_word' id='word_1_662' title='bbox 447 5407 588 5472; x_wconf 76' lang='lat' dir='ltr'>henricus,</span> <span class='ocrx_word' id='word_1_663' title='bbox 609 5409 637 5458; x_wconf 90' lang='lat' dir='ltr'>in</span> <span class='ocrx_word' id='word_1_664' title='bbox 651 5409 761 5472; x_wconf 70' lang='lat' dir='ltr'>Quolib„</span> <span class='ocrx_word' id='word_1_665' title='bbox 775 5426 800 5476; x_wconf 92' lang='lat' dir='ltr'>q.</span> <span class='ocrx_word' id='word_1_666' title='bbox 814 5425 823 5462; x_wconf 93' lang='lat'>1</span> <span class='ocrx_word' id='word_1_667' title='bbox 832 5427 841 5477; x_wconf 68' lang='grc' dir='ltr'><strong><em>ς</em></strong></span> 
     </span>
    </p>
   </div>
   <div class='ocr_carea' id='block_1_16' title="bbox 38 5405 1667 5547">
    <p class='ocr_par' dir='ltr' id='par_1_24' title="bbox 38 5405 1667 5547">
     <span class='ocr_line' id='line_1_88' title="bbox 930 5405 1667 5478; baseline -0.005 -16"><span class='ocrx_word' id='word_1_668' title='bbox 930 5413 961 5475; x_wconf 85' lang='grc' dir='ltr'>(α)</span> <span class='ocrx_word' id='word_1_669' title='bbox 977 5411 1067 5478; x_wconf 83' lang='lat' dir='ltr'>Suppl.</span> <span class='ocrx_word' id='word_1_670' title='bbox 1086 5411 1195 5477; x_wconf 78' lang='lat' dir='ltr'>angulos</span> <span class='ocrx_word' id='word_1_671' title='bbox 1211 5407 1251 5459; x_wconf 84' lang='lat' dir='ltr'>vel</span> <span class='ocrx_word' id='word_1_672' title='bbox 1268 5407 1359 5459; x_wconf 86' lang='lat' dir='ltr'>lineas.</span> <span class='ocrx_word' id='word_1_673' title='bbox 1371 5433 1402 5446; x_wconf 94' lang='lat'>-</span> <span class='ocrx_word' id='word_1_674' title='bbox 1415 5406 1447 5472; x_wconf 88' lang='lat' dir='ltr'>(b)</span> <span class='ocrx_word' id='word_1_675' title='bbox 1463 5406 1524 5458; x_wconf 74' lang='lat' dir='ltr'>Get.</span> <span class='ocrx_word' id='word_1_676' title='bbox 1535 5405 1595 5458; x_wconf 81' lang='lat' dir='ltr'>odit.</span> <span class='ocrx_word' id='word_1_677' title='bbox 1611 5406 1667 5458; x_wconf 83' lang='lat' dir='ltr'>lso-</span> 
     </span>
     <span class='ocr_line' id='line_1_89' title="bbox 38 5478 840 5547; baseline 0.001 -13"><span class='ocrx_word' id='word_1_678' title='bbox 38 5480 201 5534; x_wconf 62' lang='lat' dir='ltr'>&#39;ranem-</span> <span class='ocrx_word' id='word_1_679' title='bbox 219 5479 249 5529; x_wconf 86' lang='lat' dir='ltr'>de</span> <span class='ocrx_word' id='word_1_680' title='bbox 263 5481 353 5544; x_wconf 75' lang='lat' dir='ltr'>llayr,</span> <span class='ocrx_word' id='word_1_681' title='bbox 371 5479 381 5528; x_wconf 90' lang='lat' dir='ltr'>i</span> <span class='ocrx_word' id='word_1_682' title='bbox 400 5478 479 5541; x_wconf 76' lang='lat' dir='ltr'>Sene,</span> <span class='ocrx_word' id='word_1_683' title='bbox 494 5479 552 5531; x_wconf 81' lang='lat' dir='ltr'>dist.</span> <span class='ocrx_word' id='word_1_684' title='bbox 565 5492 635 5544; x_wconf 83' lang='lat' dir='ltr'>xxx,</span> <span class='ocrx_word' id='word_1_685' title='bbox 653 5496 680 5547; x_wconf 89' lang='lat' dir='ltr'>q.</span> <span class='ocrx_word' id='word_1_686' title='bbox 693 5493 728 5547; x_wconf 84' lang='lat'>11,</span> <span class='ocrx_word' id='word_1_687' title='bbox 750 5483 840 5535; x_wconf 78' lang='lat' dir='ltr'>Thom.</span> 
     </span>
    </p>
   </div>
   <div class='ocr_carea' id='block_1_17' title="bbox 897 5484 992 5535">
    <p class='ocr_par' dir='ltr' id='par_1_25' title="bbox 897 5484 992 5535">
     <span class='ocr_line' id='line_1_90' title="bbox 897 5484 992 5535; baseline -0.011 0"><span class='ocrx_word' id='word_1_688' title='bbox 897 5484 992 5535; x_wconf 88' lang='lat' dir='ltr'>cheles.</span> 
     </span>
    </p>
   </div>
   <div class='ocr_carea' id='block_1_18' title="bbox 0 0 2061 6292">
    <p class='ocr_par' dir='ltr' id='par_1_26' title="bbox 0 0 2061 6292">
     <span class='ocr_line' id='line_1_91' title="bbox 0 0 2061 6292; baseline 0 0"><span class='ocrx_word' id='word_1_689' title='bbox 0 0 2061 6292; x_wconf 95' lang='lat' dir='ltr'> </span> 
     </span>
    </p>
   </div>
  </div>
 </body>
</html>
