<?xml version="1.0" encoding="UTF-8"?>
<!DOCTYPE html PUBLIC "-//W3C//DTD XHTML 1.0 Transitional//EN"
    "http://www.w3.org/TR/xhtml1/DTD/xhtml1-transitional.dtd">
<html xmlns="http://www.w3.org/1999/xhtml" xml:lang="en" lang="en">
 <head>
  <title>
</title>
<meta http-equiv="Content-Type" content="text/html;charset=utf-8" />
  <meta name='ocr-system' content='tesseract 3.04.00' />
  <meta name='ocr-capabilities' content='ocr_page ocr_carea ocr_par ocr_line ocrx_word'/>
</head>
<body>
  <div class='ocr_page' id='page_1' title='image "./srecardinalissb00peltgoog/srecardinalissb00peltgoog_0314.png"; bbox 0 0 4100 6300; ppageno 0'>
   <div class='ocr_carea' id='block_1_1' title="bbox 368 421 426 483">
    <p class='ocr_par' dir='ltr' id='par_1_1' title="bbox 368 421 426 483">
     <span class='ocr_line' id='line_1_1' title="bbox 368 421 426 483; baseline 0.017 -1"><span class='ocrx_word' id='word_1_1' title='bbox 368 421 426 483; x_wconf 74' lang='lat'><strong>162</strong></span> 
     </span>
    </p>
   </div>
   <div class='ocr_carea' id='block_1_2' title="bbox 332 549 1133 1714">
    <p class='ocr_par' dir='ltr' id='par_1_2' title="bbox 367 549 1131 633">
     <span class='ocr_line' id='line_1_2' title="bbox 367 549 1131 633; baseline -0.009 -16"><span class='ocrx_word' id='word_1_2' title='bbox 367 570 467 632; x_wconf 87' lang='lat' dir='ltr'><strong>nem,</strong></span> <span class='ocrx_word' id='word_1_3' title='bbox 496 550 644 615; x_wconf 85' lang='lat' dir='ltr'><strong>videlicet</strong></span> <span class='ocrx_word' id='word_1_4' title='bbox 675 550 844 633; x_wconf 86' lang='lat' dir='ltr'><strong>utriusque</strong></span> <span class='ocrx_word' id='word_1_5' title='bbox 881 549 1131 632; x_wconf 85' lang='lat' dir='ltr'><strong>compositionis.</strong></span> 
     </span>
    </p>

    <p class='ocr_par' dir='ltr' id='par_1_3' title="bbox 332 656 1133 1585">
     <span class='ocr_line' id='line_1_3' title="bbox 407 656 1131 742; baseline -0.007 -17"><span class='ocrx_word' id='word_1_6' title='bbox 407 667 437 725; x_wconf 90' lang='lat' dir='ltr'><strong>l.</strong></span> <span class='ocrx_word' id='word_1_7' title='bbox 452 659 501 724; x_wconf 87' lang='lat' dir='ltr'><strong>lld</strong></span> <span class='ocrx_word' id='word_1_8' title='bbox 514 660 592 724; x_wconf 93' lang='lat' dir='ltr'><strong>illud</strong></span> <span class='ocrx_word' id='word_1_9' title='bbox 610 677 687 741; x_wconf 82' lang='lat' dir='ltr'><strong>ergo</strong></span> <span class='ocrx_word' id='word_1_10' title='bbox 707 659 792 741; x_wconf 92' lang='lat' dir='ltr'><strong>quod</strong></span> <span class='ocrx_word' id='word_1_11' title='bbox 808 658 966 742; x_wconf 78' lang='lat' dir='ltr'><strong>obJ‘icitur,</strong></span> <span class='ocrx_word' id='word_1_12' title='bbox 986 657 1073 740; x_wconf 85' lang='lat' dir='ltr'><strong>quod</strong></span> <span class='ocrx_word' id='word_1_13' title='bbox 1090 656 1131 719; x_wconf 87' lang='lat' dir='ltr'><strong>ab</strong></span> 
     </span>
     <span class='ocr_line' id='line_1_4' title="bbox 366 765 1130 861; baseline -0.007 -28"><span class='ocrx_word' id='word_1_14' title='bbox 366 786 433 833; x_wconf 89' lang='lat' dir='ltr'><strong>uno</strong></span> <span class='ocrx_word' id='word_1_15' title='bbox 452 786 516 832; x_wconf 89' lang='lat' dir='ltr'><strong>nou</strong></span> <span class='ocrx_word' id='word_1_16' title='bbox 542 772 590 832; x_wconf 91' lang='lat' dir='ltr'><strong>est</strong></span> <span class='ocrx_word' id='word_1_17' title='bbox 613 768 675 831; x_wconf 91' lang='lat' dir='ltr'><strong>nisi</strong></span> <span class='ocrx_word' id='word_1_18' title='bbox 697 771 919 861; x_wconf 22' lang='lat' dir='ltr'><strong>unum,=etc.;</strong></span> <span class='ocrx_word' id='word_1_19' title='bbox 944 765 1130 842; x_wconf 91' lang='lat' dir='ltr'><strong>dicendum,</strong></span> 
     </span>
     <span class='ocr_line' id='line_1_5' title="bbox 366 871 1133 961; baseline -0.007 -21"><span class='ocrx_word' id='word_1_20' title='bbox 366 875 451 959; x_wconf 88' lang='lat' dir='ltr'><strong>quod</strong></span> <span class='ocrx_word' id='word_1_21' title='bbox 475 876 609 958; x_wconf 82' lang='lat' dir='ltr'>simplex</span> <span class='ocrx_word' id='word_1_22' title='bbox 636 893 700 940; x_wconf 92' lang='lat' dir='ltr'><strong>non</strong></span> <span class='ocrx_word' id='word_1_23' title='bbox 732 880 779 941; x_wconf 91' lang='lat' dir='ltr'><strong>est</strong></span> <span class='ocrx_word' id='word_1_24' title='bbox 808 874 946 940; x_wconf 89' lang='lat' dir='ltr'><strong>conditio</strong></span> <span class='ocrx_word' id='word_1_25' title='bbox 973 871 1133 961; x_wconf 80' lang='lat' dir='ltr'><strong>generalis</strong></span> 
     </span>
     <span class='ocr_line' id='line_1_6' title="bbox 366 981 1132 1065; baseline -0.001 -20"><span class='ocrx_word' id='word_1_26' title='bbox 366 983 459 1060; x_wconf 86' lang='lat' dir='ltr'><strong>entis,</strong></span> <span class='ocrx_word' id='word_1_27' title='bbox 470 984 676 1048; x_wconf 87' lang='lat' dir='ltr'><strong>sicutunum.</strong></span> <span class='ocrx_word' id='word_1_28' title='bbox 693 982 774 1047; x_wconf 90' lang='lat' dir='ltr'><strong>Nam</strong></span> <span class='ocrx_word' id='word_1_29' title='bbox 787 983 970 1065; x_wconf 78' lang='lat' dir='ltr'><strong>simplicitas</strong></span> <span class='ocrx_word' id='word_1_30' title='bbox 981 981 1057 1044; x_wconf 90' lang='lat' dir='ltr'><strong>dicit</strong></span> <span class='ocrx_word' id='word_1_31' title='bbox 1066 998 1132 1044; x_wconf 92' lang='lat' dir='ltr'><strong>mo-</strong></span> 
     </span>
     <span class='ocr_line' id='line_1_7' title="bbox 365 1078 1133 1173; baseline -0.003 -21"><span class='ocrx_word' id='word_1_32' title='bbox 365 1090 444 1153; x_wconf 92' lang='lat' dir='ltr'><strong>dum</strong></span> <span class='ocrx_word' id='word_1_33' title='bbox 452 1078 585 1154; x_wconf 77' lang='lat' dir='ltr'><strong>unitatis</strong></span> <span class='ocrx_word' id='word_1_34' title='bbox 592 1090 838 1170; x_wconf 87' lang='lat' dir='ltr'><strong>nobilissimum,</strong></span> <span class='ocrx_word' id='word_1_35' title='bbox 849 1108 947 1173; x_wconf 86' lang='lat' dir='ltr'><strong>quem</strong></span> <span class='ocrx_word' id='word_1_36' title='bbox 960 1088 1043 1152; x_wconf 88' lang='lat' dir='ltr'><strong>Deus</strong></span> <span class='ocrx_word' id='word_1_37' title='bbox 1051 1087 1133 1152; x_wconf 92' lang='lat' dir='ltr'><strong>nulli</strong></span> 
     </span>
     <span class='ocr_line' id='line_1_8' title="bbox 332 1198 1132 1283; baseline -0.001 -22"><span class='ocrx_word' id='word_1_38' title='bbox 332 1234 335 1241; x_wconf 86' lang='lat'>·</span> <span class='ocrx_word' id='word_1_39' title='bbox 365 1198 578 1262; x_wconf 80' lang='lat' dir='ltr'><strong>communicat</strong></span> <span class='ocrx_word' id='word_1_40' title='bbox 599 1202 771 1280; x_wconf 80' lang='lat' dir='ltr'><strong>creaturae3</strong></span> <span class='ocrx_word' id='word_1_41' title='bbox 798 1200 874 1283; x_wconf 86' lang='lat' dir='ltr'><strong>quia</strong></span> <span class='ocrx_word' id='word_1_42' title='bbox 897 1203 1042 1263; x_wconf 85' lang='lat' dir='ltr'><strong>creatura</strong></span> <span class='ocrx_word' id='word_1_43' title='bbox 1066 1216 1132 1261; x_wconf 92' lang='lat' dir='ltr'><strong>non</strong></span> 
     </span>
     <span class='ocr_line' id='line_1_9' title="bbox 364 1298 1131 1390; baseline -0.001 -21"><span class='ocrx_word' id='word_1_44' title='bbox 364 1308 466 1387; x_wconf 85' lang='lat' dir='ltr'><strong>potest</strong></span> <span class='ocrx_word' id='word_1_45' title='bbox 480 1324 555 1369; x_wconf 90' lang='lat' dir='ltr'><strong>eum</strong></span> <span class='ocrx_word' id='word_1_46' title='bbox 569 1307 726 1390; x_wconf 84' lang='lat' dir='ltr'><strong>recipere,</strong></span> <span class='ocrx_word' id='word_1_47' title='bbox 741 1326 815 1373; x_wconf 91' lang='lat' dir='ltr'><strong>cum</strong></span> <span class='ocrx_word' id='word_1_48' title='bbox 829 1325 897 1372; x_wconf 89' lang='lat' dir='ltr'><strong>esse</strong></span> <span class='ocrx_word' id='word_1_49' title='bbox 910 1309 981 1388; x_wconf 88' lang='lat' dir='ltr'><strong>ejus</strong></span> <span class='ocrx_word' id='word_1_50' title='bbox 993 1298 1036 1367; x_wconf 86' lang='lat' dir='ltr'><strong>sit</strong></span> <span class='ocrx_word' id='word_1_51' title='bbox 1047 1304 1131 1368; x_wconf 90' lang='lat' dir='ltr'><strong>limi·</strong></span> 
     </span>
     <span class='ocr_line' id='line_1_10' title="bbox 363 1413 1128 1496; baseline 0 -20"><span class='ocrx_word' id='word_1_52' title='bbox 363 1415 465 1476; x_wconf 86' lang='lat' dir='ltr'><strong>tatum</strong></span> <span class='ocrx_word' id='word_1_53' title='bbox 475 1417 507 1477; x_wconf 88' lang='lat' dir='ltr'><strong>et</strong></span> <span class='ocrx_word' id='word_1_54' title='bbox 519 1414 676 1494; x_wconf 86' lang='lat' dir='ltr'><strong>mixtum,</strong></span> <span class='ocrx_word' id='word_1_55' title='bbox 692 1416 738 1478; x_wconf 92' lang='lat' dir='ltr'><strong>sic</strong></span> <span class='ocrx_word' id='word_1_56' title='bbox 750 1416 847 1479; x_wconf 84' lang='lat' dir='ltr'><strong>eiiam</strong></span> <span class='ocrx_word' id='word_1_57' title='bbox 858 1432 926 1479; x_wconf 90' lang='lat' dir='ltr'><strong>esse</strong></span> <span class='ocrx_word' id='word_1_58' title='bbox 936 1413 1128 1496; x_wconf 90' lang='lat' dir='ltr'><strong>dependens,</strong></span> 
     </span>
     <span class='ocr_line' id='line_1_11' title="bbox 363 1520 672 1585; baseline 0.006 -2"><span class='ocrx_word' id='word_1_59' title='bbox 363 1523 395 1583; x_wconf 88' lang='lat' dir='ltr'><strong>et</strong></span> <span class='ocrx_word' id='word_1_60' title='bbox 408 1520 537 1584; x_wconf 75' lang='lat' dir='ltr'><strong>aliunde</strong></span> <span class='ocrx_word' id='word_1_61' title='bbox 550 1521 672 1585; x_wconf 89' lang='lat' dir='ltr'><strong>datum.</strong></span> 
     </span>
    </p>

    <p class='ocr_par' dir='ltr' id='par_1_4' title="bbox 402 1628 1132 1714">
     <span class='ocr_line' id='line_1_12' title="bbox 402 1628 1132 1714; baseline 0.003 -23"><span class='ocrx_word' id='word_1_62' title='bbox 402 1631 432 1707; x_wconf 63' lang='grc' dir='ltr'><strong>ἓ,</strong></span> <span class='ocrx_word' id='word_1_63' title='bbox 448 1632 467 1692; x_wconf 87' lang='lat'>3</span> <span class='ocrx_word' id='word_1_64' title='bbox 480 1632 512 1692; x_wconf 89' lang='lat' dir='ltr'><strong>et</strong></span> <span class='ocrx_word' id='word_1_65' title='bbox 523 1633 554 1692; x_wconf 72' lang='lat' dir='ltr'><strong>l.</strong></span> <span class='ocrx_word' id='word_1_66' title='bbox 569 1629 615 1694; x_wconf 83' lang='lat' dir='ltr'><strong>Ad</strong></span> <span class='ocrx_word' id='word_1_67' title='bbox 635 1630 726 1707; x_wconf 69' lang='lat' dir='ltr'><strong>illudi</strong></span> <span class='ocrx_word' id='word_1_68' title='bbox 736 1629 821 1712; x_wconf 91' lang='lat' dir='ltr'><strong>quod</strong></span> <span class='ocrx_word' id='word_1_69' title='bbox 834 1629 983 1714; x_wconf 90' lang='lat' dir='ltr'><strong>objicitur</strong></span> <span class='ocrx_word' id='word_1_70' title='bbox 1001 1628 1132 1693; x_wconf 90' lang='lat' dir='ltr'><strong>desim·</strong></span> 
     </span>
    </p>
   </div>
   <div class='ocr_carea' id='block_1_3' title="bbox 246 1734 1131 1825">
    <p class='ocr_par' dir='ltr' id='par_1_5' title="bbox 246 1734 1131 1825">
     <span class='ocr_line' id='line_1_13' title="bbox 246 1734 1131 1825; baseline 0.002 -28"><span class='ocrx_word' id='word_1_71' title='bbox 246 1800 254 1825; x_wconf 42' lang='lat'>⁸</span> <span class='ocrx_word' id='word_1_72' title='bbox 362 1734 500 1817; x_wconf 86' lang='lat' dir='ltr'><strong>plicitate</strong></span> <span class='ocrx_word' id='word_1_73' title='bbox 514 1738 635 1819; x_wconf 89' lang='lat' dir='ltr'><strong>puncti,</strong></span> <span class='ocrx_word' id='word_1_74' title='bbox 647 1741 679 1800; x_wconf 88' lang='grc' dir='ltr'><strong>ει</strong></span> <span class='ocrx_word' id='word_1_75' title='bbox 691 1737 784 1814; x_wconf 88' lang='lat' dir='ltr'><strong>entis,</strong></span> <span class='ocrx_word' id='word_1_76' title='bbox 800 1741 832 1800; x_wconf 91' lang='lat' dir='ltr'><strong>et</strong></span> <span class='ocrx_word' id='word_1_77' title='bbox 844 1736 1010 1820; x_wconf 89' lang='lat' dir='ltr'><strong>principii;</strong></span> <span class='ocrx_word' id='word_1_78' title='bbox 1027 1736 1131 1801; x_wconf 90' lang='lat' dir='ltr'><strong>dicen-</strong></span> 
     </span>
    </p>
   </div>
   <div class='ocr_carea' id='block_1_4' title="bbox 348 1842 1132 4189">
    <p class='ocr_par' dir='ltr' id='par_1_6' title="bbox 348 1842 1132 2677">
     <span class='ocr_line' id='line_1_14' title="bbox 362 1842 1132 1927; baseline 0.003 -22"><span class='ocrx_word' id='word_1_79' title='bbox 362 1842 461 1920; x_wconf 89' lang='lat' dir='ltr'><strong>dum,</strong></span> <span class='ocrx_word' id='word_1_80' title='bbox 489 1843 641 1924; x_wconf 90' lang='lat' dir='ltr'><strong>quodibi</strong></span> <span class='ocrx_word' id='word_1_81' title='bbox 664 1848 711 1909; x_wconf 91' lang='lat' dir='ltr'><strong>est</strong></span> <span class='ocrx_word' id='word_1_82' title='bbox 732 1843 916 1927; x_wconf 73' lang='lat' dir='ltr'><strong>simplicitas</strong></span> <span class='ocrx_word' id='word_1_83' title='bbox 943 1861 1000 1926; x_wconf 90' lang='lat' dir='ltr'><strong>per</strong></span> <span class='ocrx_word' id='word_1_84' title='bbox 1022 1843 1132 1925; x_wconf 84' lang='lat' dir='ltr'><strong>priva-</strong></span> 
     </span>
     <span class='ocr_line' id='line_1_15' title="bbox 348 1932 1131 2032; baseline 0 -20"><span class='ocrx_word' id='word_1_85' title='bbox 348 1932 483 2013; x_wconf 82' lang='lat' dir='ltr'><strong>tionem</strong></span> <span class='ocrx_word' id='word_1_86' title='bbox 500 1950 742 2032; x_wconf 85' lang='lat' dir='ltr'><strong>compositionis</strong></span> <span class='ocrx_word' id='word_1_87' title='bbox 762 1968 804 2015; x_wconf 83' lang='lat' dir='ltr'><strong>ex</strong></span> <span class='ocrx_word' id='word_1_88' title='bbox 834 1950 918 2031; x_wconf 87' lang='lat' dir='ltr'><strong>aliis,</strong></span> <span class='ocrx_word' id='word_1_89' title='bbox 941 1968 1007 2014; x_wconf 90' lang='lat' dir='ltr'><strong>non</strong></span> <span class='ocrx_word' id='word_1_90' title='bbox 1022 1954 1131 2015; x_wconf 88' lang='lat' dir='ltr'><strong>autem</strong></span> 
     </span>
     <span class='ocr_line' id='line_1_16' title="bbox 363 2057 1130 2140; baseline 0.003 -20"><span class='ocrx_word' id='word_1_91' title='bbox 363 2061 458 2140; x_wconf 89' lang='lat' dir='ltr'><strong>prout</strong></span> <span class='ocrx_word' id='word_1_92' title='bbox 478 2057 664 2140; x_wconf 77' lang='lat' dir='ltr'><strong>simplicitas</strong></span> <span class='ocrx_word' id='word_1_93' title='bbox 685 2057 761 2121; x_wconf 90' lang='lat' dir='ltr'><strong>dicit</strong></span> <span class='ocrx_word' id='word_1_94' title='bbox 786 2058 1032 2122; x_wconf 77' lang='lat' dir='ltr'><strong>indifferentiam</strong></span> <span class='ocrx_word' id='word_1_95' title='bbox 1057 2075 1130 2122; x_wconf 91' lang='lat' dir='ltr'><strong>om·</strong></span> 
     </span>
     <span class='ocr_line' id='line_1_17' title="bbox 361 2162 1129 2246; baseline 0.003 -19"><span class='ocrx_word' id='word_1_96' title='bbox 361 2163 536 2228; x_wconf 88' lang='lat' dir='ltr'><strong>nimodam.</strong></span> <span class='ocrx_word' id='word_1_97' title='bbox 565 2162 602 2227; x_wconf 93' lang='lat' dir='ltr'><strong>ln</strong></span> <span class='ocrx_word' id='word_1_98' title='bbox 630 2164 781 2229; x_wconf 88' lang='lat' dir='ltr'><strong>omnibus</strong></span> <span class='ocrx_word' id='word_1_99' title='bbox 813 2165 918 2246; x_wconf 86' lang='lat' dir='ltr'><strong>enlm,</strong></span> <span class='ocrx_word' id='word_1_100' title='bbox 947 2169 984 2229; x_wconf 89' lang='lat' dir='ltr'><strong>ut</strong></span> <span class='ocrx_word' id='word_1_101' title='bbox 1009 2165 1129 2229; x_wconf 89' lang='lat' dir='ltr'><strong>dictum</strong></span> 
     </span>
     <span class='ocr_line' id='line_1_18' title="bbox 362 2271 1126 2356; baseline 0.003 -21"><span class='ocrx_word' id='word_1_102' title='bbox 362 2275 424 2349; x_wconf 84' lang='lat' dir='ltr'><strong>est,</strong></span> <span class='ocrx_word' id='word_1_103' title='bbox 439 2271 522 2336; x_wconf 87' lang='lat' dir='ltr'><strong>eadit</strong></span> <span class='ocrx_word' id='word_1_104' title='bbox 542 2271 650 2354; x_wconf 88' lang='lat' dir='ltr'><strong>aliqua</strong></span> <span class='ocrx_word' id='word_1_105' title='bbox 662 2272 841 2337; x_wconf 84' lang='lat' dir='ltr'><strong>differentia</strong></span> <span class='ocrx_word' id='word_1_106' title='bbox 853 2278 884 2338; x_wconf 88' lang='lat' dir='ltr'><strong>et</strong></span> <span class='ocrx_word' id='word_1_107' title='bbox 897 2273 1126 2356; x_wconf 88' lang='lat' dir='ltr'><strong>dependentia:</strong></span> 
     </span>
     <span class='ocr_line' id='line_1_19' title="bbox 361 2380 1129 2463; baseline 0.004 -21"><span class='ocrx_word' id='word_1_108' title='bbox 361 2380 510 2461; x_wconf 81' lang='lat' dir='ltr'><strong>quamvis</strong></span> <span class='ocrx_word' id='word_1_109' title='bbox 531 2381 619 2443; x_wconf 91' lang='lat' dir='ltr'><strong>enim</strong></span> <span class='ocrx_word' id='word_1_110' title='bbox 638 2398 704 2444; x_wconf 92' lang='lat' dir='ltr'><strong>non</strong></span> <span class='ocrx_word' id='word_1_111' title='bbox 726 2381 790 2444; x_wconf 88' lang='lat' dir='ltr'><strong>sint</strong></span> <span class='ocrx_word' id='word_1_112' title='bbox 809 2382 999 2463; x_wconf 86' lang='lat' dir='ltr'><strong>composita,</strong></span> <span class='ocrx_word' id='word_1_113' title='bbox 1020 2386 1129 2446; x_wconf 75' lang='lat' dir='ltr'><strong>mmen</strong></span> 
     </span>
     <span class='ocr_line' id='line_1_20' title="bbox 361 2489 1128 2573; baseline 0.003 -22"><span class='ocrx_word' id='word_1_114' title='bbox 361 2498 476 2551; x_wconf 92' lang='lat' dir='ltr'><strong>eorum</strong></span> <span class='ocrx_word' id='word_1_115' title='bbox 487 2506 555 2552; x_wconf 89' lang='lat' dir='ltr'><strong>esse</strong></span> <span class='ocrx_word' id='word_1_116' title='bbox 567 2489 723 2573; x_wconf 79' lang='lat' dir='ltr'><strong>dependet</strong></span> <span class='ocrx_word' id='word_1_117' title='bbox 735 2507 755 2552; x_wconf 90' lang='lat' dir='ltr'><strong>a</strong></span> <span class='ocrx_word' id='word_1_118' title='bbox 768 2490 949 2572; x_wconf 87' lang='lat' dir='ltr'><strong>composito,</strong></span> <span class='ocrx_word' id='word_1_119' title='bbox 962 2491 1029 2555; x_wconf 90' lang='lat' dir='ltr'><strong>sive</strong></span> <span class='ocrx_word' id='word_1_120' title='bbox 1042 2508 1128 2554; x_wconf 91' lang='lat' dir='ltr'><strong>com-</strong></span> 
     </span>
     <span class='ocr_line' id='line_1_21' title="bbox 361 2595 527 2677; baseline 0.018 -20"><span class='ocrx_word' id='word_1_121' title='bbox 361 2595 527 2677; x_wconf 87' lang='lat' dir='ltr'><strong>positione.</strong></span> 
     </span>
    </p>

    <p class='ocr_par' dir='ltr' id='par_1_7' title="bbox 357 2702 1129 4189">
     <span class='ocr_line' id='line_1_22' title="bbox 401 2702 1129 2787; baseline 0.004 -20"><span class='ocrx_word' id='word_1_122' title='bbox 401 2702 489 2767; x_wconf 92' lang='lat' dir='ltr'><strong>Unde</strong></span> <span class='ocrx_word' id='word_1_123' title='bbox 513 2703 594 2768; x_wconf 92' lang='lat' dir='ltr'><strong>bene</strong></span> <span class='ocrx_word' id='word_1_124' title='bbox 616 2703 853 2767; x_wconf 83' lang='lat' dir='ltr'><strong>concedendum</strong></span> <span class='ocrx_word' id='word_1_125' title='bbox 875 2708 922 2767; x_wconf 89' lang='lat' dir='ltr'><strong>est</strong></span> <span class='ocrx_word' id='word_1_126' title='bbox 942 2703 1021 2769; x_wconf 92' lang='lat' dir='ltr'><strong>illud</strong></span> <span class='ocrx_word' id='word_1_127' title='bbox 1044 2705 1129 2787; x_wconf 89' lang='lat' dir='ltr'><strong>quod</strong></span> 
     </span>
     <span class='ocr_line' id='line_1_23' title="bbox 361 2809 1129 2892; baseline 0.003 -20"><span class='ocrx_word' id='word_1_128' title='bbox 361 2809 475 2873; x_wconf 88' lang='lat' dir='ltr'><strong>ultimo</strong></span> <span class='ocrx_word' id='word_1_129' title='bbox 496 2809 668 2885; x_wconf 85' lang='lat' dir='ltr'><strong>dicebatur,</strong></span> <span class='ocrx_word' id='word_1_130' title='bbox 691 2809 778 2892; x_wconf 83' lang='lat' dir='ltr'><strong>quod</strong></span> <span class='ocrx_word' id='word_1_131' title='bbox 798 2809 878 2873; x_wconf 91' lang='lat' dir='ltr'><strong>illud</strong></span> <span class='ocrx_word' id='word_1_132' title='bbox 896 2810 1029 2892; x_wconf 79' lang='lat' dir='ltr'><strong>derogat</strong></span> <span class='ocrx_word' id='word_1_133' title='bbox 1049 2811 1129 2874; x_wconf 92' lang='lat' dir='ltr'><strong>sim-</strong></span> 
     </span>
     <span class='ocr_line' id='line_1_24' title="bbox 359 2916 1129 3001; baseline 0.003 -22"><span class='ocrx_word' id='word_1_134' title='bbox 359 2916 490 2999; x_wconf 83' lang='lat' dir='ltr'><strong>plicitati</strong></span> <span class='ocrx_word' id='word_1_135' title='bbox 500 2918 564 2997; x_wconf 89' lang='lat' dir='ltr'><strong>rei,</strong></span> <span class='ocrx_word' id='word_1_136' title='bbox 583 2917 669 3000; x_wconf 92' lang='lat' dir='ltr'><strong>quod</strong></span> <span class='ocrx_word' id='word_1_137' title='bbox 684 2918 725 2981; x_wconf 91' lang='lat' dir='ltr'><strong>sit</strong></span> <span class='ocrx_word' id='word_1_138' title='bbox 740 2918 830 2981; x_wconf 80' lang='lat' dir='ltr'><strong>alteri</strong></span> <span class='ocrx_word' id='word_1_139' title='bbox 844 2917 1080 3001; x_wconf 91' lang='lat' dir='ltr'><strong>componibilis‚</strong></span> <span class='ocrx_word' id='word_1_140' title='bbox 1095 2918 1129 2981; x_wconf 91' lang='lat' dir='ltr'><strong>in</strong></span> 
     </span>
     <span class='ocr_line' id='line_1_25' title="bbox 359 3024 1129 3107; baseline 0 -20"><span class='ocrx_word' id='word_1_141' title='bbox 359 3026 517 3105; x_wconf 87' lang='lat' dir='ltr'><strong>quantum</strong></span> <span class='ocrx_word' id='word_1_142' title='bbox 536 3024 722 3107; x_wconf 82' lang='lat' dir='ltr'><strong>simplicitas</strong></span> <span class='ocrx_word' id='word_1_143' title='bbox 739 3025 846 3106; x_wconf 85' lang='lat' dir='ltr'><strong>privet</strong></span> <span class='ocrx_word' id='word_1_144' title='bbox 863 3024 1129 3106; x_wconf 79' lang='lat' dir='ltr'><strong>multiplicitatem</strong></span> 
     </span>
     <span class='ocr_line' id='line_1_26' title="bbox 359 3130 1129 3214; baseline 0 -18"><span class='ocrx_word' id='word_1_145' title='bbox 359 3135 391 3196; x_wconf 90' lang='lat' dir='ltr'><strong>et</strong></span> <span class='ocrx_word' id='word_1_146' title='bbox 405 3131 615 3197; x_wconf 84' lang='lat' dir='ltr'><strong>differentiam</strong></span> <span class='ocrx_word' id='word_1_147' title='bbox 627 3133 662 3196; x_wconf 91' lang='lat' dir='ltr'><strong>in</strong></span> <span class='ocrx_word' id='word_1_148' title='bbox 675 3151 711 3197; x_wconf 90' lang='lat' dir='ltr'><strong>re</strong></span> <span class='ocrx_word' id='word_1_149' title='bbox 724 3130 876 3214; x_wconf 89' lang='lat' dir='ltr'><strong>simplici;</strong></span> <span class='ocrx_word' id='word_1_150' title='bbox 893 3131 1044 3214; x_wconf 88' lang='lat' dir='ltr'><strong>quamvis</strong></span> <span class='ocrx_word' id='word_1_151' title='bbox 1062 3150 1129 3196; x_wconf 89' lang='lat' dir='ltr'><strong>non</strong></span> 
     </span>
     <span class='ocr_line' id='line_1_27' title="bbox 358 3243 1129 3327; baseline 0.001 -20"><span class='ocrx_word' id='word_1_152' title='bbox 358 3243 490 3324; x_wconf 82' lang='lat' dir='ltr'><strong>deroget</strong></span> <span class='ocrx_word' id='word_1_153' title='bbox 510 3243 545 3308; x_wconf 93' lang='lat' dir='ltr'><strong>in</strong></span> <span class='ocrx_word' id='word_1_154' title='bbox 564 3248 721 3327; x_wconf 84' lang='lat' dir='ltr'><strong>quantum</strong></span> <span class='ocrx_word' id='word_1_155' title='bbox 740 3245 846 3326; x_wconf 87' lang='lat' dir='ltr'><strong>privet</strong></span> <span class='ocrx_word' id='word_1_156' title='bbox 866 3243 1129 3326; x_wconf 88' lang='lat' dir='ltr'><strong>compositionem</strong></span> 
     </span>
     <span class='ocr_line' id='line_1_28' title="bbox 358 3351 1127 3434; baseline 0.001 -20"><span class='ocrx_word' id='word_1_157' title='bbox 358 3368 401 3414; x_wconf 88' lang='lat' dir='ltr'><strong>ex</strong></span> <span class='ocrx_word' id='word_1_158' title='bbox 416 3351 497 3414; x_wconf 85' lang='lat' dir='ltr'><strong>aliis.</strong></span> <span class='ocrx_word' id='word_1_159' title='bbox 517 3351 628 3415; x_wconf 84' lang='lat' dir='ltr'><strong>Omnis</strong></span> <span class='ocrx_word' id='word_1_160' title='bbox 646 3352 733 3416; x_wconf 90' lang='lat' dir='ltr'><strong>enim</strong></span> <span class='ocrx_word' id='word_1_161' title='bbox 755 3351 967 3434; x_wconf 86' lang='lat' dir='ltr'><strong>dependentia</strong></span> <span class='ocrx_word' id='word_1_162' title='bbox 984 3352 1058 3415; x_wconf 86' lang='lat' dir='ltr'><strong>lacit</strong></span> <span class='ocrx_word' id='word_1_163' title='bbox 1077 3352 1127 3434; x_wconf 86' lang='lat' dir='ltr'><strong>ip·</strong></span> 
     </span>
     <span class='ocr_line' id='line_1_29' title="bbox 358 3458 1127 3542; baseline 0.003 -20"><span class='ocrx_word' id='word_1_164' title='bbox 358 3477 452 3538; x_wconf 90' lang='lat' dir='ltr'><strong>sum,</strong></span> <span class='ocrx_word' id='word_1_165' title='bbox 467 3460 554 3541; x_wconf 87' lang='lat' dir='ltr'><strong>quod</strong></span> <span class='ocrx_word' id='word_1_166' title='bbox 568 3458 739 3542; x_wconf 85' lang='lat' dir='ltr'><strong>dependet,</strong></span> <span class='ocrx_word' id='word_1_167' title='bbox 754 3476 916 3523; x_wconf 82' lang='lat' dir='ltr'><strong>asumma</strong></span> <span class='ocrx_word' id='word_1_168' title='bbox 928 3458 1127 3540; x_wconf 84' lang='lat' dir='ltr'><strong>simplicitate</strong></span> 
     </span>
     <span class='ocr_line' id='line_1_30' title="bbox 357 3565 1127 3648; baseline 0.003 -20"><span class='ocrx_word' id='word_1_169' title='bbox 357 3569 390 3628; x_wconf 87' lang='lat' dir='ltr'><strong>et</strong></span> <span class='ocrx_word' id='word_1_170' title='bbox 414 3565 627 3630; x_wconf 85' lang='lat' dir='ltr'><strong>indifferentia</strong></span> <span class='ocrx_word' id='word_1_171' title='bbox 651 3565 691 3648; x_wconf 80' lang='grc' dir='ltr'><strong>(α)</strong></span> <span class='ocrx_word' id='word_1_172' title='bbox 712 3565 859 3628; x_wconf 85' lang='lat' dir='ltr'><strong>recedere</strong></span> <span class='ocrx_word' id='word_1_173' title='bbox 883 3588 890 3629; x_wconf 92' lang='lat'>:</span> <span class='ocrx_word' id='word_1_174' title='bbox 911 3565 998 3629; x_wconf 89' lang='lat' dir='ltr'><strong>solus</strong></span> <span class='ocrx_word' id='word_1_175' title='bbox 1018 3569 1127 3630; x_wconf 87' lang='lat' dir='ltr'><strong>autem</strong></span> 
     </span>
     <span class='ocr_line' id='line_1_31' title="bbox 358 3672 1128 3756; baseline 0.003 -19"><span class='ocrx_word' id='word_1_176' title='bbox 358 3672 442 3738; x_wconf 86' lang='lat' dir='ltr'><strong>Deus</strong></span> <span class='ocrx_word' id='word_1_177' title='bbox 466 3679 512 3739; x_wconf 87' lang='lat' dir='ltr'><strong>est</strong></span> <span class='ocrx_word' id='word_1_178' title='bbox 533 3673 767 3756; x_wconf 89' lang='lat' dir='ltr'><strong>independeus;</strong></span> <span class='ocrx_word' id='word_1_179' title='bbox 794 3674 906 3738; x_wconf 89' lang='lat' dir='ltr'><strong>omnia</strong></span> <span class='ocrx_word' id='word_1_180' title='bbox 929 3677 1038 3737; x_wconf 88' lang='lat' dir='ltr'><strong>autem</strong></span> <span class='ocrx_word' id='word_1_181' title='bbox 1065 3675 1128 3739; x_wconf 89' lang='lat' dir='ltr'><strong>alia</strong></span> 
     </span>
     <span class='ocr_line' id='line_1_32' title="bbox 357 3783 1126 3866; baseline 0.005 -20"><span class='ocrx_word' id='word_1_182' title='bbox 357 3789 434 3848; x_wconf 92' lang='lat' dir='ltr'><strong>sunt</strong></span> <span class='ocrx_word' id='word_1_183' title='bbox 464 3784 689 3866; x_wconf 89' lang='lat' dir='ltr'><strong>dependentia,</strong></span> <span class='ocrx_word' id='word_1_184' title='bbox 724 3783 792 3848; x_wconf 81' lang='lat' dir='ltr'><strong>sive</strong></span> <span class='ocrx_word' id='word_1_185' title='bbox 823 3785 1059 3866; x_wconf 87' lang='lat' dir='ltr'><strong>comparatione</strong></span> <span class='ocrx_word' id='word_1_186' title='bbox 1085 3787 1126 3851; x_wconf 87' lang='lat' dir='ltr'><strong>ad</strong></span> 
     </span>
     <span class='ocr_line' id='line_1_33' title="bbox 358 3889 1125 3973; baseline 0.003 -21"><span class='ocrx_word' id='word_1_187' title='bbox 358 3890 513 3973; x_wconf 90' lang='lat' dir='ltr'><strong>principia</strong></span> <span class='ocrx_word' id='word_1_188' title='bbox 525 3908 566 3953; x_wconf 88' lang='lat' dir='ltr'><strong>ex</strong></span> <span class='ocrx_word' id='word_1_189' title='bbox 578 3889 695 3972; x_wconf 87' lang='lat' dir='ltr'><strong>quibus</strong></span> <span class='ocrx_word' id='word_1_190' title='bbox 708 3893 795 3968; x_wconf 89' lang='lat' dir='ltr'><strong>sunt,</strong></span> <span class='ocrx_word' id='word_1_191' title='bbox 809 3889 876 3956; x_wconf 83' lang='lat' dir='ltr'><strong>sive</strong></span> <span class='ocrx_word' id='word_1_192' title='bbox 888 3907 992 3952; x_wconf 92' lang='lat' dir='ltr'><strong>unum</strong></span> <span class='ocrx_word' id='word_1_193' title='bbox 1006 3889 1125 3973; x_wconf 88' lang='lat' dir='ltr'><strong>prinoi-</strong></span> 
     </span>
     <span class='ocr_line' id='line_1_34' title="bbox 358 3996 1124 4080; baseline 0.007 -21"><span class='ocrx_word' id='word_1_194' title='bbox 358 3997 449 4079; x_wconf 93' lang='lat' dir='ltr'><strong>pium</strong></span> <span class='ocrx_word' id='word_1_195' title='bbox 462 4015 655 4079; x_wconf 89' lang='lat' dir='ltr'><strong>componens</strong></span> <span class='ocrx_word' id='word_1_196' title='bbox 667 3998 876 4080; x_wconf 83' lang='lat' dir='ltr'><strong>complicetur</strong></span> <span class='ocrx_word' id='word_1_197' title='bbox 891 3996 1040 4076; x_wconf 87' lang='lat' dir='ltr'><strong>adalind,</strong></span> <span class='ocrx_word' id='word_1_198' title='bbox 1055 3998 1124 4064; x_wconf 82' lang='lat' dir='ltr'><strong>sive</strong></span> 
     </span>
     <span class='ocr_line' id='line_1_35' title="bbox 358 4104 1127 4189; baseline 0 -19"><span class='ocrx_word' id='word_1_199' title='bbox 358 4123 426 4170; x_wconf 82' lang='lat' dir='ltr'><strong>esse</strong></span> <span class='ocrx_word' id='word_1_200' title='bbox 439 4105 620 4188; x_wconf 87' lang='lat' dir='ltr'><strong>dependens</strong></span> <span class='ocrx_word' id='word_1_201' title='bbox 632 4105 867 4189; x_wconf 87' lang='lat' dir='ltr'><strong>comparatione</strong></span> <span class='ocrx_word' id='word_1_202' title='bbox 880 4106 921 4169; x_wconf 86' lang='lat' dir='ltr'><strong>ad</strong></span> <span class='ocrx_word' id='word_1_203' title='bbox 935 4104 1047 4185; x_wconf 85' lang='lat' dir='ltr'><strong>Deum,</strong></span> <span class='ocrx_word' id='word_1_204' title='bbox 1060 4106 1127 4170; x_wconf 90' lang='lat' dir='ltr'><strong>sive</strong></span> 
     </span>
    </p>
   </div>
   <div class='ocr_carea' id='block_1_5' title="bbox 356 4211 1124 4615">
    <p class='ocr_par' dir='ltr' id='par_1_8' title="bbox 356 4211 1124 4615">
     <span class='ocr_line' id='line_1_36' title="bbox 359 4211 1124 4296; baseline 0 -19"><span class='ocrx_word' id='word_1_205' title='bbox 359 4214 480 4296; x_wconf 89' lang='lat' dir='ltr'><strong>abipso</strong></span> <span class='ocrx_word' id='word_1_206' title='bbox 494 4213 568 4277; x_wconf 85' lang='lat' dir='ltr'><strong>lleo.</strong></span> <span class='ocrx_word' id='word_1_207' title='bbox 583 4211 670 4277; x_wconf 92' lang='lat' dir='ltr'><strong>Nibil</strong></span> <span class='ocrx_word' id='word_1_208' title='bbox 687 4218 796 4277; x_wconf 89' lang='lat' dir='ltr'><strong>autem</strong></span> <span class='ocrx_word' id='word_1_209' title='bbox 809 4213 894 4296; x_wconf 87' lang='lat' dir='ltr'><strong>quod</strong></span> <span class='ocrx_word' id='word_1_210' title='bbox 908 4212 1065 4294; x_wconf 91' lang='lat' dir='ltr'><strong>dependet</strong></span> <span class='ocrx_word' id='word_1_211' title='bbox 1076 4218 1124 4277; x_wconf 90' lang='lat' dir='ltr'><strong>est</strong></span> 
     </span>
     <span class='ocr_line' id='line_1_37' title="bbox 358 4320 1123 4404; baseline 0.003 -21"><span class='ocrx_word' id='word_1_212' title='bbox 358 4338 417 4384; x_wconf 87' lang='lat' dir='ltr'><strong>sua</strong></span> <span class='ocrx_word' id='word_1_213' title='bbox 428 4320 638 4404; x_wconf 88' lang='lat' dir='ltr'><strong>dependentia</strong></span> <span class='ocrx_word' id='word_1_214' title='bbox 653 4343 660 4384; x_wconf 77' lang='grc' dir='ltr'><strong>ε</strong></span> <span class='ocrx_word' id='word_1_215' title='bbox 676 4320 747 4384; x_wconf 92' lang='lat' dir='ltr'><strong>ideo</strong></span> <span class='ocrx_word' id='word_1_216' title='bbox 765 4320 846 4384; x_wconf 87' lang='lat' dir='ltr'><strong>nihil</strong></span> <span class='ocrx_word' id='word_1_217' title='bbox 859 4321 921 4385; x_wconf 90' lang='lat' dir='ltr'><strong>tale</strong></span> <span class='ocrx_word' id='word_1_218' title='bbox 937 4326 984 4385; x_wconf 93' lang='grc' dir='ltr'><strong>εει</strong></span> <span class='ocrx_word' id='word_1_219' title='bbox 996 4339 1123 4385; x_wconf 84' lang='grc' dir='ltr'><strong>ειιιιιιιιε</strong></span> 
     </span>
     <span class='ocr_line' id='line_1_38' title="bbox 357 4426 1123 4511; baseline 0.004 -21"><span class='ocrx_word' id='word_1_220' title='bbox 357 4426 510 4509; x_wconf 82' lang='lat' dir='ltr'><strong>simplex,</strong></span> <span class='ocrx_word' id='word_1_221' title='bbox 525 4427 602 4510; x_wconf 84' lang='lat' dir='ltr'><strong>quia</strong></span> <span class='ocrx_word' id='word_1_222' title='bbox 614 4445 710 4492; x_wconf 91' lang='lat' dir='ltr'><strong>omne</strong></span> <span class='ocrx_word' id='word_1_223' title='bbox 722 4427 994 4511; x_wconf 85' lang='lat' dir='ltr'><strong>simplicissimum</strong></span> <span class='ocrx_word' id='word_1_224' title='bbox 1007 4435 1056 4493; x_wconf 86' lang='lat' dir='ltr'><strong>est</strong></span> <span class='ocrx_word' id='word_1_225' title='bbox 1066 4432 1123 4494; x_wconf 86' lang='lat' dir='ltr'><strong>ab·</strong></span> 
     </span>
     <span class='ocr_line' id='line_1_39' title="bbox 356 4535 683 4615; baseline -0.003 -15"><span class='ocrx_word' id='word_1_226' title='bbox 356 4535 606 4615; x_wconf 88' lang='lat' dir='ltr'><strong>solutissimum,</strong></span> <span class='ocrx_word' id='word_1_227' title='bbox 622 4540 683 4600; x_wconf 90' lang='lat' dir='ltr'><strong>etc.</strong></span> 
     </span>
    </p>
   </div>
   <div class='ocr_carea' id='block_1_6' title="bbox 614 4780 866 4860">
    <p class='ocr_par' dir='ltr' id='par_1_9' title="bbox 614 4780 866 4860">
     <span class='ocr_line' id='line_1_40' title="bbox 614 4780 866 4860; baseline -0.004 -14"><span class='ocrx_word' id='word_1_228' title='bbox 614 4780 792 4860; x_wconf 83' lang='lat' dir='ltr'>QUAESTIO</span> <span class='ocrx_word' id='word_1_229' title='bbox 812 4781 866 4846; x_wconf 82' lang='grc' dir='ltr'><strong>ΙΙΙ.</strong></span> 
     </span>
    </p>
   </div>
   <div class='ocr_carea' id='block_1_7' title="bbox 356 4946 1124 5106">
    <p class='ocr_par' dir='ltr' id='par_1_10' title="bbox 356 4946 1124 5106">
     <span class='ocr_line' id='line_1_41' title="bbox 356 4946 1124 5010; baseline -0.003 -7"><span class='ocrx_word' id='word_1_230' title='bbox 356 4947 404 5003; x_wconf 79' lang='lat' dir='ltr'><strong>Ao</strong></span> <span class='ocrx_word' id='word_1_231' title='bbox 421 4948 517 5002; x_wconf 79' lang='lat' dir='ltr'><strong>ocima</strong></span> <span class='ocrx_word' id='word_1_232' title='bbox 528 4946 677 5004; x_wconf 67' lang='lat' dir='ltr'><strong>rotioodis</strong></span> <span class='ocrx_word' id='word_1_233' title='bbox 692 4947 730 5002; x_wconf 83' lang='lat' dir='ltr'><strong>sit</strong></span> <span class='ocrx_word' id='word_1_234' title='bbox 748 4947 807 5001; x_wconf 82' lang='lat' dir='ltr'><strong>toto</strong></span> <span class='ocrx_word' id='word_1_235' title='bbox 827 4948 859 5000; x_wconf 83' lang='lat' dir='ltr'><strong>io</strong></span> <span class='ocrx_word' id='word_1_236' title='bbox 876 4948 951 5010; x_wconf 82' lang='lat' dir='ltr'><strong>toto,</strong></span> <span class='ocrx_word' id='word_1_237' title='bbox 972 4947 999 5002; x_wconf 81' lang='lat' dir='ltr'><strong>ct</strong></span> <span class='ocrx_word' id='word_1_238' title='bbox 1018 4947 1124 5001; x_wconf 82' lang='lat' dir='ltr'><strong>totuin</strong></span> 
     </span>
     <span class='ocr_line' id='line_1_42' title="bbox 530 5034 912 5106; baseline -0.003 -15"><span class='ocrx_word' id='word_1_239' title='bbox 530 5061 533 5065; x_wconf 46' lang='lat'><em>⁴</em></span> <span class='ocrx_word' id='word_1_240' title='bbox 563 5036 682 5106; x_wconf 59' lang='lat' dir='ltr'><strong>quotide</strong></span> <span class='ocrx_word' id='word_1_241' title='bbox 695 5038 778 5106; x_wconf 81' lang='lat' dir='ltr'><strong>parte</strong></span> <span class='ocrx_word' id='word_1_242' title='bbox 793 5037 876 5091; x_wconf 68' lang='lat' dir='ltr'><strong>totino</strong></span> <span class='ocrx_word' id='word_1_243' title='bbox 890 5034 912 5090; x_wconf 87' lang='lat'><strong>⁴.</strong></span> 
     </span>
    </p>
   </div>
   <div class='ocr_carea' id='block_1_8' title="bbox 238 5194 1127 5389">
    <p class='ocr_par' dir='ltr' id='par_1_11' title="bbox 238 5194 1127 5389">
     <span class='ocr_line' id='line_1_43' title="bbox 238 5194 1127 5264; baseline -0.002 0"><span class='ocrx_word' id='word_1_244' title='bbox 238 5216 324 5264; x_wconf 62' lang='lat' dir='ltr'><strong>rura</strong></span> <span class='ocrx_word' id='word_1_245' title='bbox 396 5196 510 5262; x_wconf 85' lang='lat' dir='ltr'><strong>Utrum</strong></span> <span class='ocrx_word' id='word_1_246' title='bbox 532 5197 640 5261; x_wconf 90' lang='lat' dir='ltr'><strong>anima</strong></span> <span class='ocrx_word' id='word_1_247' title='bbox 661 5196 824 5262; x_wconf 89' lang='lat' dir='ltr'><strong>rationalis</strong></span> <span class='ocrx_word' id='word_1_248' title='bbox 847 5194 888 5259; x_wconf 92' lang='lat' dir='ltr'><strong>sit</strong></span> <span class='ocrx_word' id='word_1_249' title='bbox 906 5195 941 5258; x_wconf 91' lang='lat' dir='ltr'><strong>in</strong></span> <span class='ocrx_word' id='word_1_250' title='bbox 964 5198 1032 5261; x_wconf 87' lang='lat' dir='ltr'><strong>toto</strong></span> <span class='ocrx_word' id='word_1_251' title='bbox 1055 5214 1127 5262; x_wconf 87' lang='lat' dir='ltr'><strong>cor·</strong></span> 
     </span>
     <span class='ocr_line' id='line_1_44' title="bbox 238 5285 1120 5389; baseline 0.002 -20"><span class='ocrx_word' id='word_1_252' title='bbox 238 5285 316 5326; x_wconf 64' lang='lat'><strong>”¹¹¹²</strong></span> <span class='ocrx_word' id='word_1_253' title='bbox 356 5322 451 5387; x_wconf 89' lang='lat' dir='ltr'><strong>pore,</strong></span> <span class='ocrx_word' id='word_1_254' title='bbox 474 5306 519 5370; x_wconf 89' lang='lat' dir='ltr'><strong>ita</strong></span> <span class='ocrx_word' id='word_1_255' title='bbox 539 5305 626 5387; x_wconf 83' lang='lat' dir='ltr'><strong>quod</strong></span> <span class='ocrx_word' id='word_1_256' title='bbox 646 5306 681 5369; x_wconf 91' lang='lat' dir='ltr'><strong>in</strong></span> <span class='ocrx_word' id='word_1_257' title='bbox 703 5305 846 5389; x_wconf 85' lang='lat' dir='ltr'><strong>qualibet</strong></span> <span class='ocrx_word' id='word_1_258' title='bbox 864 5308 971 5388; x_wconf 87' lang='lat' dir='ltr'><strong>porto;</strong></span> <span class='ocrx_word' id='word_1_259' title='bbox 987 5307 1019 5369; x_wconf 92' lang='lat' dir='ltr'><strong>et</strong></span> <span class='ocrx_word' id='word_1_260' title='bbox 1037 5305 1120 5387; x_wconf 85' lang='lat' dir='ltr'><strong>quod</strong></span> 
     </span>
    </p>
   </div>
   <div class='ocr_carea' id='block_1_9' title="bbox 388 5429 1122 5498">
    <p class='ocr_par' dir='ltr' id='par_1_12' title="bbox 388 5429 1122 5498">
     <span class='ocr_line' id='line_1_45' title="bbox 388 5429 1122 5498; baseline 0.005 -18"><span class='ocrx_word' id='word_1_261' title='bbox 388 5429 660 5496; x_wconf 61' lang='lat' dir='ltr'><strong>mellentensis,</strong></span> <span class='ocrx_word' id='word_1_262' title='bbox 674 5445 701 5496; x_wconf 87' lang='lat' dir='ltr'><strong>p.</strong></span> <span class='ocrx_word' id='word_1_263' title='bbox 715 5433 754 5498; x_wconf 87' lang='lat' dir='ltr'><strong>ll,</strong></span> <span class='ocrx_word' id='word_1_264' title='bbox 768 5445 794 5496; x_wconf 87' lang='lat' dir='ltr'><strong>q.</strong></span> <span class='ocrx_word' id='word_1_265' title='bbox 805 5441 868 5483; x_wconf 79' lang='lat' dir='ltr'><strong>nxrv</strong></span> <span class='ocrx_word' id='word_1_266' title='bbox 873 5446 882 5495; x_wconf 84' lang='lat'>3</span> <span class='ocrx_word' id='word_1_267' title='bbox 898 5432 925 5484; x_wconf 89' lang='lat' dir='ltr'><strong>S.</strong></span> <span class='ocrx_word' id='word_1_268' title='bbox 939 5430 1040 5496; x_wconf 80' lang='lat' dir='ltr'><strong>lnam,</strong></span> <span class='ocrx_word' id='word_1_269' title='bbox 1054 5446 1081 5495; x_wconf 90' lang='lat' dir='ltr'><strong>p.</strong></span> <span class='ocrx_word' id='word_1_270' title='bbox 1095 5436 1103 5484; x_wconf 96' lang='lat' dir='ltr'><strong>l</strong></span> <span class='ocrx_word' id='word_1_271' title='bbox 1112 5470 1122 5498; x_wconf 91' lang='lat'><strong>,</strong></span> 
     </span>
    </p>
   </div>
   <div class='ocr_carea' id='block_1_10' title="bbox 936 410 1388 480">
    <p class='ocr_par' dir='ltr' id='par_1_13' title="bbox 936 410 1388 480">
     <span class='ocr_line' id='line_1_46' title="bbox 936 410 1388 480; baseline 0 0"><span class='ocrx_word' id='word_1_272' title='bbox 936 410 1246 480; x_wconf 79' lang='lat' dir='ltr'><strong>SENTENTIARUM</strong></span> <span class='ocrx_word' id='word_1_273' title='bbox 1267 414 1340 480; x_wconf 88' lang='lat' dir='ltr'><strong>LlB.</strong></span> <span class='ocrx_word' id='word_1_274' title='bbox 1362 416 1388 480; x_wconf 91' lang='lat' dir='ltr'><strong>l.</strong></span> 
     </span>
    </p>
   </div>
   <div class='ocr_carea' id='block_1_11' title="bbox 1180 549 1946 4736">
    <p class='ocr_par' dir='ltr' id='par_1_14' title="bbox 1187 549 1944 1065">
     <span class='ocr_line' id='line_1_47' title="bbox 1188 549 1944 636; baseline 0.015 -24"><span class='ocrx_word' id='word_1_275' title='bbox 1188 549 1250 626; x_wconf 89' lang='lat' dir='ltr'><strong>sie,</strong></span> <span class='ocrx_word' id='word_1_276' title='bbox 1265 551 1404 614; x_wconf 86' lang='lat' dir='ltr'><strong>videtur.</strong></span> <span class='ocrx_word' id='word_1_277' title='bbox 1427 551 1627 633; x_wconf 80' lang='lat' dir='ltr'><strong>Augustinus</strong></span> <span class='ocrx_word' id='word_1_278' title='bbox 1641 555 1652 589; x_wconf 81' lang='lat'><strong>¹</strong></span> <span class='ocrx_word' id='word_1_279' title='bbox 1665 552 1742 618; x_wconf 89' lang='lat' dir='ltr'><strong>dicit</strong></span> <span class='ocrx_word' id='word_1_280' title='bbox 1760 554 1866 636; x_wconf 82' lang='lat' dir='ltr'><strong>qnod,</strong></span> <span class='ocrx_word' id='word_1_281' title='bbox 1878 557 1944 622; x_wconf 77' lang='lat' dir='ltr'><strong>s&#39;sul</strong></span> 
     </span>
     <span class='ocr_line' id='line_1_48' title="bbox 1188 655 1944 740; baseline 0.011 -21"><span class='ocrx_word' id='word_1_282' title='bbox 1188 655 1272 721; x_wconf 87' lang='lat' dir='ltr'><strong>Deus</strong></span> <span class='ocrx_word' id='word_1_283' title='bbox 1284 661 1332 720; x_wconf 78' lang='lat' dir='ltr'><strong>est</strong></span> <span class='ocrx_word' id='word_1_284' title='bbox 1343 657 1378 721; x_wconf 91' lang='lat' dir='ltr'><strong>in</strong></span> <span class='ocrx_word' id='word_1_285' title='bbox 1394 660 1507 740; x_wconf 87' lang='lat' dir='ltr'><strong>majori</strong></span> <span class='ocrx_word' id='word_1_286' title='bbox 1520 661 1653 736; x_wconf 91' lang='lat' dir='ltr'><strong>mundo,</strong></span> <span class='ocrx_word' id='word_1_287' title='bbox 1667 660 1715 724; x_wconf 92' lang='lat' dir='ltr'><strong>sic</strong></span> <span class='ocrx_word' id='word_1_288' title='bbox 1727 661 1843 725; x_wconf 88' lang='lat' dir='ltr'><strong>anima</strong></span> <span class='ocrx_word' id='word_1_289' title='bbox 1856 662 1887 726; x_wconf 92' lang='lat' dir='ltr'><strong>iu</strong></span> <span class='ocrx_word' id='word_1_290' title='bbox 1896 667 1944 728; x_wconf 90' lang='lat' dir='ltr'><strong>ni·</strong></span> 
     </span>
     <span class='ocr_line' id='line_1_49' title="bbox 1188 746 1944 853; baseline 0.012 -27"><span class='ocrx_word' id='word_1_291' title='bbox 1188 763 1259 828; x_wconf 92' lang='lat' dir='ltr'><strong>nori</strong></span> <span class='ocrx_word' id='word_1_292' title='bbox 1271 786 1278 828; x_wconf 93' lang='lat'>:</span> <span class='ocrx_word' id='word_1_293' title='bbox 1290 764 1344 828; x_wconf 89' lang='lat' dir='ltr'><strong>sed</strong></span> <span class='ocrx_word' id='word_1_294' title='bbox 1356 763 1439 828; x_wconf 85' lang='lat' dir='ltr'><strong>Deus</strong></span> <span class='ocrx_word' id='word_1_295' title='bbox 1448 765 1592 831; x_wconf 87' lang='lat' dir='ltr'><strong>sicestin</strong></span> <span class='ocrx_word' id='word_1_296' title='bbox 1605 746 1865 850; x_wconf 72' lang='lat' dir='ltr'><strong>majorimundo,</strong></span> <span class='ocrx_word' id='word_1_297' title='bbox 1874 774 1944 853; x_wconf 87' lang='lat' dir='ltr'><strong>quod</strong></span> 
     </span>
     <span class='ocr_line' id='line_1_50' title="bbox 1187 869 1943 956; baseline 0.015 -24"><span class='ocrx_word' id='word_1_298' title='bbox 1187 869 1222 933; x_wconf 90' lang='lat' dir='ltr'><strong>iu</strong></span> <span class='ocrx_word' id='word_1_299' title='bbox 1236 871 1376 952; x_wconf 88' lang='lat' dir='ltr'><strong>qualibet</strong></span> <span class='ocrx_word' id='word_1_300' title='bbox 1394 878 1482 955; x_wconf 89' lang='lat' dir='ltr'><strong>parte</strong></span> <span class='ocrx_word' id='word_1_301' title='bbox 1499 878 1608 938; x_wconf 87' lang='lat' dir='ltr'><strong>totus:</strong></span> <span class='ocrx_word' id='word_1_302' title='bbox 1625 878 1833 956; x_wconf 80' lang='lat' dir='ltr'><strong>ergoanima</strong></span> <span class='ocrx_word' id='word_1_303' title='bbox 1852 878 1892 941; x_wconf 87' lang='lat' dir='ltr'><strong>sic</strong></span> <span class='ocrx_word' id='word_1_304' title='bbox 1906 885 1943 943; x_wconf 61' lang='lat' dir='ltr'><strong>m</strong></span> 
     </span>
     <span class='ocr_line' id='line_1_51' title="bbox 1187 978 1698 1065; baseline 0.014 -25"><span class='ocrx_word' id='word_1_305' title='bbox 1187 978 1222 1040; x_wconf 93' lang='lat' dir='ltr'><strong>in</strong></span> <span class='ocrx_word' id='word_1_306' title='bbox 1236 979 1365 1055; x_wconf 85' lang='lat' dir='ltr'><strong>minori,</strong></span> <span class='ocrx_word' id='word_1_307' title='bbox 1377 980 1495 1044; x_wconf 88' lang='lat' dir='ltr'><strong>scilicet</strong></span> <span class='ocrx_word' id='word_1_308' title='bbox 1506 981 1540 1043; x_wconf 92' lang='lat' dir='ltr'><strong>in</strong></span> <span class='ocrx_word' id='word_1_309' title='bbox 1554 999 1698 1065; x_wconf 88' lang='lat' dir='ltr'><strong>corpore.</strong></span> 
     </span>
    </p>

    <p class='ocr_par' dir='ltr' id='par_1_15' title="bbox 1185 1083 1943 1708">
     <span class='ocr_line' id='line_1_52' title="bbox 1227 1083 1943 1175; baseline 0.015 -27"><span class='ocrx_word' id='word_1_310' title='bbox 1227 1083 1324 1162; x_wconf 85' lang='lat' dir='ltr'><strong>ltem,</strong></span> <span class='ocrx_word' id='word_1_311' title='bbox 1340 1087 1427 1170; x_wconf 90' lang='lat' dir='ltr'><strong>quod</strong></span> <span class='ocrx_word' id='word_1_312' title='bbox 1440 1088 1494 1152; x_wconf 86' lang='lat' dir='ltr'><strong>dat</strong></span> <span class='ocrx_word' id='word_1_313' title='bbox 1506 1107 1573 1153; x_wconf 84' lang='lat' dir='ltr'><strong>esse</strong></span> <span class='ocrx_word' id='word_1_314' title='bbox 1589 1091 1648 1154; x_wconf 88' lang='lat' dir='ltr'><strong>toti</strong></span> <span class='ocrx_word' id='word_1_315' title='bbox 1660 1095 1693 1156; x_wconf 88' lang='lat' dir='ltr'><strong>et</strong></span> <span class='ocrx_word' id='word_1_316' title='bbox 1709 1093 1856 1175; x_wconf 86' lang='lat' dir='ltr'><strong>partibus</strong></span> <span class='ocrx_word' id='word_1_317' title='bbox 1866 1142 1875 1169; x_wconf 87' lang='lat'><strong>,</strong></span> <span class='ocrx_word' id='word_1_318' title='bbox 1885 1096 1943 1158; x_wconf 75' lang='lat' dir='ltr'><strong>uui</strong></span> 
     </span>
     <span class='ocr_line' id='line_1_53' title="bbox 1186 1195 1939 1278; baseline 0.013 -22"><span class='ocrx_word' id='word_1_319' title='bbox 1186 1196 1241 1256; x_wconf 93' lang='lat' dir='ltr'><strong>tur</strong></span> <span class='ocrx_word' id='word_1_320' title='bbox 1265 1195 1322 1258; x_wconf 86' lang='lat' dir='ltr'><strong>toti</strong></span> <span class='ocrx_word' id='word_1_321' title='bbox 1344 1197 1376 1258; x_wconf 90' lang='lat' dir='ltr'><strong>et</strong></span> <span class='ocrx_word' id='word_1_322' title='bbox 1397 1195 1539 1278; x_wconf 85' lang='lat' dir='ltr'><strong>partibus</strong></span> <span class='ocrx_word' id='word_1_323' title='bbox 1562 1198 1740 1263; x_wconf 87' lang='lat' dir='ltr'><strong>secuudum</strong></span> <span class='ocrx_word' id='word_1_324' title='bbox 1764 1202 1939 1276; x_wconf 59' lang='lat' dir='ltr'><strong>essentim</strong></span> 
     </span>
     <span class='ocr_line' id='line_1_54' title="bbox 1187 1301 1941 1385; baseline 0.013 -21"><span class='ocrx_word' id='word_1_325' title='bbox 1187 1301 1263 1382; x_wconf 86' lang='lat' dir='ltr'><strong>quia</strong></span> <span class='ocrx_word' id='word_1_326' title='bbox 1283 1301 1385 1367; x_wconf 88' lang='lat' dir='ltr'><strong>lorma</strong></span> <span class='ocrx_word' id='word_1_327' title='bbox 1407 1321 1463 1385; x_wconf 92' lang='lat' dir='ltr'><strong>per</strong></span> <span class='ocrx_word' id='word_1_328' title='bbox 1482 1304 1534 1367; x_wconf 91' lang='lat' dir='ltr'><strong>sui</strong></span> <span class='ocrx_word' id='word_1_329' title='bbox 1552 1306 1722 1370; x_wconf 79' lang='lat' dir='ltr'><strong>essentiam</strong></span> <span class='ocrx_word' id='word_1_330' title='bbox 1738 1308 1794 1372; x_wconf 89' lang='lat' dir='ltr'><strong>dat</strong></span> <span class='ocrx_word' id='word_1_331' title='bbox 1814 1328 1898 1384; x_wconf 79' lang='lat' dir='ltr'><strong>esse,</strong></span> <span class='ocrx_word' id='word_1_332' title='bbox 1916 1316 1941 1372; x_wconf 71' lang='lat' dir='ltr'><strong>rt</strong></span> 
     </span>
     <span class='ocr_line' id='line_1_55' title="bbox 1187 1410 1940 1481; baseline 0.012 -9"><span class='ocrx_word' id='word_1_333' title='bbox 1187 1410 1248 1473; x_wconf 93' lang='lat' dir='ltr'><strong>hoc</strong></span> <span class='ocrx_word' id='word_1_334' title='bbox 1261 1410 1388 1474; x_wconf 91' lang='lat' dir='ltr'><strong>nonnisi</strong></span> <span class='ocrx_word' id='word_1_335' title='bbox 1404 1412 1434 1475; x_wconf 84' lang='lat' dir='ltr'><strong>ei</strong></span> <span class='ocrx_word' id='word_1_336' title='bbox 1451 1412 1502 1476; x_wconf 88' lang='lat' dir='ltr'><strong>oui</strong></span> <span class='ocrx_word' id='word_1_337' title='bbox 1521 1414 1729 1479; x_wconf 84' lang='lat' dir='ltr'><strong>essentialiter</strong></span> <span class='ocrx_word' id='word_1_338' title='bbox 1743 1416 1858 1480; x_wconf 88' lang='lat' dir='ltr'><strong>unitur</strong></span> <span class='ocrx_word' id='word_1_339' title='bbox 1874 1436 1882 1480; x_wconf 94' lang='lat'><strong>:</strong></span> <span class='ocrx_word' id='word_1_340' title='bbox 1896 1417 1940 1481; x_wconf 88' lang='lat' dir='ltr'><strong>sed</strong></span> 
     </span>
     <span class='ocr_line' id='line_1_56' title="bbox 1186 1517 1940 1607; baseline 0.015 -29"><span class='ocrx_word' id='word_1_341' title='bbox 1186 1517 1293 1580; x_wconf 85' lang='lat' dir='ltr'><strong>anima</strong></span> <span class='ocrx_word' id='word_1_342' title='bbox 1307 1517 1360 1582; x_wconf 86' lang='lat' dir='ltr'><strong>dat</strong></span> <span class='ocrx_word' id='word_1_343' title='bbox 1371 1537 1439 1583; x_wconf 88' lang='lat' dir='ltr'><strong>esse</strong></span> <span class='ocrx_word' id='word_1_344' title='bbox 1450 1521 1508 1584; x_wconf 90' lang='lat' dir='ltr'><strong>toti</strong></span> <span class='ocrx_word' id='word_1_345' title='bbox 1522 1521 1658 1604; x_wconf 84' lang='lat' dir='ltr'><strong>corpori,</strong></span> <span class='ocrx_word' id='word_1_346' title='bbox 1673 1528 1706 1588; x_wconf 93' lang='lat' dir='ltr'><strong>et</strong></span> <span class='ocrx_word' id='word_1_347' title='bbox 1719 1524 1871 1589; x_wconf 88' lang='lat' dir='ltr'><strong>omnibus</strong></span> <span class='ocrx_word' id='word_1_348' title='bbox 1882 1543 1940 1607; x_wconf 85' lang='lat' dir='ltr'><strong>par·</strong></span> 
     </span>
     <span class='ocr_line' id='line_1_57' title="bbox 1185 1623 1508 1708; baseline 0.012 -22"><span class='ocrx_word' id='word_1_349' title='bbox 1185 1623 1295 1687; x_wconf 82' lang='lat' dir='ltr'><strong>tibus³</strong></span> <span class='ocrx_word' id='word_1_350' title='bbox 1312 1647 1319 1688; x_wconf 76' lang='grc' dir='ltr'>ε</span> <span class='ocrx_word' id='word_1_351' title='bbox 1336 1644 1431 1708; x_wconf 78' lang='lat' dir='ltr'><strong>ergo,</strong></span> <span class='ocrx_word' id='word_1_352' title='bbox 1446 1632 1508 1690; x_wconf 85' lang='lat' dir='ltr'><strong>etc.</strong></span> 
     </span>
    </p>

    <p class='ocr_par' dir='ltr' id='par_1_16' title="bbox 1184 1730 1946 2676">
     <span class='ocr_line' id='line_1_58' title="bbox 1226 1730 1941 1815; baseline 0.008 -20"><span class='ocrx_word' id='word_1_353' title='bbox 1226 1730 1316 1810; x_wconf 87' lang='lat' dir='ltr'><strong>ltem,</strong></span> <span class='ocrx_word' id='word_1_354' title='bbox 1331 1733 1367 1796; x_wconf 91' lang='lat' dir='ltr'><strong>iu</strong></span> <span class='ocrx_word' id='word_1_355' title='bbox 1379 1734 1471 1797; x_wconf 89' lang='lat' dir='ltr'><strong>oculo</strong></span> <span class='ocrx_word' id='word_1_356' title='bbox 1489 1738 1537 1798; x_wconf 88' lang='lat' dir='ltr'><strong>est</strong></span> <span class='ocrx_word' id='word_1_357' title='bbox 1555 1736 1678 1815; x_wconf 87' lang='lat' dir='ltr'><strong>videre,</strong></span> <span class='ocrx_word' id='word_1_358' title='bbox 1700 1737 1834 1815; x_wconf 90' lang='lat' dir='ltr'><strong>sentire,</strong></span> <span class='ocrx_word' id='word_1_359' title='bbox 1852 1742 1882 1801; x_wconf 89' lang='lat' dir='ltr'><strong>et</strong></span> <span class='ocrx_word' id='word_1_360' title='bbox 1898 1740 1941 1800; x_wconf 81' lang='lat' dir='ltr'><strong>ri·</strong></span> 
     </span>
     <span class='ocr_line' id='line_1_59' title="bbox 1186 1844 1943 1923; baseline 0.008 -20"><span class='ocrx_word' id='word_1_361' title='bbox 1186 1857 1278 1918; x_wconf 88' lang='lat' dir='ltr'><strong>vere;</strong></span> <span class='ocrx_word' id='word_1_362' title='bbox 1305 1858 1416 1923; x_wconf 81' lang='lat' dir='ltr'><strong>quaero</strong></span> <span class='ocrx_word' id='word_1_363' title='bbox 1443 1860 1521 1922; x_wconf 82' lang='lat' dir='ltr'><strong>ergo</strong></span> <span class='ocrx_word' id='word_1_364' title='bbox 1546 1846 1657 1907; x_wconf 89' lang='lat' dir='ltr'><strong>utrum</strong></span> <span class='ocrx_word' id='word_1_365' title='bbox 1681 1844 1746 1906; x_wconf 89' lang='lat' dir='ltr'><strong>sint</strong></span> <span class='ocrx_word' id='word_1_366' title='bbox 1771 1845 1844 1908; x_wconf 79' lang='lat' dir='ltr'><strong>baec</strong></span> <span class='ocrx_word' id='word_1_367' title='bbox 1867 1864 1943 1909; x_wconf 89' lang='lat' dir='ltr'><strong>onus</strong></span> 
     </span>
     <span class='ocr_line' id='line_1_60' title="bbox 1185 1949 1946 2029; baseline 0.008 -20"><span class='ocrx_word' id='word_1_368' title='bbox 1185 1953 1290 2027; x_wconf 89' lang='lat' dir='ltr'><strong>actus,</strong></span> <span class='ocrx_word' id='word_1_369' title='bbox 1306 1949 1358 2011; x_wconf 87' lang='lat' dir='ltr'><strong>vel</strong></span> <span class='ocrx_word' id='word_1_370' title='bbox 1375 1949 1554 2014; x_wconf 83' lang='lat' dir='ltr'><strong>differentes</strong></span> <span class='ocrx_word' id='word_1_371' title='bbox 1569 1968 1577 2012; x_wconf 90' lang='lat'><strong>:</strong></span> <span class='ocrx_word' id='word_1_372' title='bbox 1592 1968 1659 2014; x_wconf 91' lang='lat' dir='ltr'><strong>non</strong></span> <span class='ocrx_word' id='word_1_373' title='bbox 1676 1969 1779 2029; x_wconf 90' lang='lat' dir='ltr'><strong>unus,</strong></span> <span class='ocrx_word' id='word_1_374' title='bbox 1805 1954 1864 2016; x_wconf 89' lang='lat' dir='ltr'><strong>boc</strong></span> <span class='ocrx_word' id='word_1_375' title='bbox 1882 1971 1946 2017; x_wconf 88' lang='lat' dir='ltr'><strong>oon·</strong></span> 
     </span>
     <span class='ocr_line' id='line_1_61' title="bbox 1185 2055 1942 2141; baseline 0.007 -24"><span class='ocrx_word' id='word_1_376' title='bbox 1185 2059 1257 2134; x_wconf 89' lang='lat' dir='ltr'><strong>stat,</strong></span> <span class='ocrx_word' id='word_1_377' title='bbox 1271 2055 1348 2137; x_wconf 88' lang='lat' dir='ltr'><strong>quia</strong></span> <span class='ocrx_word' id='word_1_378' title='bbox 1359 2056 1483 2138; x_wconf 89' lang='lat' dir='ltr'><strong>privato</strong></span> <span class='ocrx_word' id='word_1_379' title='bbox 1499 2056 1579 2136; x_wconf 89' lang='lat' dir='ltr'><strong>visu,</strong></span> <span class='ocrx_word' id='word_1_380' title='bbox 1594 2056 1700 2121; x_wconf 88' lang='lat' dir='ltr'><strong>adbuc</strong></span> <span class='ocrx_word' id='word_1_381' title='bbox 1713 2059 1810 2121; x_wconf 89' lang='lat' dir='ltr'><strong>sentit</strong></span> <span class='ocrx_word' id='word_1_382' title='bbox 1820 2078 1876 2141; x_wconf 86' lang='lat' dir='ltr'><strong>per</strong></span> <span class='ocrx_word' id='word_1_383' title='bbox 1887 2064 1942 2123; x_wconf 80' lang='lat' dir='ltr'><strong>tao</strong></span> 
     </span>
     <span class='ocr_line' id='line_1_62' title="bbox 1184 2164 1941 2245; baseline 0.008 -21"><span class='ocrx_word' id='word_1_384' title='bbox 1184 2165 1273 2241; x_wconf 77' lang='lat' dir='ltr'><strong>tum,</strong></span> <span class='ocrx_word' id='word_1_385' title='bbox 1290 2164 1413 2245; x_wconf 87' lang='lat' dir='ltr'><strong>privato</strong></span> <span class='ocrx_word' id='word_1_386' title='bbox 1438 2182 1552 2243; x_wconf 89' lang='lat' dir='ltr'><strong>sensu,</strong></span> <span class='ocrx_word' id='word_1_387' title='bbox 1571 2165 1677 2230; x_wconf 89' lang='lat' dir='ltr'><strong>adhuc</strong></span> <span class='ocrx_word' id='word_1_388' title='bbox 1693 2166 1794 2244; x_wconf 85' lang='lat' dir='ltr'><strong>vivit,</strong></span> <span class='ocrx_word' id='word_1_389' title='bbox 1814 2168 1893 2231; x_wconf 87' lang='lat' dir='ltr'><strong>sicut</strong></span> <span class='ocrx_word' id='word_1_390' title='bbox 1913 2169 1941 2230; x_wconf 88' lang='lat' dir='ltr'><strong>in</strong></span> 
     </span>
     <span class='ocr_line' id='line_1_63' title="bbox 1185 2270 1943 2353; baseline 0.007 -19"><span class='ocrx_word' id='word_1_391' title='bbox 1185 2270 1357 2353; x_wconf 85' lang='lat' dir='ltr'><strong>paralytico</strong></span> <span class='ocrx_word' id='word_1_392' title='bbox 1369 2293 1376 2333; x_wconf 94' lang='lat'>:</span> <span class='ocrx_word' id='word_1_393' title='bbox 1386 2289 1460 2335; x_wconf 91' lang='lat' dir='ltr'><strong>eum</strong></span> <span class='ocrx_word' id='word_1_394' title='bbox 1472 2290 1550 2353; x_wconf 79' lang='lat' dir='ltr'><strong>ergo</strong></span> <span class='ocrx_word' id='word_1_395' title='bbox 1559 2273 1667 2337; x_wconf 90' lang='lat' dir='ltr'><strong>vivere</strong></span> <span class='ocrx_word' id='word_1_396' title='bbox 1678 2272 1720 2336; x_wconf 86' lang='lat' dir='ltr'><strong>sit</strong></span> <span class='ocrx_word' id='word_1_397' title='bbox 1730 2292 1750 2336; x_wconf 91' lang='lat' dir='ltr'><strong>a</strong></span> <span class='ocrx_word' id='word_1_398' title='bbox 1761 2274 1943 2353; x_wconf 65' lang='lat' dir='ltr'><strong>substantia</strong></span> 
     </span>
     <span class='ocr_line' id='line_1_64' title="bbox 1185 2379 1946 2463; baseline 0.005 -21"><span class='ocrx_word' id='word_1_399' title='bbox 1185 2379 1323 2443; x_wconf 80' lang='lat' dir='ltr'><strong>videres</strong></span> <span class='ocrx_word' id='word_1_400' title='bbox 1337 2380 1487 2463; x_wconf 84' lang='lat' dir='ltr'><strong>potentia,</strong></span> <span class='ocrx_word' id='word_1_401' title='bbox 1502 2381 1536 2443; x_wconf 89' lang='lat' dir='ltr'><strong>in</strong></span> <span class='ocrx_word' id='word_1_402' title='bbox 1551 2381 1644 2445; x_wconf 88' lang='lat' dir='ltr'><strong>oculo</strong></span> <span class='ocrx_word' id='word_1_403' title='bbox 1657 2385 1705 2445; x_wconf 90' lang='lat' dir='ltr'><strong>est</strong></span> <span class='ocrx_word' id='word_1_404' title='bbox 1717 2382 1828 2446; x_wconf 87' lang='lat' dir='ltr'><strong>anima</strong></span> <span class='ocrx_word' id='word_1_405' title='bbox 1840 2400 1946 2446; x_wconf 86' lang='lat' dir='ltr'><strong>secun·</strong></span> 
     </span>
     <span class='ocr_line' id='line_1_65' title="bbox 1184 2485 1944 2572; baseline 0.005 -23"><span class='ocrx_word' id='word_1_406' title='bbox 1184 2485 1263 2549; x_wconf 93' lang='lat' dir='ltr'><strong>dum</strong></span> <span class='ocrx_word' id='word_1_407' title='bbox 1277 2488 1485 2551; x_wconf 90' lang='lat' dir='ltr'><strong>substantiam</strong></span> <span class='ocrx_word' id='word_1_408' title='bbox 1495 2507 1503 2566; x_wconf 85' lang='lat'>3</span> <span class='ocrx_word' id='word_1_409' title='bbox 1515 2488 1626 2551; x_wconf 89' lang='lat' dir='ltr'><strong>eadem</strong></span> <span class='ocrx_word' id='word_1_410' title='bbox 1637 2488 1761 2552; x_wconf 87' lang='lat' dir='ltr'><strong>ratione</strong></span> <span class='ocrx_word' id='word_1_411' title='bbox 1773 2494 1876 2571; x_wconf 73' lang='lat' dir='ltr'><strong>potest</strong></span> <span class='ocrx_word' id='word_1_412' title='bbox 1884 2508 1944 2572; x_wconf 88' lang='lat' dir='ltr'><strong>pro</strong></span> 
     </span>
     <span class='ocr_line' id='line_1_66' title="bbox 1184 2593 1779 2676; baseline 0.003 -20"><span class='ocrx_word' id='word_1_413' title='bbox 1184 2593 1254 2657; x_wconf 89' lang='lat' dir='ltr'><strong>bari</strong></span> <span class='ocrx_word' id='word_1_414' title='bbox 1271 2598 1303 2657; x_wconf 91' lang='lat' dir='ltr'><strong>et</strong></span> <span class='ocrx_word' id='word_1_415' title='bbox 1315 2595 1351 2658; x_wconf 90' lang='lat' dir='ltr'><strong>in</strong></span> <span class='ocrx_word' id='word_1_416' title='bbox 1371 2594 1523 2658; x_wconf 92' lang='lat' dir='ltr'><strong>omnibus</strong></span> <span class='ocrx_word' id='word_1_417' title='bbox 1541 2595 1684 2676; x_wconf 90' lang='lat' dir='ltr'><strong>partibus</strong></span> <span class='ocrx_word' id='word_1_418' title='bbox 1699 2614 1779 2659; x_wconf 79' lang='lat' dir='ltr'><strong>esse.</strong></span> 
     </span>
    </p>

    <p class='ocr_par' dir='ltr' id='par_1_17' title="bbox 1182 2701 1942 3325">
     <span class='ocr_line' id='line_1_67' title="bbox 1224 2701 1939 2786; baseline -0.003 -21"><span class='ocrx_word' id='word_1_419' title='bbox 1224 2701 1320 2781; x_wconf 86' lang='lat' dir='ltr'><strong>Item,</strong></span> <span class='ocrx_word' id='word_1_420' title='bbox 1346 2704 1455 2766; x_wconf 87' lang='lat' dir='ltr'><strong>anima</strong></span> <span class='ocrx_word' id='word_1_421' title='bbox 1478 2707 1628 2785; x_wconf 85' lang='lat' dir='ltr'><strong>operatur</strong></span> <span class='ocrx_word' id='word_1_422' title='bbox 1645 2703 1681 2766; x_wconf 91' lang='lat' dir='ltr'><strong>in</strong></span> <span class='ocrx_word' id='word_1_423' title='bbox 1703 2708 1770 2767; x_wconf 88' lang='lat' dir='ltr'><strong>toto</strong></span> <span class='ocrx_word' id='word_1_424' title='bbox 1792 2722 1939 2786; x_wconf 87' lang='lat' dir='ltr'><strong>corpore:</strong></span> 
     </span>
     <span class='ocr_line' id='line_1_68' title="bbox 1184 2811 1942 2893; baseline 0 -19"><span class='ocrx_word' id='word_1_425' title='bbox 1184 2828 1263 2891; x_wconf 81' lang='lat' dir='ltr'><strong>ergo</strong></span> <span class='ocrx_word' id='word_1_426' title='bbox 1276 2815 1324 2874; x_wconf 90' lang='lat' dir='ltr'><strong>est</strong></span> <span class='ocrx_word' id='word_1_427' title='bbox 1335 2829 1392 2893; x_wconf 89' lang='lat' dir='ltr'><strong>per</strong></span> <span class='ocrx_word' id='word_1_428' title='bbox 1403 2812 1578 2893; x_wconf 88' lang='lat' dir='ltr'><strong>potentiam</strong></span> <span class='ocrx_word' id='word_1_429' title='bbox 1592 2833 1600 2875; x_wconf 76' lang='grc' dir='ltr'><strong>ε</strong></span> <span class='ocrx_word' id='word_1_430' title='bbox 1613 2811 1669 2875; x_wconf 90' lang='lat' dir='ltr'><strong>sed</strong></span> <span class='ocrx_word' id='word_1_431' title='bbox 1679 2812 1822 2893; x_wconf 84' lang='lat' dir='ltr'><strong>potentis</strong></span> <span class='ocrx_word' id='word_1_432' title='bbox 1833 2812 1942 2875; x_wconf 77' lang='lat' dir='ltr'><strong>anius</strong></span> 
     </span>
     <span class='ocr_line' id='line_1_69' title="bbox 1184 2919 1941 3002; baseline 0.001 -21"><span class='ocrx_word' id='word_1_433' title='bbox 1184 2919 1321 3001; x_wconf 83' lang='lat' dir='ltr'><strong>simplex</strong></span> <span class='ocrx_word' id='word_1_434' title='bbox 1340 2923 1386 2983; x_wconf 86' lang='grc' dir='ltr'><strong>εει</strong></span> <span class='ocrx_word' id='word_1_435' title='bbox 1408 2942 1415 2983; x_wconf 91' lang='lat'>:</span> <span class='ocrx_word' id='word_1_436' title='bbox 1438 2937 1535 3000; x_wconf 82' lang='lat' dir='ltr'><strong>ergo,</strong></span> <span class='ocrx_word' id='word_1_437' title='bbox 1556 2920 1583 2983; x_wconf 92' lang='lat' dir='ltr'><strong>si</strong></span> <span class='ocrx_word' id='word_1_438' title='bbox 1600 2920 1743 3002; x_wconf 84' lang='lat' dir='ltr'><strong>potentia</strong></span> <span class='ocrx_word' id='word_1_439' title='bbox 1762 2938 1831 2984; x_wconf 85' lang='lat' dir='ltr'><strong>una</strong></span> <span class='ocrx_word' id='word_1_440' title='bbox 1849 2924 1895 2983; x_wconf 82' lang='lat' dir='ltr'><strong>est</strong></span> <span class='ocrx_word' id='word_1_441' title='bbox 1910 2921 1941 2982; x_wconf 89' lang='lat' dir='ltr'><strong>in</strong></span> 
     </span>
     <span class='ocr_line' id='line_1_70' title="bbox 1183 3025 1942 3109; baseline -0.001 -20"><span class='ocrx_word' id='word_1_442' title='bbox 1183 3044 1284 3091; x_wconf 87' lang='lat' dir='ltr'><strong>manu</strong></span> <span class='ocrx_word' id='word_1_443' title='bbox 1293 3031 1324 3091; x_wconf 90' lang='lat' dir='ltr'><strong>et</strong></span> <span class='ocrx_word' id='word_1_444' title='bbox 1336 3026 1425 3109; x_wconf 90' lang='lat' dir='ltr'><strong>pede,</strong></span> <span class='ocrx_word' id='word_1_445' title='bbox 1436 3027 1521 3090; x_wconf 88' lang='lat' dir='ltr'><strong>idem</strong></span> <span class='ocrx_word' id='word_1_446' title='bbox 1533 3031 1580 3091; x_wconf 83' lang='lat' dir='ltr'><strong>est</strong></span> <span class='ocrx_word' id='word_1_447' title='bbox 1590 3026 1625 3089; x_wconf 90' lang='lat' dir='ltr'><strong>in</strong></span> <span class='ocrx_word' id='word_1_448' title='bbox 1635 3025 1770 3091; x_wconf 81' lang='lat' dir='ltr'><strong>diversis</strong></span> <span class='ocrx_word' id='word_1_449' title='bbox 1782 3028 1922 3109; x_wconf 86' lang='lat' dir='ltr'><strong>partibus</strong></span> <span class='ocrx_word' id='word_1_450' title='bbox 1935 3050 1942 3088; x_wconf 93' lang='lat'><strong>:</strong></span> 
     </span>
     <span class='ocr_line' id='line_1_71' title="bbox 1183 3135 1942 3219; baseline -0.001 -18"><span class='ocrx_word' id='word_1_451' title='bbox 1183 3135 1238 3201; x_wconf 91' lang='lat' dir='ltr'><strong>sed</strong></span> <span class='ocrx_word' id='word_1_452' title='bbox 1254 3155 1321 3201; x_wconf 92' lang='lat' dir='ltr'><strong>non</strong></span> <span class='ocrx_word' id='word_1_453' title='bbox 1341 3140 1388 3200; x_wconf 90' lang='lat' dir='ltr'><strong>est</strong></span> <span class='ocrx_word' id='word_1_454' title='bbox 1405 3135 1579 3219; x_wconf 88' lang='lat' dir='ltr'><strong>simplicior</strong></span> <span class='ocrx_word' id='word_1_455' title='bbox 1597 3135 1741 3219; x_wconf 84' lang='lat' dir='ltr'><strong>potentia</strong></span> <span class='ocrx_word' id='word_1_456' title='bbox 1757 3154 1859 3218; x_wconf 85' lang='lat' dir='ltr'><strong>quam</strong></span> <span class='ocrx_word' id='word_1_457' title='bbox 1870 3135 1942 3200; x_wconf 87' lang='lat' dir='ltr'><strong>sub-</strong></span> 
     </span>
     <span class='ocr_line' id='line_1_72' title="bbox 1182 3244 1512 3325; baseline -0.003 -17"><span class='ocrx_word' id='word_1_458' title='bbox 1182 3244 1298 3308; x_wconf 87' lang='lat' dir='ltr'><strong>stantia</strong></span> <span class='ocrx_word' id='word_1_459' title='bbox 1312 3266 1320 3307; x_wconf 90' lang='lat'>:</span> <span class='ocrx_word' id='word_1_460' title='bbox 1335 3261 1432 3325; x_wconf 81' lang='lat' dir='ltr'><strong>ergo,</strong></span> <span class='ocrx_word' id='word_1_461' title='bbox 1452 3247 1512 3308; x_wconf 84' lang='lat' dir='ltr'><strong>etc.</strong></span> 
     </span>
    </p>

    <p class='ocr_par' dir='ltr' id='par_1_18' title="bbox 1180 3350 1940 4736">
     <span class='ocr_line' id='line_1_73' title="bbox 1222 3350 1939 3433; baseline -0.003 -17"><span class='ocrx_word' id='word_1_462' title='bbox 1222 3351 1316 3432; x_wconf 85' lang='lat' dir='ltr'><strong>llem,</strong></span> <span class='ocrx_word' id='word_1_463' title='bbox 1331 3353 1440 3416; x_wconf 83' lang='lat' dir='ltr'><strong>anima</strong></span> <span class='ocrx_word' id='word_1_464' title='bbox 1452 3356 1500 3416; x_wconf 91' lang='lat' dir='ltr'><strong>est</strong></span> <span class='ocrx_word' id='word_1_465' title='bbox 1510 3351 1545 3414; x_wconf 92' lang='lat' dir='ltr'><strong>in</strong></span> <span class='ocrx_word' id='word_1_466' title='bbox 1558 3366 1709 3432; x_wconf 89' lang='lat' dir='ltr'><strong>corpore,</strong></span> <span class='ocrx_word' id='word_1_467' title='bbox 1727 3354 1786 3414; x_wconf 89' lang='lat' dir='ltr'><strong>ant</strong></span> <span class='ocrx_word' id='word_1_468' title='bbox 1797 3351 1831 3413; x_wconf 91' lang='lat' dir='ltr'><strong>in</strong></span> <span class='ocrx_word' id='word_1_469' title='bbox 1843 3350 1939 3433; x_wconf 77' lang='lat' dir='ltr'><strong>quali-</strong></span> 
     </span>
     <span class='ocr_line' id='line_1_74' title="bbox 1181 3457 1940 3542; baseline -0.004 -20"><span class='ocrx_word' id='word_1_470' title='bbox 1181 3459 1235 3524; x_wconf 89' lang='lat' dir='ltr'><strong>bet</strong></span> <span class='ocrx_word' id='word_1_471' title='bbox 1252 3463 1360 3542; x_wconf 91' lang='lat' dir='ltr'><strong>parte,</strong></span> <span class='ocrx_word' id='word_1_472' title='bbox 1380 3463 1436 3523; x_wconf 85' lang='lat' dir='ltr'><strong>aut</strong></span> <span class='ocrx_word' id='word_1_473' title='bbox 1450 3459 1485 3521; x_wconf 88' lang='lat' dir='ltr'><strong>iu</strong></span> <span class='ocrx_word' id='word_1_474' title='bbox 1505 3476 1570 3522; x_wconf 89' lang='lat' dir='ltr'><strong>una</strong></span> <span class='ocrx_word' id='word_1_475' title='bbox 1587 3457 1818 3535; x_wconf 86' lang='lat' dir='ltr'><strong>determinate,</strong></span> <span class='ocrx_word' id='word_1_476' title='bbox 1835 3463 1892 3522; x_wconf 84' lang='lat' dir='ltr'><strong>aut</strong></span> <span class='ocrx_word' id='word_1_477' title='bbox 1911 3457 1940 3519; x_wconf 90' lang='lat' dir='ltr'><strong>in</strong></span> 
     </span>
     <span class='ocr_line' id='line_1_75' title="bbox 1181 3564 1940 3649; baseline -0.008 -17"><span class='ocrx_word' id='word_1_478' title='bbox 1181 3573 1311 3649; x_wconf 84' lang='lat' dir='ltr'><strong>puncto.</strong></span> <span class='ocrx_word' id='word_1_479' title='bbox 1331 3567 1365 3631; x_wconf 92' lang='lat' dir='ltr'><strong>Si</strong></span> <span class='ocrx_word' id='word_1_480' title='bbox 1382 3568 1416 3630; x_wconf 94' lang='lat' dir='ltr'><strong>in</strong></span> <span class='ocrx_word' id='word_1_481' title='bbox 1431 3566 1573 3649; x_wconf 86' lang='lat' dir='ltr'><strong>qualibet</strong></span> <span class='ocrx_word' id='word_1_482' title='bbox 1586 3568 1692 3648; x_wconf 88' lang='lat' dir='ltr'><strong>parte,</strong></span> <span class='ocrx_word' id='word_1_483' title='bbox 1716 3564 1819 3628; x_wconf 89' lang='lat' dir='ltr'><strong>habeo</strong></span> <span class='ocrx_word' id='word_1_484' title='bbox 1836 3583 1940 3647; x_wconf 86' lang='lat' dir='ltr'><strong>propo</strong></span> 
     </span>
     <span class='ocr_line' id='line_1_76' title="bbox 1181 3671 1938 3755; baseline 0 -18"><span class='ocrx_word' id='word_1_485' title='bbox 1181 3675 1289 3738; x_wconf 89' lang='lat' dir='ltr'><strong>situm.</strong></span> <span class='ocrx_word' id='word_1_486' title='bbox 1306 3673 1338 3737; x_wconf 90' lang='lat' dir='ltr'><strong>Si</strong></span> <span class='ocrx_word' id='word_1_487' title='bbox 1350 3675 1384 3736; x_wconf 93' lang='lat' dir='ltr'><strong>in</strong></span> <span class='ocrx_word' id='word_1_488' title='bbox 1396 3692 1478 3751; x_wconf 89' lang='lat' dir='ltr'><strong>una;</strong></span> <span class='ocrx_word' id='word_1_489' title='bbox 1490 3691 1566 3737; x_wconf 88' lang='lat' dir='ltr'><strong>curn</strong></span> <span class='ocrx_word' id='word_1_490' title='bbox 1578 3671 1869 3755; x_wconf 82' lang='lat' dir='ltr'><strong>illababeatplures</strong></span> <span class='ocrx_word' id='word_1_491' title='bbox 1877 3690 1938 3754; x_wconf 76' lang='lat' dir='ltr'><strong>pnr-</strong></span> 
     </span>
     <span class='ocr_line' id='line_1_77' title="bbox 1182 3778 1939 3862; baseline -0.007 -17"><span class='ocrx_word' id='word_1_492' title='bbox 1182 3787 1242 3861; x_wconf 89' lang='lat' dir='ltr'><strong>tes,</strong></span> <span class='ocrx_word' id='word_1_493' title='bbox 1257 3786 1290 3845; x_wconf 91' lang='lat' dir='ltr'><strong>et</strong></span> <span class='ocrx_word' id='word_1_494' title='bbox 1306 3782 1414 3846; x_wconf 90' lang='lat' dir='ltr'><strong>anima</strong></span> <span class='ocrx_word' id='word_1_495' title='bbox 1430 3781 1471 3844; x_wconf 85' lang='lat' dir='ltr'><strong>sit</strong></span> <span class='ocrx_word' id='word_1_496' title='bbox 1496 3780 1651 3862; x_wconf 84' lang='lat' dir='ltr'><strong>simplex,</strong></span> <span class='ocrx_word' id='word_1_497' title='bbox 1669 3780 1732 3843; x_wconf 84' lang='lat' dir='ltr'><strong>erit</strong></span> <span class='ocrx_word' id='word_1_498' title='bbox 1748 3779 1784 3842; x_wconf 93' lang='lat' dir='ltr'><strong>in</strong></span> <span class='ocrx_word' id='word_1_499' title='bbox 1807 3778 1939 3862; x_wconf 86' lang='lat' dir='ltr'><strong>pluribus</strong></span> 
     </span>
     <span class='ocr_line' id='line_1_78' title="bbox 1181 3870 1936 3973; baseline -0.009 -19"><span class='ocrx_word' id='word_1_500' title='bbox 1181 3890 1324 3973; x_wconf 86' lang='lat' dir='ltr'><strong>partibus</strong></span> <span class='ocrx_word' id='word_1_501' title='bbox 1334 3910 1343 3953; x_wconf 87' lang='lat'>:</span> <span class='ocrx_word' id='word_1_502' title='bbox 1354 3908 1433 3971; x_wconf 80' lang='lat' dir='ltr'><strong>ergo</strong></span> <span class='ocrx_word' id='word_1_503' title='bbox 1443 3870 1802 3952; x_wconf 85' lang='lat' dir='ltr'><strong>nonestiuoonveniens</strong></span> <span class='ocrx_word' id='word_1_504' title='bbox 1810 3887 1936 3950; x_wconf 74' lang='lat' dir='ltr'><strong>animam</strong></span> 
     </span>
     <span class='ocr_line' id='line_1_79' title="bbox 1181 3994 1940 4080; baseline -0.008 -18"><span class='ocrx_word' id='word_1_505' title='bbox 1181 4017 1248 4062; x_wconf 90' lang='lat' dir='ltr'><strong>esse</strong></span> <span class='ocrx_word' id='word_1_506' title='bbox 1259 3998 1293 4061; x_wconf 90' lang='lat' dir='ltr'><strong>in</strong></span> <span class='ocrx_word' id='word_1_507' title='bbox 1307 3997 1451 4080; x_wconf 90' lang='lat' dir='ltr'><strong>pluribus</strong></span> <span class='ocrx_word' id='word_1_508' title='bbox 1460 3997 1615 4080; x_wconf 86' lang='lat' dir='ltr'><strong>partibus.</strong></span> <span class='ocrx_word' id='word_1_509' title='bbox 1625 3994 1687 4060; x_wconf 92' lang='lat' dir='ltr'><strong>Sed</strong></span> <span class='ocrx_word' id='word_1_510' title='bbox 1697 3996 1890 4078; x_wconf 77' lang='lat' dir='ltr'><strong>oneratione</strong></span> <span class='ocrx_word' id='word_1_511' title='bbox 1899 3997 1940 4056; x_wconf 79' lang='lat' dir='ltr'><strong>at</strong></span> 
     </span>
     <span class='ocr_line' id='line_1_80' title="bbox 1181 4103 1936 4189; baseline -0.005 -20"><span class='ocrx_word' id='word_1_512' title='bbox 1181 4107 1216 4169; x_wconf 92' lang='lat' dir='ltr'><strong>in</strong></span> <span class='ocrx_word' id='word_1_513' title='bbox 1230 4107 1374 4189; x_wconf 87' lang='lat' dir='ltr'><strong>partibus</strong></span> <span class='ocrx_word' id='word_1_514' title='bbox 1386 4105 1495 4188; x_wconf 87' lang='lat' dir='ltr'><strong>partis,</strong></span> <span class='ocrx_word' id='word_1_515' title='bbox 1506 4105 1618 4169; x_wconf 89' lang='lat' dir='ltr'><strong>eadem</strong></span> <span class='ocrx_word' id='word_1_516' title='bbox 1631 4103 1757 4167; x_wconf 87' lang='lat' dir='ltr'><strong>ratione</strong></span> <span class='ocrx_word' id='word_1_517' title='bbox 1769 4108 1817 4166; x_wconf 88' lang='lat' dir='ltr'><strong>est</strong></span> <span class='ocrx_word' id='word_1_518' title='bbox 1829 4103 1863 4165; x_wconf 90' lang='lat' dir='ltr'><strong>in</strong></span> <span class='ocrx_word' id='word_1_519' title='bbox 1873 4117 1936 4184; x_wconf 79' lang='lat' dir='ltr'><strong>par</strong></span> 
     </span>
     <span class='ocr_line' id='line_1_81' title="bbox 1180 4214 1933 4299; baseline -0.008 -16"><span class='ocrx_word' id='word_1_520' title='bbox 1180 4219 1265 4283; x_wconf 91' lang='lat' dir='ltr'><strong>tibus</strong></span> <span class='ocrx_word' id='word_1_521' title='bbox 1277 4219 1384 4282; x_wconf 88' lang='lat' dir='ltr'><strong>totius.</strong></span> <span class='ocrx_word' id='word_1_522' title='bbox 1398 4216 1431 4282; x_wconf 91' lang='lat' dir='ltr'><strong>Si</strong></span> <span class='ocrx_word' id='word_1_523' title='bbox 1445 4216 1537 4280; x_wconf 91' lang='lat' dir='ltr'><strong>estin</strong></span> <span class='ocrx_word' id='word_1_524' title='bbox 1551 4219 1671 4299; x_wconf 88' lang='lat' dir='ltr'><strong>puncto</strong></span> <span class='ocrx_word' id='word_1_525' title='bbox 1683 4214 1838 4297; x_wconf 89' lang='lat' dir='ltr'><strong>eorporis;</strong></span> <span class='ocrx_word' id='word_1_526' title='bbox 1853 4231 1933 4292; x_wconf 77' lang='lat' dir='ltr'><strong>ergo,</strong></span> 
     </span>
     <span class='ocr_line' id='line_1_82' title="bbox 1182 4317 1932 4409; baseline -0.009 -19"><span class='ocrx_word' id='word_1_527' title='bbox 1182 4330 1410 4409; x_wconf 88' lang='lat' dir='ltr'><strong>cumpunctus</strong></span> <span class='ocrx_word' id='word_1_528' title='bbox 1430 4341 1497 4387; x_wconf 92' lang='lat' dir='ltr'><strong>non</strong></span> <span class='ocrx_word' id='word_1_529' title='bbox 1517 4321 1633 4386; x_wconf 89' lang='lat' dir='ltr'><strong>habeat</strong></span> <span class='ocrx_word' id='word_1_530' title='bbox 1650 4322 1886 4404; x_wconf 87' lang='lat' dir='ltr'><strong>proportionem</strong></span> <span class='ocrx_word' id='word_1_531' title='bbox 1897 4317 1932 4381; x_wconf 82' lang='lat' dir='ltr'><strong>ad</strong></span> 
     </span>
     <span class='ocr_line' id='line_1_83' title="bbox 1181 4425 1938 4515; baseline -0.011 -17"><span class='ocrx_word' id='word_1_532' title='bbox 1181 4437 1283 4499; x_wconf 87' lang='lat' dir='ltr'><strong>lotum</strong></span> <span class='ocrx_word' id='word_1_533' title='bbox 1296 4450 1422 4515; x_wconf 88' lang='lat' dir='ltr'><strong>corpus,</strong></span> <span class='ocrx_word' id='word_1_534' title='bbox 1437 4432 1545 4494; x_wconf 87' lang='lat' dir='ltr'><strong>anima</strong></span> <span class='ocrx_word' id='word_1_535' title='bbox 1557 4433 1604 4493; x_wconf 81' lang='lat' dir='ltr'><strong>est</strong></span> <span class='ocrx_word' id='word_1_536' title='bbox 1619 4425 1938 4512; x_wconf 80' lang='lat' dir='ltr'><strong>improportiourbilis</strong></span> 
     </span>
     <span class='ocr_line' id='line_1_84' title="bbox 1180 4537 1933 4628; baseline -0.004 -17"><span class='ocrx_word' id='word_1_537' title='bbox 1180 4547 1237 4611; x_wconf 86' lang='lat' dir='ltr'><strong>toti</strong></span> <span class='ocrx_word' id='word_1_538' title='bbox 1249 4547 1373 4628; x_wconf 85' lang='lat' dir='ltr'><strong>corpori</strong></span> <span class='ocrx_word' id='word_1_539' title='bbox 1389 4567 1397 4608; x_wconf 91' lang='lat'><strong>:</strong></span> <span class='ocrx_word' id='word_1_540' title='bbox 1413 4561 1492 4625; x_wconf 82' lang='lat' dir='ltr'><strong>ergo</strong></span> <span class='ocrx_word' id='word_1_541' title='bbox 1503 4560 1569 4607; x_wconf 90' lang='lat' dir='ltr'><strong>non</strong></span> <span class='ocrx_word' id='word_1_542' title='bbox 1582 4545 1686 4624; x_wconf 89' lang='lat' dir='ltr'><strong>potest</strong></span> <span class='ocrx_word' id='word_1_543' title='bbox 1698 4559 1768 4605; x_wconf 89' lang='lat' dir='ltr'><strong>esse</strong></span> <span class='ocrx_word' id='word_1_544' title='bbox 1781 4537 1933 4624; x_wconf 63' lang='lat' dir='ltr'><strong>perieulis),</strong></span> 
     </span>
     <span class='ocr_line' id='line_1_85' title="bbox 1181 4645 1933 4736; baseline -0.009 -18"><span class='ocrx_word' id='word_1_545' title='bbox 1181 4672 1255 4718; x_wconf 94' lang='lat' dir='ltr'><strong>cum</strong></span> <span class='ocrx_word' id='word_1_546' title='bbox 1264 4653 1425 4736; x_wconf 88' lang='lat' dir='ltr'><strong>proportio</strong></span> <span class='ocrx_word' id='word_1_547' title='bbox 1433 4651 1475 4715; x_wconf 91' lang='lat' dir='ltr'><strong>sit</strong></span> <span class='ocrx_word' id='word_1_548' title='bbox 1483 4645 1933 4734; x_wconf 78' lang='lat' dir='ltr'><strong>perfectionisadpersoetibde</strong></span> 
     </span>
    </p>
   </div>
   <div class='ocr_carea' id='block_1_12' title="bbox 1180 4763 1935 5411">
    <p class='ocr_par' dir='ltr' id='par_1_19' title="bbox 1180 4763 1935 5411">
     <span class='ocr_line' id='line_1_86' title="bbox 1181 4763 1935 4837; baseline -0.019 -14"><span class='ocrx_word' id='word_1_549' title='bbox 1181 4781 1313 4837; x_wconf 60' lang='lat' dir='ltr'><strong>carru,</strong></span> <span class='ocrx_word' id='word_1_550' title='bbox 1328 4772 1416 4833; x_wconf 72' lang='lat' dir='ltr'><strong>arto,</strong></span> <span class='ocrx_word' id='word_1_551' title='bbox 1435 4770 1481 4818; x_wconf 85' lang='lat' dir='ltr'><strong>etl</strong></span> <span class='ocrx_word' id='word_1_552' title='bbox 1498 4765 1725 4828; x_wconf 74' lang='lat' dir='ltr'><strong>Sent.‚distv1u‚</strong></span> <span class='ocrx_word' id='word_1_553' title='bbox 1740 4763 1935 4830; x_wconf 70' lang='lat' dir='ltr'><strong>q.1,acr;s</strong></span> 
     </span>
     <span class='ocr_line' id='line_1_87' title="bbox 1180 4836 1935 4904; baseline -0.005 -12"><span class='ocrx_word' id='word_1_554' title='bbox 1180 4842 1211 4892; x_wconf 86' lang='lat' dir='ltr'><strong>de</strong></span> <span class='ocrx_word' id='word_1_555' title='bbox 1222 4843 1329 4904; x_wconf 79' lang='lat' dir='ltr'><strong>Animo,</strong></span> <span class='ocrx_word' id='word_1_556' title='bbox 1350 4843 1397 4892; x_wconf 86' lang='lat' dir='ltr'><strong>art.</strong></span> <span class='ocrx_word' id='word_1_557' title='bbox 1414 4845 1458 4904; x_wconf 81' lang='lat'><strong>103</strong></span> <span class='ocrx_word' id='word_1_558' title='bbox 1477 4838 1562 4904; x_wconf 77' lang='lat' dir='ltr'><strong>AEgid.</strong></span> <span class='ocrx_word' id='word_1_559' title='bbox 1578 4840 1664 4902; x_wconf 63' lang='lat' dir='ltr'><strong>Rom,</strong></span> <span class='ocrx_word' id='word_1_560' title='bbox 1687 4839 1696 4888; x_wconf 96' lang='lat' dir='ltr'><strong>l</strong></span> <span class='ocrx_word' id='word_1_561' title='bbox 1711 4838 1791 4899; x_wconf 74' lang='lat' dir='ltr'><strong>sent,</strong></span> <span class='ocrx_word' id='word_1_562' title='bbox 1812 4836 1869 4885; x_wconf 77' lang='lat' dir='ltr'><strong>dist.</strong></span> <span class='ocrx_word' id='word_1_563' title='bbox 1878 4840 1921 4881; x_wconf 68' lang='lat' dir='ltr'><strong>vm</strong></span> <span class='ocrx_word' id='word_1_564' title='bbox 1929 4866 1935 4888; x_wconf 67' lang='grc' dir='ltr'><strong>ι</strong></span> 
     </span>
     <span class='ocr_line' id='line_1_88' title="bbox 1180 4909 1933 4979; baseline -0.007 -14"><span class='ocrx_word' id='word_1_565' title='bbox 1180 4928 1208 4979; x_wconf 87' lang='lat' dir='ltr'><strong>p.</strong></span> <span class='ocrx_word' id='word_1_566' title='bbox 1221 4915 1259 4978; x_wconf 91' lang='lat' dir='ltr'><strong>ll,</strong></span> <span class='ocrx_word' id='word_1_567' title='bbox 1274 4928 1299 4979; x_wconf 86' lang='lat' dir='ltr'><strong>q.</strong></span> <span class='ocrx_word' id='word_1_568' title='bbox 1310 4925 1339 4963; x_wconf 89' lang='lat' dir='ltr'><strong>ur</strong></span> <span class='ocrx_word' id='word_1_569' title='bbox 1347 4928 1355 4977; x_wconf 81' lang='lat'>3</span> <span class='ocrx_word' id='word_1_570' title='bbox 1370 4912 1499 4976; x_wconf 78' lang='lat' dir='ltr'><strong>Richard,</strong></span> <span class='ocrx_word' id='word_1_571' title='bbox 1514 4912 1524 4961; x_wconf 94' lang='lat' dir='ltr'><strong>l</strong></span> <span class='ocrx_word' id='word_1_572' title='bbox 1539 4912 1618 4972; x_wconf 77' lang='lat' dir='ltr'><strong>Sent,</strong></span> <span class='ocrx_word' id='word_1_573' title='bbox 1633 4910 1693 4960; x_wconf 84' lang='lat' dir='ltr'><strong>dist.</strong></span> <span class='ocrx_word' id='word_1_574' title='bbox 1703 4921 1768 4973; x_wconf 78' lang='lat' dir='ltr'><strong>sui,</strong></span> <span class='ocrx_word' id='word_1_575' title='bbox 1781 4912 1829 4958; x_wconf 83' lang='lat' dir='ltr'><strong>ert.</strong></span> <span class='ocrx_word' id='word_1_576' title='bbox 1840 4909 1862 4969; x_wconf 81' lang='lat' dir='ltr'><strong>l,</strong></span> <span class='ocrx_word' id='word_1_577' title='bbox 1877 4918 1900 4968; x_wconf 82' lang='lat' dir='ltr'><strong>q.</strong></span> <span class='ocrx_word' id='word_1_578' title='bbox 1911 4912 1933 4959; x_wconf 79' lang='lat'><strong>13</strong></span> 
     </span>
     <span class='ocr_line' id='line_1_89' title="bbox 1180 4975 1933 5055; baseline -0.016 -18"><span class='ocrx_word' id='word_1_579' title='bbox 1180 4985 1306 5050; x_wconf 66' lang='lat' dir='ltr'><strong>Duram,</strong></span> <span class='ocrx_word' id='word_1_580' title='bbox 1316 4986 1326 5034; x_wconf 95' lang='lat' dir='ltr'><strong>l</strong></span> <span class='ocrx_word' id='word_1_581' title='bbox 1336 4986 1415 5048; x_wconf 76' lang='lat' dir='ltr'><strong>Seni,</strong></span> <span class='ocrx_word' id='word_1_582' title='bbox 1424 4984 1483 5034; x_wconf 87' lang='lat' dir='ltr'><strong>dist.</strong></span> <span class='ocrx_word' id='word_1_583' title='bbox 1491 4994 1549 5046; x_wconf 82' lang='lat' dir='ltr'><strong>viu,</strong></span> <span class='ocrx_word' id='word_1_584' title='bbox 1558 4996 1585 5046; x_wconf 85' lang='lat' dir='ltr'><strong>q.</strong></span> <span class='ocrx_word' id='word_1_585' title='bbox 1597 4992 1642 5043; x_wconf 89' lang='grc' dir='ltr'><strong>ιιι;</strong></span> <span class='ocrx_word' id='word_1_586' title='bbox 1658 4982 1752 5033; x_wconf 83' lang='grc' dir='ltr'><strong>Τιιοιιι.</strong></span> <span class='ocrx_word' id='word_1_587' title='bbox 1763 4982 1832 5044; x_wconf 74' lang='lat' dir='ltr'><strong>Arg,</strong></span> <span class='ocrx_word' id='word_1_588' title='bbox 1844 4978 1851 5027; x_wconf 97' lang='lat' dir='ltr'><strong>l</strong></span> <span class='ocrx_word' id='word_1_589' title='bbox 1863 4975 1933 5055; x_wconf 66' lang='lat' dir='ltr'><strong>sent.</strong></span> 
     </span>
     <span class='ocr_line' id='line_1_90' title="bbox 1181 5050 1931 5123; baseline -0.012 -14"><span class='ocrx_word' id='word_1_590' title='bbox 1181 5060 1308 5123; x_wconf 78' lang='lat' dir='ltr'><strong>distrui,</strong></span> <span class='ocrx_word' id='word_1_591' title='bbox 1321 5070 1347 5121; x_wconf 90' lang='lat' dir='ltr'><strong>q.</strong></span> <span class='ocrx_word' id='word_1_592' title='bbox 1359 5069 1379 5107; x_wconf 93' lang='lat' dir='ltr'><strong>u</strong></span> <span class='ocrx_word' id='word_1_593' title='bbox 1386 5093 1395 5122; x_wconf 88' lang='lat'><strong>,</strong></span> <span class='ocrx_word' id='word_1_594' title='bbox 1408 5058 1495 5119; x_wconf 72' lang='lat' dir='ltr'><strong>ut33</strong></span> <span class='ocrx_word' id='word_1_595' title='bbox 1511 5053 1634 5119; x_wconf 72' lang='lat' dir='ltr'><strong>alphons.</strong></span> <span class='ocrx_word' id='word_1_596' title='bbox 1645 5051 1738 5117; x_wconf 68' lang='lat' dir='ltr'><strong>Tolet,</strong></span> <span class='ocrx_word' id='word_1_597' title='bbox 1754 5053 1785 5102; x_wconf 85' lang='lat' dir='ltr'><strong>lll</strong></span> <span class='ocrx_word' id='word_1_598' title='bbox 1799 5051 1829 5100; x_wconf 75' lang='lat' dir='ltr'><strong>dc</strong></span> <span class='ocrx_word' id='word_1_599' title='bbox 1840 5050 1931 5100; x_wconf 65' lang='lat' dir='ltr'><strong>lm</strong></span> 
     </span>
     <span class='ocr_line' id='line_1_91' title="bbox 1181 5122 1933 5197; baseline -0.016 -14"><span class='ocrx_word' id='word_1_600' title='bbox 1181 5147 1207 5197; x_wconf 88' lang='lat' dir='ltr'><strong>q.</strong></span> <span class='ocrx_word' id='word_1_601' title='bbox 1220 5144 1239 5183; x_wconf 90' lang='lat'><strong>11</strong></span> <span class='ocrx_word' id='word_1_602' title='bbox 1253 5134 1339 5194; x_wconf 88' lang='lat' dir='ltr'><strong>et111;</strong></span> <span class='ocrx_word' id='word_1_603' title='bbox 1353 5134 1379 5180; x_wconf 85' lang='grc' dir='ltr'><strong>ει</strong></span> <span class='ocrx_word' id='word_1_604' title='bbox 1396 5142 1486 5178; x_wconf 91' lang='lat' dir='ltr'><strong>omues</strong></span> <span class='ocrx_word' id='word_1_605' title='bbox 1501 5125 1644 5177; x_wconf 79' lang='lat' dir='ltr'><strong>animoslici</strong></span> <span class='ocrx_word' id='word_1_606' title='bbox 1659 5127 1687 5175; x_wconf 91' lang='lat' dir='ltr'><strong>in</strong></span> <span class='ocrx_word' id='word_1_607' title='bbox 1704 5125 1748 5174; x_wconf 88' lang='lat' dir='ltr'><strong>lib.</strong></span> <span class='ocrx_word' id='word_1_608' title='bbox 1761 5123 1790 5174; x_wconf 78' lang='lat' dir='ltr'><strong>de</strong></span> <span class='ocrx_word' id='word_1_609' title='bbox 1802 5122 1897 5172; x_wconf 68' lang='grc' dir='ltr'><strong>Δηίπυ-</strong></span> <span class='ocrx_word' id='word_1_610' title='bbox 1907 5137 1933 5151; x_wconf 90' lang='lat'><strong>··</strong></span> 
     </span>
     <span class='ocr_line' id='line_1_92' title="bbox 1180 5192 1927 5267; baseline -0.012 -13"><span class='ocrx_word' id='word_1_611' title='bbox 1180 5202 1247 5255; x_wconf 79' lang='lat' dir='ltr'><strong>¹Vel</strong></span> <span class='ocrx_word' id='word_1_612' title='bbox 1257 5204 1343 5267; x_wconf 90' lang='lat' dir='ltr'><strong>potius</strong></span> <span class='ocrx_word' id='word_1_613' title='bbox 1356 5205 1456 5264; x_wconf 88' lang='lat' dir='ltr'><strong>auctor,</strong></span> <span class='ocrx_word' id='word_1_614' title='bbox 1476 5198 1590 5264; x_wconf 79' lang='lat' dir='ltr'><strong>quisqms</strong></span> <span class='ocrx_word' id='word_1_615' title='bbox 1603 5197 1646 5247; x_wconf 88' lang='lat' dir='ltr'><strong>ille</strong></span> <span class='ocrx_word' id='word_1_616' title='bbox 1661 5197 1709 5260; x_wconf 86' lang='lat' dir='ltr'><strong>sit,</strong></span> <span class='ocrx_word' id='word_1_617' title='bbox 1721 5196 1778 5246; x_wconf 83' lang='lat' dir='ltr'><strong>libri</strong></span> <span class='ocrx_word' id='word_1_618' title='bbox 1790 5193 1820 5244; x_wconf 82' lang='lat' dir='ltr'><strong>de</strong></span> <span class='ocrx_word' id='word_1_619' title='bbox 1830 5192 1927 5245; x_wconf 56' lang='lat' dir='ltr'><strong>Aah,</strong></span> 
     </span>
     <span class='ocr_line' id='line_1_93' title="bbox 1181 5259 1928 5338; baseline -0.024 -12"><span class='ocrx_word' id='word_1_620' title='bbox 1181 5290 1205 5326; x_wconf 86' lang='lat' dir='ltr'><strong>c.</strong></span> <span class='ocrx_word' id='word_1_621' title='bbox 1215 5286 1281 5325; x_wconf 80' lang='lat' dir='ltr'><strong>xviii</strong></span> <span class='ocrx_word' id='word_1_622' title='bbox 1295 5275 1375 5336; x_wconf 84' lang='lat' dir='ltr'><strong>(iuter</strong></span> <span class='ocrx_word' id='word_1_623' title='bbox 1385 5286 1464 5338; x_wconf 86' lang='lat' dir='ltr'><strong>opera</strong></span> <span class='ocrx_word' id='word_1_624' title='bbox 1477 5273 1504 5323; x_wconf 91' lang='lat' dir='ltr'><strong>S.</strong></span> <span class='ocrx_word' id='word_1_625' title='bbox 1515 5269 1658 5334; x_wconf 75' lang='lat' dir='ltr'><strong>Augustini,</strong></span> <span class='ocrx_word' id='word_1_626' title='bbox 1672 5273 1737 5319; x_wconf 88' lang='lat' dir='ltr'><strong>tom.</strong></span> <span class='ocrx_word' id='word_1_627' title='bbox 1749 5268 1797 5329; x_wconf 82' lang='lat' dir='ltr'><strong>Vl,</strong></span> <span class='ocrx_word' id='word_1_628' title='bbox 1811 5265 1856 5315; x_wconf 84' lang='lat' dir='ltr'><strong>col.</strong></span> <span class='ocrx_word' id='word_1_629' title='bbox 1867 5259 1928 5315; x_wconf 63' lang='lat' dir='ltr'><strong>llll,</strong></span> 
     </span>
     <span class='ocr_line' id='line_1_94' title="bbox 1181 5331 1928 5411; baseline -0.019 -13"><span class='ocrx_word' id='word_1_630' title='bbox 1181 5347 1242 5398; x_wconf 87' lang='lat' dir='ltr'><strong>edit.</strong></span> <span class='ocrx_word' id='word_1_631' title='bbox 1256 5347 1411 5411; x_wconf 84' lang='lat' dir='ltr'><strong>Gaume).-</strong></span> <span class='ocrx_word' id='word_1_632' title='bbox 1420 5343 1431 5379; x_wconf 88' lang='lat'><strong>¹</strong></span> <span class='ocrx_word' id='word_1_633' title='bbox 1441 5342 1527 5407; x_wconf 73' lang='lat' dir='ltr'><strong>Arist,</strong></span> <span class='ocrx_word' id='word_1_634' title='bbox 1538 5340 1568 5391; x_wconf 77' lang='lat' dir='ltr'><strong>de</strong></span> <span class='ocrx_word' id='word_1_635' title='bbox 1581 5341 1683 5403; x_wconf 78' lang='lat' dir='ltr'><strong>Animo,</strong></span> <span class='ocrx_word' id='word_1_636' title='bbox 1698 5339 1741 5390; x_wconf 90' lang='lat' dir='ltr'><strong>lib.</strong></span> <span class='ocrx_word' id='word_1_637' title='bbox 1753 5340 1771 5402; x_wconf 92' lang='lat' dir='ltr'><strong>l,</strong></span> <span class='ocrx_word' id='word_1_638' title='bbox 1781 5337 1884 5389; x_wconf 64' lang='lat' dir='ltr'><strong>contexi»</strong></span> <span class='ocrx_word' id='word_1_639' title='bbox 1893 5331 1928 5382; x_wconf 58' lang='lat' dir='ltr'>st</span> 
     </span>
    </p>
   </div>
   <div class='ocr_carea' id='block_1_13' title="bbox 1212 5419 1834 5493">
    <p class='ocr_par' dir='ltr' id='par_1_20' title="bbox 1212 5419 1834 5493">
     <span class='ocr_line' id='line_1_95' title="bbox 1212 5419 1834 5493; baseline -0.016 -15"><span class='ocrx_word' id='word_1_640' title='bbox 1212 5427 1248 5493; x_wconf 76' lang='lat' dir='ltr'><strong>(a)</strong></span> <span class='ocrx_word' id='word_1_641' title='bbox 1262 5427 1330 5479; x_wconf 70' lang='lat' dir='ltr'><strong>sart.</strong></span> <span class='ocrx_word' id='word_1_642' title='bbox 1345 5428 1403 5480; x_wconf 74' lang='lat' dir='ltr'><strong>ren.</strong></span> <span class='ocrx_word' id='word_1_643' title='bbox 1420 5427 1490 5489; x_wconf 79' lang='lat' dir='ltr'><strong>rui,</strong></span> <span class='ocrx_word' id='word_1_644' title='bbox 1502 5423 1708 5488; x_wconf 68' lang='lat' dir='ltr'><strong>umbonum,</strong></span> <span class='ocrx_word' id='word_1_645' title='bbox 1722 5419 1834 5472; x_wconf 61' lang='lat' dir='ltr'><strong>m.</strong></span> 
     </span>
    </p>
   </div>
   <div class='ocr_carea' id='block_1_14' title="bbox 0 0 2054 6297">
    <p class='ocr_par' dir='ltr' id='par_1_21' title="bbox 0 0 2054 6297">
     <span class='ocr_line' id='line_1_96' title="bbox 0 0 2054 6297; baseline 0 0"><span class='ocrx_word' id='word_1_646' title='bbox 0 0 2054 6297; x_wconf 95' lang='lat' dir='ltr'><strong> </strong></span> 
     </span>
    </p>
   </div>
  </div>
 </body>
</html>
