4100 6300
649 487 747 554 n1sr.
769 489 794 553 l.
815 488 907 553 ΛΒΤ.
929 487 954 554 Ι.
976 487 1126 568 QUAEST.
1149 491 1187 556 ll.
1671 490 1716 558 ’37

123 619 196 704 prie
217 621 376 705 pertinent
392 624 433 690 nd
452 643 548 690 usum
566 626 762 704 humanum3
784 624 838 690 vel
857 625 892 689 in
944 627 1147 694 bonocreetn
1160 629 1387 708 situtendum3
1403 629 1533 712 etquod
1546 629 1606 711 sic,
1625 629 1714 695 vide·

122 729 306 794 tecultetem
324 730 498 797 voluntatis
516 733 723 816 acceptentis,
746 733 829 798 sicut
846 737 894 797 est
945 737 1010 800 tur.
1027 735 1128 802 Omne
1141 739 1282 818 bonum,
1304 741 1360 803 eut
1375 741 1422 802 est
1438 739 1529 816 finis,
1545 740 1602 802 eut
1615 738 1655 802 ed
1672 737 1715 802 ti-

122 835 250 901 dilectio
263 838 415 921 proximi,
430 843 462 904 et
472 840 672 922 hujusmodi;
686 841 740 908 vel
751 841 786 905 in
796 841 892 905 iscul-
945 847 1046 908 nem¹
1065 846 1141 910 :sed
1155 846 1223 911 solo
1235 847 1319 911 bono
1338 847 1424 930 quod
1443 850 1491 910 est
1503 846 1544 911 ed
1555 847 1655 911 tinem
1668 850 1716 911 est

122 946 223 1008 tutem
237 945 410 1011 voluntatis
422 948 602 1028 tolerantis,
616 948 699 1014 sicut
715 953 792 1013 sunt
807 947 893 1014 mule
945 953 1122 1032 utendum,
1139 955 1218 1037 quie
1232 956 1315 1020 ratio
1328 954 1417 1019 utilis
1429 957 1477 1017 est
1493 953 1609 1018 ducere
1624 953 1661 1017 in
1671 955 1715 1017 fi-

118 1069 241 1134 poenae3
253 1052 305 1119 vel
318 1053 353 1116 in
365 1052 546 1118 fucultatem
559 1055 732 1120 voluntatis
742 1073 892 1140 respuen·
943 1076 1020 1123 nem
1035 1081 1043 1124 ε
1058 1079 1152 1144 ergo,
1166 1081 1241 1127 curn
1259 1063 1364 1127 solum
1382 1061 1505 1126 bonum
1519 1064 1661 1125 ereetum
1673 1061 1715 1154 sit

119 1160 177 1240 tis,
193 1163 226 1225 et
241 1160 287 1225 sic
298 1165 509 1227 assumuntur
523 1163 608 1229 mele
623 1165 742 1247 culpae,
757 1168 789 1230 et
803 1163 892 1228 ordi-
944 1166 985 1231 ed
997 1169 1107 1249 finem,
1121 1169 1188 1235 solo
1197 1169 1281 1234 hono
1296 1174 1401 1234 creato
1413 1173 1460 1233 est
1471 1166 1639 1233 utendum.

121 1268 255 1328 nentur.
272 1263 387 1330 Primis
399 1266 524 1333 duobus
536 1268 638 1333 modis
650 1267 841 1350 intelligitur
851 1267 891 1332 il·
986 1274 1083 1357 Item,
1100 1295 1196 1342 omne
1214 1277 1337 1343 bonum
1357 1281 1414 1341 aut
1425 1280 1473 1340 est
1485 1279 1644 1353 ereetum,
1659 1279 1717 1340 eut

116 1371 194 1437 lud:
212 1371 605 1456 consuescerem.
943 1382 1716 1468 increatumsed,sicontingitutibonoincree·

161 1485 191 1543 l.
212 1480 265 1545 Ad
276 1481 355 1547 illud
373 1501 453 1565 ergo
470 1484 556 1568 quod
570 1483 720 1567 objicitur
732 1484 771 1550 de
784 1483 891 1548 cheri·
944 1495 989 1570 to,
1004 1493 1162 1574 contingit
1175 1492 1254 1557 illud
1268 1494 1385 1558 rotome
1398 1494 1438 1558 ed
1449 1492 1555 1557 eliud:
1567 1496 1624 1557 eut
1636 1511 1716 1575 ergo

119 1591 193 1665 tete,
208 1590 297 1671 quod
308 1594 435 1657 tentum
444 1592 505 1657 trin
514 1596 703 1659 creetesunt
713 1593 889 1675 diligende;
945 1598 985 1663 ed
1004 1601 1164 1680 creatum,
1176 1604 1232 1665 aut
1245 1601 1424 1665 increatum
1439 1621 1447 1664 :
1461 1600 1594 1665 sednon
1608 1601 1648 1665 ad
1661 1601 1716 1665 in-

117 1695 308 1779 dicendum,
329 1700 416 1782 quod
432 1700 566 1782 diligere
582 1701 702 1785 edqrrid
722 1719 763 1765 ex
783 1701 891 1766 cheri-
945 1710 1105 1784 ereetum,
1120 1709 1276 1791 quianon
1296 1712 1343 1773 est
1355 1709 1416 1772 nisi
1434 1725 1539 1773 unum
1559 1727 1568 1770 ε
1584 1726 1663 1790 ergo
1675 1709 1716 1774 ed

116 1807 192 1882 tete,
209 1806 420 1873 estominere
431 1808 466 1872 in
481 1827 648 1873 summum
657 1809 792 1887 bonum,
805 1809 891 1893 quod
945 1817 1099 1879 creatum.
1113 1813 1173 1879 Sed
1183 1815 1228 1879 sic
1242 1815 1378 1879 retertur
1389 1815 1547 1879 terminus
1560 1815 1600 1879 ed
1613 1815 1714 1893 viem,

117 1929 176 1995 per
188 1930 224 1977 se
238 1913 376 1978 cherilus
387 1914 512 1997 diligit:
528 1916 590 1981 hoc
607 1920 717 1981 eutem
735 1916 893 1998 contingit
944 1925 976 1986 et
986 1923 1131 1987 ceuseed
1144 1923 1293 1988 effectum
1306 1944 1314 1988 ι
1327 1922 1451 1988 sedhoo
1462 1921 1640 2002 estebusio,
1650 1941 1717 1988 non

118 2019 306 2103 dupliciter:
317 2023 470 2088 eutenim
480 2024 637 2106 contingit
647 2025 794 2089 ordinere
805 2025 891 2108 quod
944 2048 1048 2095 usus:
1065 2048 1145 2113 ergo
1158 2030 1225 2095 solo
1238 2031 1322 2096 bono
1335 2034 1458 2110 creato,
1471 2031 1539 2094 sire
1553 2033 1714 2111 creature,

117 2132 232 2194 netum
247 2134 296 2195 est
309 2130 459 2197 devenire
470 2131 505 2195 in
523 2132 640 2213 tinem,
661 2136 692 2196 et
705 2132 750 2197 sic
762 2137 891 2198 tuntum
944 2141 992 2201 est
1004 2137 1171 2202 utendum.

117 2237 179 2302 trie
192 2240 302 2304 creste
319 2238 482 2321 diligende
501 2244 577 2305 sunt
590 2258 631 2304 ex
648 2240 816 2320 cheritme3
835 2245 892 2306 eut
985 2243 1065 2309 Item
1080 2244 1305 2327 Augustinus·
1324 2244 1438 2310 dividit
1450 2245 1623 2309 honestum
1638 2262 1716 2308 oon·

117 2345 195 2411 illud
208 2362 269 2430 per
284 2347 369 2430 quod
383 2347 532 2414 devenire
543 2352 591 2414 est
602 2348 638 2413 in
648 2367 815 2414 summum
830 2350 892 2414 bo·
944 2356 995 2417 tre
1008 2353 1088 2417 utile
1105 2375 1113 2416 ι
1129 2372 1209 2435 ergo
1221 2354 1348 2418 nullum
1363 2352 1441 2416 utile
1453 2352 1637 2429 honestum,
1653 2356 1685 2416 et
1698 2371 1717 2416 e

117 2473 217 2534 num,
236 2458 272 2520 et
283 2456 359 2538 quie
376 2456 439 2522 hoe
450 2460 550 2541 potest
568 2476 636 2522 esse
653 2475 713 2522 suo
728 2457 823 2523 modo
834 2477 891 2543 per
944 2477 1109 2525 converso.
1132 2459 1194 2525 Sed
1210 2460 1294 2525 Deus
1310 2463 1358 2525 est
1373 2459 1452 2544 quid
1468 2460 1640 2524 honestum
1659 2478 1718 2543 per

117 2583 251 2629 omnem
275 2569 475 2647 creaturum,
497 2566 604 2630 omnis
624 2569 770 2631 creature
789 2571 893 2650 potest
944 2568 1137 2633 essentiam:
1154 2568 1383 2650 ergollennon
1396 2572 1444 2632 est
1455 2567 1623 2633 utendum.

118 2671 210 2756 diligi
222 2692 268 2739 ex
280 2672 445 2753 charitate,
459 2676 491 2738 et
501 2673 592 2739 omni
606 2679 752 2740 ereetum
764 2676 891 2741 contin·
985 2675 1076 2754 ltem‚
1087 2675 1214 2741 videtur
1223 2675 1567 2759 quodnonsolumnon
1576 2675 1717 2740 situten·

118 2780 236 2864 gituti.
945 2785 1024 2850 dum
1037 2784 1112 2866 Deo,
1128 2783 1718 2863 sivebnnoincreetmsedutieosem·

156 2894 187 2955 2.
200 2890 253 2955 Ad
268 2889 346 2955 illud
359 2889 446 2974 quod
459 2888 624 2972 objicitur,
639 2890 726 2973 quod
738 2909 802 2956 non
817 2910 890 2957 om·
943 2908 1001 2973 per
1016 2890 1058 2954 sit
1074 2892 1239 2974 peccatum
1255 2888 1400 2968 mortale,
1419 2888 1495 2971 quie
1513 2888 1718 2970 Augustinus

118 2999 173 3064 nie
199 2999 369 3081 subjacent
390 2996 564 3077 voluntati3
588 2997 775 3077 dicendum,
804 3000 891 3083 quod
944 2997 1067 3062 dicit⁸z
1087 2996 1251 3062 «Summe
1268 2997 1460 3080 perversitas
1472 3000 1520 3061 est
1532 2997 1598 3062 frui
1617 3001 1717 3062 uten-

120 3107 234 3192 eliquis
259 3106 375 3173 dicitur
397 3106 527 3173 subesse
552 3105 695 3172 dominio
716 3106 891 3174 voluntatis
944 3106 1011 3185 dis,
1027 3109 1059 3173 et
1076 3106 1125 3172 uti
1139 3105 1307 3172 fruendis:
1328 3127 1345 3167 o
1360 3105 1414 3170 sed
1431 3105 1488 3190 qui
1506 3105 1609 3171 utitur
1631 3106 1716 3172 bono
1802 3113 1804 3121 '

84 3206 88 3221 ’
120 3217 312 3301 dupliciter:
327 3218 385 3280 eut
402 3219 563 3298 quantum
575 3215 617 3281 ed
628 3232 697 3280 esse
712 3215 814 3299 ipsius
825 3217 888 3298 rei,
943 3215 1096 3294 increato,
1109 3214 1213 3279 utitur
1225 3214 1311 3278 hono
1323 3213 1457 3277 truendo
1471 3235 1479 3277 :
1494 3230 1585 3295 ergo,
1599 3217 1660 3278 etc.

119 3328 150 3389 ct
159 3325 282 3389 sionon
295 3323 404 3388 omnia
413 3323 595 3405 subjacent3
610 3327 667 3388 eut
677 3327 836 3407 quantum
849 3324 890 3389 ed
984 3320 1121 3387 Contra:
1138 3327 1169 3385 t.
1184 3320 1346 3401 Contingit
1358 3319 1421 3385 Deo
1432 3325 1517 3385 recte
1530 3322 1650 3387 servire
1663 3321 1717 3386 in-
1752 3349 1788 3394 re
1798 3362 1836 3408 op.

118 3436 224 3497 edum
233 3431 421 3509 volontatis,
431 3431 489 3514 qui
498 3430 588 3496 estin
598 3432 777 3515 respuendo
786 3433 889 3517 ipsum
943 3430 1030 3497 tuitu
1043 3429 1209 3507 mercedis,
1223 3427 1300 3511 quie
1312 3428 1408 3492 multi
1416 3433 1492 3492 sunt
1503 3428 1583 3494 honi
1595 3447 1716 3494 meroe·
1729 3424 1777 3470 W·

120 3559 199 3618 rem,
213 3539 270 3607 vel
282 3539 501 3623 approbando,
514 3543 546 3604 et
557 3539 619 3604 hoc
636 3545 766 3623 propter
776 3560 821 3621 se,
836 3542 890 3608 vel
943 3538 1039 3616 nerii,
1052 3542 1090 3603 ut
1102 3537 1178 3603 dicit
1189 3535 1378 3601 Ambrosius
1391 3542 1403 3577 ⁸
1419 3558 1427 3600 ι
1442 3537 1576 3601 sednon
1590 3538 1716 3603 contin·

120 3653 247 3732 propter
263 3648 362 3728 uliud,
374 3650 406 3712 et
417 3647 475 3711 teli
487 3646 582 3713 modo
596 3648 707 3713 omnis
725 3649 890 3732 subjacent
943 3646 994 3730 git
1006 3646 1071 3712 neo
1084 3644 1217 3721 servire,
1231 3644 1294 3709 nisi
1308 3643 1446 3708 emendo
1465 3664 1472 3708 :
1489 3663 1568 3727 ergo
1582 3647 1717 3729 configit

120 3757 279 3822 voluntati
290 3760 420 3836 nostre,
431 3755 548 3821 scilicet
558 3758 717 3839 quantum
729 3756 770 3822 ed
781 3761 889 3823 notum
943 3754 1046 3821 Deum
1060 3759 1143 3820 recte
1156 3772 1265 3818 emere
1278 3752 1397 3817 iutuitu
1412 3753 1576 3820 mercedis.
1597 3753 1659 3820 Sed
1670 3756 1717 3820 sic

118 3864 329 3949 appetitionis,
338 3864 389 3930 vel
398 3863 614 3947 respuItionis,
625 3864 698 3930 lieet
706 3882 774 3931 non
784 3865 889 3950 primo
943 3882 1057 3929 omens
1078 3862 1180 3929 utitur
1202 3861 1285 3941 Deo,
1311 3861 1388 3944 quie
1409 3861 1506 3926 refert
1531 3862 1571 3927 ad
1593 3862 1713 3929 eliud:

117 3973 220 4040 modo.
943 3991 1035 4055 ergo,
1050 3976 1109 4037 otc.

157 4085 176 4146 3
189 4084 222 4147 et
233 4086 266 4146 4.
279 4082 329 4149 dd
338 4080 417 4147 illud
429 4081 516 4164 quod
528 4079 688 4164 objicitur,
703 4081 790 4165 quod
799 4100 889 4166 que-
983 4085 1014 4146 i.
1031 4080 1125 4162 ltem,
1138 4081 1221 4147 sicut
1237 4097 1366 4146 summu
1379 4077 1504 4144 leonites
1518 4078 1615 4144 hebet
1629 4098 1662 4144 se
1675 4080 1716 4145 ed

121 4190 193 4256 dem
205 4190 297 4257 nullo
312 4191 397 4257 hono
412 4191 477 4256 tine
492 4192 627 4274 pessunt
640 4189 728 4267 fleri,
742 4189 890 4256 similiter
942 4207 1099 4270 umorem,
1110 4190 1293 4254 siosumma
1302 4187 1469 4255 veritesed
1478 4188 1713 4270 cognitionem:

121 4299 203 4381 quod
227 4317 355 4383 semper
381 4298 468 4363 vitiis
492 4297 672 4377 abutimur;
698 4296 884 4379 dicendum,
942 4299 996 4363 sed
1011 4298 1168 4380 contingit
1180 4298 1348 4364 veritatem
1366 4299 1506 4360 creatum
1523 4314 1715 4378 cognoscere

121 4404 203 4490 quod
216 4407 366 4492 objioitur
378 4407 557 4472 seeundum
570 4406 669 4486 viem,
682 4424 748 4489 que
759 4407 888 4471 contin-
942 4407 1061 4472 clodus
1078 4406 1146 4471 sine
1158 4404 1345 4490 prejudicio
1360 4421 1497 4468 summe
1510 4405 1670 4483 veritatis,
1683 4410 1715 4470 et

119 4516 166 4597 git
182 4516 230 4582 uti
250 4516 359 4599 aliquo
376 4518 415 4581 ut
434 4518 508 4580 ectu
525 4514 648 4591 modio,
664 4519 696 4579 et
711 4514 773 4580 hoc
793 4516 887 4583 modo
942 4516 1011 4580 sine
1025 4533 1133 4580 errore
1145 4537 1151 4578 :
1164 4532 1243 4596 ergo
1254 4512 1399 4578 similiter
1406 4512 1564 4594 contingit
1572 4512 1713 4596 adquam

41 4698 45 4709 Ι
122 4641 185 4689 uon
206 4623 356 4689 convenit
371 4622 422 4687 uti
438 4626 582 4706 peeceto;
597 4622 650 4686 vel
673 4622 754 4689 sicut
774 4623 887 4690 habitu
941 4622 1039 4688 aliem
1049 4623 1237 4699 bonitatem,
1253 4638 1537 4705 quemsummem,
1551 4614 1714 4687 ardentius

122 4731 299 4814 regulente,
314 4731 459 4796 similiter
475 4731 649 4796 :convenit
660 4735 767 4796 temen
786 4750 825 4797 eo
839 4733 887 4798 uti
941 4732 1075 4815 diligere
1086 4731 1154 4796 sine
1164 4729 1350 4814 prejudicio
1361 4746 1499 4793 summe
1509 4728 1669 4811 bonitatis,
1682 4735 1715 4796 et

120 4839 199 4904 sicut
211 4841 336 4924 obiecto
352 4842 439 4905 recto
451 4855 511 4923 per
522 4838 655 4904 modum
668 4839 884 4923 contritionis,
941 4840 1179 4906 deordinetione
1194 4858 1203 4903 :
1219 4857 1298 4920 ergo
1319 4838 1476 4919 contingit
1496 4853 1606 4902 eruore
1623 4838 1713 4904 ordi-

120 4949 150 5011 et
160 4946 382 5015 delmtntmnis.
939 4953 1018 5014 ueto
1043 4946 1130 5013 eliud
1152 4947 1224 5030 plus
1238 4946 1344 5028 diligi,
1362 4963 1461 5035 quem
1479 4945 1582 5011 Deum
1606 4967 1613 5011 :
1633 4964 1712 5029 ergo

926 5057 1100 5140 contingit
1108 5055 1211 5121 Deum
1219 5054 1310 5137 diligi
1317 5057 1447 5138 propter
1457 5053 1545 5120 eliud
1554 5054 1710 5139 ordinate,
1722 5102 1724 5105 ψ

370 5124 552 5207 QUAESTIO
574 5124 629 5191 m·
939 5165 1088 5231 etiteuti
1100 5182 1149 5229 eo.

238 5255 285 5313 ¹¹²²
296 5255 352 5313 ⁸0³⁰
365 5255 431 5313 ΜΟ
444 5258 533 5312 ΜΟ
544 5252 673 5312 medon
683 5257 722 5312 ’ἢ
739 5256 759 5314 ¹·
973 5288 1706 5357 mensur.nietrseneuuetq.1.-¹rrrst.,nue.

23 5369 109 5480 e
159 5377 287 5446 ωππ
300 5383 410 5446 ππππ
654 5380 696 5446 ω
713 5382 882 5465 πωπω
939 5364 1038 5503 ce
1054 5361 1709 5507 tittstt·ttl¹t,trrf·tt·‚t¹r‚

122 5487 248 5554 etomni
260 5488 353 5555 elion
368 5488 447 5570 neo,
461 5492 509 5556 est
522 5489 673 5575 questio,
687 5493 799 5558 utrum
817 5492 885 5559 solo
940 5525 966 5564 n.
980 5514 1036 5574 sse,
1051 5508 1136 5578 quom
1147 5519 1259 5559 nusum.
