4100 6300
716 455 902 522 DISTING'I.
924 456 1033 522 XXIII.
1603 466 1662 526 375

65 593 238 662 solitarius
258 593 465 663 confitendus
486 604 534 664 est
554 596 662 682 Dens,
677 594 758 687 quia
777 592 1001 683 singularitas,
1019 591 1074 662 vel
1090 592 1245 677 solitudo,
1261 613 1476 686 personarum
1490 596 1661 688 pluralita-

64 715 135 778 tem
163 709 328 797 excludit,
350 718 383 778 et
409 712 579 781 diversitas
603 711 764 781 unitatem
787 709 933 778 essentiae
954 708 1053 777 tollit.
1080 709 1257 778 Diversitas
1276 709 1406 779 inducit
1423 713 1660 804 separationem

62 823 275 910 Divinitatis3
290 827 501 917 singularitas
518 828 634 897 adimit
654 827 894 897 distinctionem
915 825 1096 894 Trinitatis.
1121 826 1198 895 Ideo
1216 826 1431 911 Ambrosius,
1458 827 1495 896 in
1518 829 1660 899 secundo

61 939 154 1010 libro
173 941 214 1011 de
233 941 327 1026 Fide,
342 943 389 1012 ait
402 947 411 982 ¹
428 968 436 1012 ε
457 944 556 1014 «Non
570 952 618 1013 est
630 944 772 1032 diversa,
782 967 843 1013 nec
856 942 1035 1033 singularis
1048 942 1232 1034 aequalitas,
1242 965 1314 1030 neo,
1327 943 1424 1035 juxta
1438 943 1656 1034 Sabellianos,

60 1056 200 1128 Patrem
225 1058 415 1151 Filiumque
440 1061 664 1149 confundens,
691 1084 765 1148 nec,
790 1061 885 1153 juxta
912 1058 1076 1144 Arianos,
1105 1061 1238 1128 Patrem
1260 1060 1451 1155 Filiumque
1474 1085 1655 1135 secernens.

60 1172 166 1244 Pater
191 1174 279 1257 enim
301 1182 333 1244 et
354 1175 461 1246 Filius
479 1176 720 1248 distinctionem
742 1176 884 1263 hahent,
905 1176 1144 1268 separationem
1168 1199 1247 1246 vero
1261 1200 1329 1246 non
1341 1176 1474 1246 habent.
1490 1203 1509 1243 a
1526 1178 1608 1247 Item
1622 1179 1658 1248 in

58 1292 182 1361 eodem
195 1292 207 1326 ¹
223 1317 231 1360 ε
250 1292 378 1362 «Pater
400 1301 432 1363 et
452 1293 559 1364 Filius
578 1294 746 1365 divinitate
759 1301 838 1364 sunt
851 1316 970 1380 unum,
986 1315 1047 1361 neo
1059 1300 1108 1362 est
1120 1293 1168 1361 ibi
1181 1293 1372 1364 substantia
1386 1294 1583 1383 differentia,
1599 1321 1658 1366 nec

58 1409 136 1477 ulla
148 1409 319 1479 diversitas
331 1434 339 1477 ι
351 1409 499 1503 alioquin
513 1435 580 1504 quo
595 1412 692 1482 modo
705 1434 813 1479 unum
827 1410 933 1478 Deum
947 1409 1106 1478 dicimus?
1121 1408 1300 1479 Diversitas
1314 1410 1402 1479 enim
1416 1412 1528 1504 plures
1540 1412 1653 1482 iacit.»

57 1524 199 1594 Constat
211 1548 289 1616 ergo
308 1548 350 1596 ex
362 1528 537 1618 predictis,
556 1528 636 1621 quia
648 1529 684 1597 in
701 1527 861 1597 Trinitate
881 1525 977 1596 nulla
998 1532 1047 1594 est
1072 1525 1254 1595 diversitas.
1285 1526 1322 1596 Si
1345 1536 1455 1597 tamen
1478 1529 1657 1621 aliquando

57 1640 98 1709 in
121 1640 292 1734 Scriptura
312 1643 482 1712 invenitur
500 1644 624 1715 dictum
649 1671 657 1713 ε
680 1648 755 1713 Tres
775 1642 913 1713 diversae
931 1664 1097 1736 personae,
1127 1651 1160 1711 ct
1185 1643 1394 1736 hujusmodi,
1409 1644 1555 1715 diversas
1579 1645 1657 1715 dicit

56 1757 242 1827 distinctas.
1652 1761 1655 1766 ⁴

105 1875 151 1943 Et
162 1875 246 1944 sicut
257 1875 293 1944 in
307 1877 466 1946 Trinitate
480 1901 548 1947 uon
561 1886 609 1947 est
622 1876 805 1963 diversitas,
820 1877 867 1945 ita
879 1898 939 1945 nec
952 1875 1198 1969 multiplicitas;
1216 1883 1248 1945 et
1268 1876 1342 1946 ideo
1356 1899 1424 1945 non
1438 1884 1485 1946 est
1498 1876 1655 1948 dicendus
1696 1887 1757 1993 0³03

58 1991 153 2061 Deus
167 1992 356 2086 multiplex,
371 1994 427 2063 sed
444 1994 552 2063 trinus
570 2004 602 2063 et
614 1994 764 2086 simplex.
780 1993 876 2064 Unde
888 1992 1097 2078 Ambrosius
1113 1993 1149 2061 in
1163 1993 1270 2083 primo
1287 1992 1373 2061 libro
1392 1992 1433 2061 de
1450 1992 1537 2084 fide,
1559 1995 1652 2063 ait‘:
1679 1962 1775 2115 ἷεῖᾱῑῖἷ

59 2134 80 2174 a
92 2107 156 2176 Est
166 2108 202 2177 in
216 2108 311 2179 Patre
325 2118 357 2179 et
369 2110 453 2179 Filio
466 2133 534 2180 non
545 2111 742 2204 discrepans,
758 2110 814 2180 sed
829 2134 897 2180 una
910 2110 1066 2180 divinitas
1081 2135 1090 2177 ε
1106 2133 1165 2179 uec
1178 2110 1353 2179 contusum
1367 2109 1457 2201 quod
1472 2133 1579 2180 unum
1593 2120 1653 2198 est,
1687 2086 1760 2179 adii

54 2246 122 2291 nec
133 2223 309 2316 multiplex
321 2248 389 2295 esse
402 2234 507 2319 potest
520 2227 609 2320 quod
622 2227 814 2297 indifferens
827 2235 885 2296 est.
904 2251 923 2292 a
938 2226 1115 2318 Multiplex
1128 2226 1240 2318 itaque
1254 2224 1343 2294 Deus
1353 2248 1423 2294 non
1436 2234 1496 2295 est.
1682 2197 1740 2253 ¹³¹⁰¹'

253 2472 459 2542 EXPOStho
479 2473 631 2540 TEXTUS
885 2454 1034 2534 quatuor.
1046 2449 1084 2515 ln
1093 2449 1197 2533 prima
1211 2448 1363 2531 Magister
1375 2448 1456 2515 illud
1466 2465 1586 2513 nomen
1600 2466 1654 2513 ex·

885 2558 994 2641 cipite
1006 2556 1150 2639 generali
1159 2556 1282 2638 regula.
1299 2555 1336 2619 lu
1347 2557 1653 2622 secundaratiouem

51 2649 194 2702 Pfflffiffl
208 2650 634 2776 “dlfflffigssfflfflffi
661 2651 748 2704 omnia
769 2664 829 2717 <1¹¹oe
883 2665 982 2748 hujus
994 2664 1188 2748 exceptionis
1197 2664 1379 2746 investigat,
1388 2659 1449 2729 ibic
1462 2664 1539 2731 Ideo
1551 2667 1655 2732 oritur

569 2762 578 2789 '
635 2761 642 2776 ⁶
884 2774 936 2841 bic
954 2776 1088 2858 quoestio
1105 2773 1276 2854 difficilis,
1293 2774 1461 2839 ostendens
1481 2774 1568 2858 quod
1593 2775 1655 2839 tuit

96 2882 205 2966 Supra
216 2884 285 2967 egit
297 2883 449 2967 Magister
461 2886 500 2951 de
510 2886 689 2951 diversitate
701 2885 825 2952 divino
883 2882 993 2965 inopia
1012 2882 1148 2946 humani
1170 2880 1299 2964 eloquii.
1325 2880 1361 2944 ln
1384 2881 1477 2945 tertia
1501 2881 1653 2964 MagIster

49 3009 134 3055 rum
156 2992 327 3058 nominum
348 2993 382 3057 in
405 2993 558 3076 generali.
575 2993 633 3058 llio
647 2994 757 3078 Incipit
776 3012 828 3058 se-
882 2988 1404 3072 eontraassignationemopponit,
1418 2993 1450 3054 et
1462 2988 1655 3055 determinat

49 3099 165 3165 cunda
178 3117 262 3183 pars,
272 3100 307 3165 in
318 3119 382 3184 qua
394 3101 464 3183 agit
475 3102 633 3167 decadem
644 3101 828 3187 inspeciali.
882 3097 927 3163 ibi
942 3120 950 3163 ε
968 3097 1030 3166 Sed
1045 3100 1213 3183 quaeritur,
1226 3113 1299 3163 cum
1316 3096 1463 3164 dicamus
1482 3098 1612 3166 Patrem
1624 3106 1654 3169 et

48 3207 95 3273 Et
113 3207 268 3290 quoniam
281 3210 429 3291 quaedam
448 3214 524 3275 suut
536 3212 669 3275 nomina
681 3212 827 3276 substan·
881 3206 1044 3275 Filtomet
1058 3207 1217 3288 spiritum
1228 3210 1388 3273 sanctum.
1404 3206 1441 3269 ln
1453 3210 1568 3288 quarta
1582 3209 1653 3290 epi-

48 3316 158 3396 tialia,
176 3318 324 3399 quaedam
347 3319 497 3396 relativa,
521 3323 553 3383 et
577 3319 648 3384 haec
668 3319 827 3402 contingit
880 3313 1199 3398 logatdeterminata,
1213 3317 1250 3376 ut
1261 3311 1365 3392 addat,
1382 3312 1429 3376 ibi
1443 3334 1451 3378 ι
1467 3313 1540 3379 Iam
1552 3316 1652 3396 suifi-

47 3424 255 3488 considerare
269 3425 423 3505 absolute,
440 3430 472 3490 et
484 3427 524 3490 ad
535 3445 569 3491 se
582 3427 738 3507 invicem;
754 3427 825 3492 ideo
880 3426 1009 3503 cientes,
1025 3426 1340 3505 montemacutum
1362 3425 1418 3486 eat.
1439 3419 1563 3486 Harum
1577 3441 1653 3506 par-

46 3530 126 3594 haec
139 3549 214 3613 pars
226 3532 323 3598 habet
334 3537 398 3598 tres
409 3535 694 3618 parteszinprima
707 3534 775 3617 agit
785 3535 824 3600 de
880 3533 963 3596 tium
973 3528 1205 3598 subdivisiones
1217 3545 1321 3612 perse
1334 3530 1456 3611 patent.

46 3638 245 3704 nominibus
267 3641 542 3723 substantialibus3
562 3642 597 3706 in
624 3642 764 3707 secunda
786 3644 825 3708 de
1208 3717 1277 3764 m
1299 3717 1322 3762 1.

46 3747 217 3828 relativis,
230 3749 331 3830 inira,
346 3751 545 3815 distinctione
557 3770 636 3816 xxvi
650 3773 657 3816 :
675 3752 770 3818 Nunc
784 3751 824 3818 de

1075 3837 1132 3887 Una
1144 3834 1213 3899 usia,
1226 3836 1280 3885 tres
1293 3833 1454 3899 hypostases.

42 3855 302 3939 proprietatibus
311 3873 520 3939 personarum
535 3876 616 3942 quoa
631 3861 821 3943 frequenter,

44 3964 113 4024 etc.
132 3957 171 4022 ln
183 3961 286 4040 tertia,
301 3962 340 4026 de
353 3963 624 4043 substantialibus,
637 3969 668 4028 et
680 3965 822 4029 relativis
918 3958 1051 4026 Videtur
1074 3959 1136 4024 hoo
1158 3956 1225 4023 esse
1251 3960 1362 4023 contra
1389 3958 1423 4022 id
1453 3960 1540 4041 quod
1574 3961 1651 4026 dicit

43 4063 90 4128 ad
105 4062 262 4141 invicem,
280 4065 380 4144 infra,
396 4065 596 4130 distInctione
607 4086 711 4131 xxxru
724 4090 734 4133 ι
748 4068 824 4136 Post
878 4067 1093 4151 Hieronymus
1104 4068 1135 4131 ⁸:
1154 4065 1354 4131 «Taceamus
1365 4070 1430 4130 tres
1440 4068 1646 4150 hypostases:

43 4185 153 4251 supro
175 4169 265 4236 diota
288 4172 424 4238 interius
446 4173 657 4241 considerati.
679 4174 718 4239 Et
740 4195 820 4260 quo·
877 4197 944 4243 uon
955 4179 1049 4242 bouae
1062 4175 1250 4258 suspIcionis
1258 4193 1379 4240 nomen
1394 4179 1451 4255 est,
1466 4176 1569 4257 igliur
1582 4197 1648 4242 non

43 4278 141 4341 niam
165 4277 249 4341 inter
268 4278 402 4344 nomina
419 4280 656 4363 substantialia,
673 4282 734 4348 hoc
757 4304 820 4351 no·
877 4287 969 4352 debet
981 4285 1085 4349 dici.»
1103 4282 1260 4348 Praeterea
1279 4283 1408 4348 videtur
1427 4283 1514 4366 quod
1526 4303 1648 4349 nomen

43 4401 146 4461 men,
158 4399 314 4465 persono,
329 4387 487 4471 excipitur
503 4390 676 4472 agenerali
690 4392 817 4473 regula,
876 4395 1060 4477 hypostasis
1085 4391 1173 4455 nullo
1197 4390 1292 4455 modo
1316 4390 1429 4455 debeat
1454 4392 1575 4474 recipi,
1597 4393 1649 4457 vel

42 4509 125 4574 quae
137 4494 201 4571 est,
218 4493 304 4575 quod
315 4494 520 4562 substantiale
537 4499 653 4564 dleitur
665 4501 704 4565 de
718 4503 820 4566 tribus
875 4521 994 4568 nomen
1006 4502 1102 4577 usia,
1117 4498 1193 4582 quia
1204 4497 1332 4564 Boetius
1346 4498 1440 4578 dicit,
1458 4518 1554 4582 super
1564 4499 1647 4564 libro

41 4597 275 4679 singularitem
291 4600 362 4665 ideo
375 4621 494 4668 nomen
507 4605 592 4671 istud
605 4608 709 4689 primo
726 4627 818 4692 age·
875 4611 1224 4684 Proedioomcototcm,
1258 4606 1345 4688 quod
1384 4605 1561 4688 hypostasis
1599 4612 1647 4671 est

41 4703 153 4768 nerali
164 4705 279 4786 regula
290 4708 416 4792 excipit,
432 4714 600 4778 ostendens
618 4715 705 4798 quod
718 4716 816 4781 debc—
875 4718 1022 4798 materia,
1040 4715 1153 4779 usiosis
1177 4715 1297 4792 forma,
1314 4713 1386 4776 usia
1407 4716 1643 4795 compositum:

42 4829 126 4875 mus
138 4810 242 4877 dicere
252 4818 317 4879 tres
327 4825 541 4900 personaszet
552 4822 612 4888 hoc
621 4824 656 4887 in
667 4828 819 4907 praesenti
874 4826 929 4891 sed
940 4825 974 4889 in
985 4822 1174 4887 divinisnon
1184 4818 1335 4902 recipitur
1344 4818 1478 4882 materia
1487 4836 1546 4883 uec
1556 4838 1643 4884 cona·

41 4918 260 4985 distinctione.
275 4919 420 4991 Secundo
442 4947 519 4994 vero
538 4931 728 4997 determinat
740 4935 819 5017 quid
874 4933 1025 5016 positum:
1041 4929 1154 5010 igitur,
1171 4930 1230 4991 etc.

41 5024 316 5112 significeturper
329 5032 389 5098 hoc
403 5054 532 5118 nomen,
547 5038 820 5125 Tmaetperhoc
914 5039 1007 5121 Resp.
1031 5034 1205 5100 Dicendum
1230 5032 1317 5116 quod
1339 5033 1554 5116 [lieronymus
1577 5052 1644 5097 non

41 5150 187 5213 nomen,
202 5134 373 5221 Personas,
387 5160 463 5207 cum
476 5143 612 5212 dicimus
630 5151 694 5212 tres
708 5167 820 5231 perso·
873 5147 948 5213 dicit
966 5164 1033 5210 non
1050 5147 1114 5208 tres
1131 5160 1199 5206 esse
1219 5141 1415 5226 hypostases,
1433 5142 1510 5224 quia
1527 5141 1643 5206 falsum

42 5257 126 5320 nas,
143 5241 242 5323 iutra,
260 5245 460 5315 distinctione
478 5253 639 5334 proxima,
656 5254 701 5318 ibi
723 5277 730 5319 :
753 5258 816 5323 Htc
873 5258 954 5318 esset
974 5251 1026 5318 vel
1045 5268 1229 5315 erroneum.
1251 5249 1311 5314 Sed
1331 5249 1408 5333 quia
1431 5268 1551 5313 nomon
1574 5253 1643 5314 erat

43 5347 711 5481 dnmmerffiqumopomt'primapm
723 5361 819 5429 habet
873 5411 1495 5480 ou,mitt,19.-³Ibid..n.tl.-¹·llierou.,
1514 5412 1644 5477 Epistod

61 5520 65 5528 .
78 5473 231 5540 umbros,
241 5477 271 5528 de
284 5479 348 5532 Fide
353 5482 417 5545 ,lib.
437 5485 469 5548 ll,
483 5500 507 5535 c.
528 5497 556 5537 11.
570 5488 625 5524 -2
642 5487 717 5551 leid,
732 5488 777 5540 lib.
792 5492 816 5554 1,
872 5490 986 5548 Demos,
997 5484 1118 5549 Quoniam
1127 5485 1232 5545 vetusto,
1241 5486 1259 5533 t.
1274 5483 1313 5547 11,
1327 5498 1369 5546 ep.
1380 5496 1444 5534 atu.
