4100 6300
766 513 955 582 tristiter.
975 513 1012 578 X.
1626 514 1684 577 185

94 650 200 733 prima
215 649 364 733 linghter
376 652 446 734 agit
458 653 497 717 de
509 649 709 734 processione
722 649 861 735 Spiritus
914 653 965 714 tra
977 648 1175 732 Dionysium,
1188 651 1220 714 et
1232 652 1343 715 matra
1355 648 1574 731 Angustimm
1590 664 1686 731 super

93 759 196 824 saneti
209 763 366 841 quantum
378 760 417 824 ad
434 777 601 843 personam
616 776 690 842 qnae
703 757 859 841 procedit3
915 760 1080 836 Jooaaem,
1103 761 1135 821 et
1147 761 1256 822 eontra
1276 757 1434 824 canonem
1457 775 1555 823 sarrae
1576 756 1686 840 Serip-

92 865 130 931 in
143 866 722 950 seounda,qnantumadp1ineipium
744 885 764 929 a
784 883 860 948 quo,
914 869 1009 944 turre,
1029 865 1106 947 quia
1129 865 1280 930 Dominus
1298 867 1402 949 primo
1422 865 1571 948 quaesivit
1589 884 1609 929 a
1625 863 1684 930 Pe·

91 973 189 1053 inira,
215 973 415 1040 Maelinae
441 994 498 1039 xi:
525 974 586 1041 Hie
612 970 785 1039 dicendum
804 978 859 1042 est,
916 976 992 1037 tro:
1018 971 1128 1040 Simon
1147 973 1293 1052 loannis,
1314 973 1429 1057 stupis
1442 974 1559 1039 metet
1579 976 1687 1056 postea

91 1080 253 1161 Spiritum
266 1078 423 1160 mactum,
437 1085 516 1160 ete.;
540 1082 576 1145 in
595 1078 690 1144 tertia
704 1096 781 1143 vero
793 1078 864 1160 agit
916 1081 1013 1146 dicit:
1041 1096 1132 1147 omos
1152 1082 1220 1148 met
1247 1084 1279 1145 et
1304 1082 1349 1145 ita
1375 1099 1434 1165 pro
1462 1081 1574 1145 eodem
1603 1080 1687 1144 aoei-

91 1188 136 1252 de
150 1187 253 1271 seipsa
270 1207 328 1272 per
343 1188 612 1273 comparationem
630 1186 671 1251 sd
683 1184 864 1268 generatio·
916 1189 1061 1273 piuntur,
1086 1193 1118 1253 et
1138 1189 1221 1253 hono
1249 1189 1460 1254 diderentiam
1485 1188 1689 1271 reprehendit

89 1313 171 1359 uem
204 1314 224 1359 a
254 1315 320 1379 qua
347 1295 565 1377 distinguitur,
595 1295 697 1373 infra,
730 1292 863 1357 distino-
917 1296 1096 1378 Dionysius.
1114 1293 1340 1361 Potesttamen
1355 1296 1564 1360 nihilominus
1578 1295 1687 1378 aliqua

89 1402 180 1466 tione
208 1420 289 1467 xm:
321 1403 394 1470 Post
422 1402 486 1468 toeo
514 1400 786 1469 eomemraaoum
818 1406 865 1467 est
918 1402 1094 1467 differentia
1114 1403 1272 1484 assignari
1289 1424 1296 1467 :
1313 1401 1610 1485 quamvisenimde
1623 1421 1690 1467 nna

90 1514 253 1590 qnantum
266 1525 288 1576 a
300 1508 419 1577 tatibus
438 1509 545 1593 quota
564 1524 623 1575 reos
639 1523 761 1574 sumus.
785 1507 865 1572 ltem
918 1514 950 1575 et
962 1510 1073 1574 eadem
1087 1510 1208 1593 possint
1224 1509 1286 1574 diei
1302 1509 1478 1587 affectione,
1495 1514 1601 1573 tamen
1615 1508 1688 1587 alia,

91 1616 200 1698 prima
222 1635 313 1700 pars,
336 1634 410 1700 quae
430 1617 570 1681 eontinet
589 1618 779 1698 praesentem
798 1615 866 1679 dis-
918 1619 950 1681 et
962 1616 1024 1681 alia
1036 1616 1176 1695 ratione;
1193 1634 1285 1680 amor
1297 1617 1386 1680 enim
1399 1617 1474 1682 dioit
1486 1617 1617 1682 affectus
1634 1618 1691 1681 ad-

91 1723 293 1801 ductionem,
314 1723 409 1787 habet
429 1727 569 1807 quatuor
579 1726 694 1806 partes.
710 1720 748 1785 In
761 1722 866 1806 prima
918 1724 1094 1788 haesiouem
1104 1728 1250 1807 respectu
1265 1725 1373 1789 amati.
1385 1723 1689 1808 Unde-dionysius&

91 1829 173 1894 dicit
186 1829 270 1913 quod
279 1829 416 1912 Spiritus
425 1833 554 1894 sanetus
564 1829 705 1912 procedit
717 1832 753 1893 ut
763 1846 864 1909 amor,
923 1832 1099 1896 «Amorem
1112 1831 1274 1896 unitivum
1284 1831 1454 1896 dicimus.»
1469 1831 1597 1897 Dilectio
1613 1850 1691 1900 vero

92 1938 166 2003 sive
179 1937 325 2017 charitas,
340 1937 391 2003 vel
401 1938 538 2016 dileetio,
553 1939 585 2001 et
595 1938 657 2001 hoe
668 1936 781 2019 prohat
793 1955 867 2001 auo·
919 1941 1005 2005 ultra
1017 1941 1080 2004 hoo
1091 1939 1178 2005 addit
1186 1940 1389 2019 electionem3
1403 1940 1488 2005 unde
1500 1940 1636 2016 dileetio,
1649 1959 1691 2007 ex

91 2044 221 2109 tollitis
242 2043 427 2126 Augustini·
450 2042 488 2107 ln
513 2043 763 2117 secundaverit,
789 2040 868 2124 (luia
919 2046 1186 2114 diversiseleotio.
1205 2046 1294 2111 Unde
1311 2048 1345 2111 in
1359 2047 1534 2112 Cantiois⁸z
1550 2048 1692 2115 Dilectus

91 2150 377 2217 hioeratduhium
395 2151 479 2234 quod
494 2150 631 2232 Spiritus
651 2151 779 2213 sanetus
800 2153 867 2213 erat
919 2171 1008 2222 meus
1033 2156 1147 2223 marus
1170 2171 1212 2222 ea
1237 2154 1390 2222 millibus.
1419 2154 1562 2248 Charitas
1584 2158 1692 2220 autem
1817 2226 1819 2231 ,

92 2259 246 2336 charitat,
266 2260 375 2326 movet
391 2258 614 2341 quaessfifflltlffl,
633 2260 665 2322 ei
684 2255 778 2322 tollii
797 2255 864 2319 ihi:
920 2265 1006 2330 ultra
1035 2265 1090 2329 illa
1115 2264 1201 2330 addit
1224 2282 1378 2346 magnam
1406 2263 1691 2347 appretiationem:

91 2365 142 2431 Er
159 2363 232 2431 ideo
253 2363 459 2447 querendum
478 2372 586 2432 utrum
599 2364 683 2429 Deus
704 2361 812 2429 Pater.
831 2360 868 2425 ln
921 2372 1056 2438 charum
1073 2373 1164 2436 euim
1178 2371 1383 2437 diciturillud
1398 2371 1484 2455 quod
1497 2370 1607 2452 magni
1619 2389 1692 2454 pm-

91 2473 191 2537 lerila
201 2490 280 2538 Vero
292 2473 484 2537 solutionem
497 2490 554 2555 per
562 2470 783 2537 alletoritatem
795 2487 868 2536 oon·
920 2481 958 2545 tii
970 2482 1156 2561 aestimatur,
1171 2480 1347 2545 seeundum
1365 2480 1452 2563 quod
1468 2479 1638 2563 Apostolus
1657 2480 1692 2543 in

91 2582 216 2660 armat,
231 2587 301 2645 tum
315 2579 779 2664 quantumadoiattnottonem,
793 2595 868 2661 qus
921 2588 1066 2674 Epistola
1080 2589 1146 2653 suis
1161 2595 1173 2629 ⁸
1187 2588 1397 2654 vocatorem
1412 2588 1630 2655 omassum.

92 2685 865 2771 estperoommunemarreptionemetpropriam,

94 2800 276 2863 tumetiam
289 2801 446 2881 quantum
460 2798 500 2862 ad
512 2796 691 2875 veritatem,
704 2793 868 2860 ioizrto-
1303 2876 1305 2881 Δ

93 2906 190 2973 rim
209 2907 364 2990 exemplis
382 2905 501 2985 dmm,
522 2908 581 2969 epe·
602 2904 640 2968 111
659 2907 775 2986 quarta
789 2921 867 2968 vero
947 2885 1054 2960 Proprie
1068 2895 1183 2948 Verbum
1197 2894 1260 2961 Dei,
1275 2893 1353 2946 atiam
1367 2894 1414 2946 Dei
1428 2893 1553 2959 sapientia
1563 2893 1664 2947 dicitnr.

93 3018 130 3080 et
145 3014 257 3079 ultima
269 3014 428 3098 praediotae
441 3013 608 3079 solutionis
618 3011 868 3093 assignatratio·
961 3017 1129 3083 habitatur
1148 3018 1187 3083 de
1200 3019 1260 3083 hac
1277 3036 1367 3097 vooe,
1385 3019 1528 3101 proprie,
1544 3016 1621 3100 quia
1632 3021 1689 3081 ant

94 3141 186 3200 nem,
202 3123 468 3207 ostenderequod
488 3121 627 3205 Spiritus
649 3124 777 3185 sanetus
792 3138 868 3203 pro-
921 3125 1075 3210 aeeipitur
1100 3128 1237 3209 proprie,
1261 3126 1340 3209 quia
1360 3126 1419 3190 soli
1447 3125 1612 3202 eonvenit;
1637 3128 1694 3190 aut

94 3234 169 3318 prie
188 3232 312 3297 dieatur
331 3232 479 3312 charitas,
501 3250 575 3297 eum
592 3231 729 3295 charitas
750 3230 791 3293 sit
804 3247 867 3295 no-
920 3239 1062 3320 proqm'e,
1076 3238 1152 3320 quia
1166 3238 1376 3322 appropriate.
1400 3237 1482 3315 Quia
1500 3236 1528 3301 si
1543 3236 1615 3315 soli,
1631 3237 1693 3302 hoo

95 3359 176 3406 men
190 3359 371 3417 commune,
388 3345 421 3406 et
438 3341 501 3405 hoo
520 3340 587 3404 ihi:
607 3339 669 3405 llio
689 3337 868 3404 notandum
921 3350 969 3409 est
986 3345 1114 3424 falsum,
1134 3345 1210 3427 quia
1229 3344 1383 3427 sapientis
1395 3344 1485 3409 nullo
1502 3344 1599 3408 modo
1618 3343 1693 3409 dicit

93 3457 156 3523 est,
166 3449 344 3532 quoderat
355 3447 498 3531 Spiritus
506 3453 637 3516 sanctus
646 3448 685 3513 ia
696 3445 866 3514 russiae.
921 3454 1145 3538 proprietatem
1167 3455 1381 3537 personalem;
1405 3455 1433 3518 si
1454 3453 1592 3538 proprie,
1614 3453 1693 3536 quie

922 3559 1134 3644 appropriate,
1155 3561 1216 3625 hoe
1236 3559 1318 3623 nihil
1335 3559 1409 3623 lacit
1421 3560 1462 3623 ad
1478 3559 1689 3643 propositum,

921 3668 998 3751 quia
1018 3667 1169 3749 Magister
1188 3666 1260 3732 vult
1282 3667 1444 3750 inquirere
1467 3668 1692 3750 proprietatem

922 3774 1058 3859 Spiritus
1069 3775 1180 3852 saneti,
1196 3792 1261 3839 non
1271 3774 1521 3857 appropriatum.

139 3884 303 3961 Quaeritur
315 3887 428 3949 utrum
441 3883 578 3947 charitas
595 3886 627 3946 et
639 3881 764 3945 dileetio
777 3879 869 3943 dille·
964 3882 1002 3947 Et
1012 3882 1129 3946 iterum
1143 3904 1151 3944 t
1167 3880 1308 3946 Charitas
1319 3881 1447 3944 videtur
1458 3880 1564 3962 magis
1576 3898 1693 3964 appro-

97 3996 190 4070 rant;
211 3992 342 4075 siquod
360 3992 417 4070 sio,
439 3991 565 4056 videtur
580 4008 637 4073 per
649 3989 807 4053 Isidorum
821 3988 870 4052 di·
923 3990 1021 4072 priari
1042 3988 1138 4069 Patri,
1161 3989 1338 4053 seeundum
1355 3988 1442 4072 quod
1455 3988 1570 4052 dieitur
1583 3988 1619 4051 in
1637 3987 1693 4053 illa

47 4174 55 4182 ,
96 4100 270 4163 eentem':
292 4099 422 4164 «Amor
441 4102 489 4163 est
505 4097 722 4176 rationalium,
744 4099 776 4159 et
788 4095 870 4159 irra-
923 4115 1018 4181 prosa
1033 4120 1041 4161 z
1058 4097 1315 4163 ematurata
1328 4101 1384 4162 est.

95 4205 285 4286 tionalium;
319 4206 446 4270 dileetio
468 4205 673 4271 rationalium
700 4206 866 4267 tantum.»
965 4202 1044 4268 ltem
1067 4204 1130 4268 hoe
1149 4203 1275 4269 videtur
1299 4221 1355 4285 per
1382 4201 1588 4280 Richardum,
1610 4202 1696 4284 qnod

94 4312 163 4378 Sed
179 4317 299 4393 eontra,
314 4331 371 4397 per
386 4312 588 4395 Dionysium,
608 4309 647 4376 de
660 4311 792 4376 motuis
806 4309 870 4377 No·
924 4328 1015 4375 amor
1045 4311 1206 4393 gratuitus
1235 4315 1283 4375 est
1311 4312 1346 4375 in
1375 4308 1484 4406 Patre,
1514 4311 1551 4374 tn
1574 4309 1695 4392 Spiritu

95 4420 267 4488 minibus.-
294 4420 402 4484 ulilihi
431 4420 582 4486 videntur
611 4417 754 4499 theologi
780 4435 870 4482 com-
924 4427 1032 4483 sancto
1045 4417 1180 4496 debitus,
1194 4419 1230 4482 in
1243 4417 1324 4482 Filio
1338 4435 1379 4481 ex
1396 4421 1533 4498 utroque
1552 4415 1696 4499 permix-
1743 4427 1744 4430 ’

93 4547 200 4594 mnne
213 4528 290 4613 quid
303 4528 407 4594 dicere
427 4527 604 4593 dilectionis
623 4530 655 4590 et
673 4525 791 4590 amoris
808 4543 870 4589 uo-
924 4532 997 4591 tus:
1013 4543 1104 4608 ergo,
1124 4545 1199 4590 oum
1212 4524 1348 4589 charitas
1359 4524 1442 4596 dieat
1455 4541 1598 4588 amorem
1619 4541 1697 4605 gra-

94 4638 202 4716 mine;
216 4658 231 4696 a
244 4641 275 4702 et
283 4636 402 4701 ibidem
412 4635 617 4716 reprehendit
626 4634 869 4715 distinguentes,
924 4634 1056 4711 tuitum,
1068 4632 1160 4697 dehet
1172 4649 1252 4715 ergo
1267 4630 1466 4714 appmpriari
1479 4628 1575 4694 Patri.

94 4747 219 4824 disens,
233 4745 318 4828 quod
340 4745 488 4808 aiaeiunt
500 4742 569 4809 vim
582 4743 618 4806 in
631 4741 757 4807 levibus
772 4740 869 4820 sonis,
965 4738 1058 4823 liesp.
1077 4738 1251 4803 Dioendum
1271 4738 1356 4821 quod
1369 4756 1435 4801 non
1452 4741 1499 4801 est
1513 4737 1698 4802 omnimoda

93 4854 192 4939 quasi
205 4870 339 4917 noanon
351 4851 510 4935 possimus
519 4853 659 4933 quatuor¹
667 4847 783 4932 perbis
794 4847 869 4928 duo,
925 4847 1111 4926 similitudo,
1135 4847 1189 4911 sed
1206 4846 1241 4910 in
1258 4845 1320 4909 hoe
1337 4849 1385 4910 est
1398 4844 1595 4909 similitudo:
1621 4863 1698 4909 nam

94 4969 131 5028 et
144 4960 282 5047 patriam
295 4960 468 5045 permiste
481 4959 585 5024 solum
597 4958 789 5040 significare.
802 4978 818 5015 r
925 4973 1097 5020 commune
1118 4956 1220 5038 potest
1238 4951 1439 5036 appropriari
1461 4953 1609 5015 manente
1622 4951 1697 5014 nni-

139 5068 234 5152 Resp.
250 5067 357 5151 Aliqui
374 5067 548 5133 voluerunt
559 5067 665 5130 dicere
677 5064 763 5147 quod
776 5063 871 5128 dille·
926 5067 988 5128 tate
998 5063 1097 5140 vocis,
1108 5062 1160 5127 vei
1169 5060 1423 5144 significationis.
1437 5058 1543 5124 Potest
1551 5059 1697 5123 similiter

94 5180 190 5254 runt,
210 5175 287 5259 quia
307 5175 431 5240 dileetio
450 5174 565 5239 dieitur
580 5173 634 5237 illa
651 5173 779 5256 proprie
797 5189 871 5255 quae
925 5170 1055 5255 aliquod
1066 5189 1185 5236 nomeu
1197 5169 1294 5234 simul
1307 5168 1369 5232 diei
1382 5186 1439 5251 per
1458 5168 1696 5252 proprietatem,

95 5291 210 5353 estex
228 5285 393 5351 voluntate
412 5284 567 5364 ordinata,
587 5283 642 5347 sed
659 5300 750 5346 amor
762 5286 809 5345 est
820 5281 871 5345 ai-
926 5283 958 5361 et
979 5297 1037 5362 per
1053 5279 1233 5358 essentim,
1257 5279 1407 5341 manente
1428 5276 1551 5341 uuihte
1567 5276 1654 5341 voeis
1666 5280 1699 5340 et

95 5393 196 5461 fodio
206 5393 384 5458 libidinoea'
402 5392 464 5458 sed
474 5392 547 5456 Μ
559 5390 717 5457 (minotio
729 5392 777 5454 est
789 5406 871 5454 ‘m'
926 5444 1063 5508 treopeg,
1077 5442 1107 5492 de
1118 5443 1176 5494 ilio.
1189 5438 1341 5493 Nomia-⁸
1351 5438 1434 5501 Caret,
1449 5451 1475 5503 r,
1485 5442 1562 5490 ro.-
1570 5438 1582 5473 ⁸
1591 5438 1612 5489 ll
1624 5437 1696 5497 Tim„

131 5518 219 5572 tlsid.
233 5518 347 5584 Hispal,
366 5516 412 5569 lib.
433 5516 587 5586 Etpmoiop„
607 5530 630 5568 o.
646 5525 682 5567 tv.
695 5540 727 5555 ·-
740 5515 752 5551 ¹
763 5513 870 5583 Dionys.
925 5526 944 5579 1,
953 5517 979 5567 2.

1249 2778 1318 2824 nde.
1341 2776 1375 2822 ΙΙ.

425 3641 494 3688 DUB.
517 3641 540 3685 1.

201 3754 309 3819 Spiritus
320 3756 423 3806 emotus
436 3766 510 3804 amor
521 3754 574 3817 est,
588 3751 642 3802 sive
656 3749 775 3801 charitas.
