4100 6300
498 539 596 605 nist.
618 537 709 605 xit.
731 537 823 604 ulti.
845 538 885 603 ll.
908 537 1057 616 QUAEST.
1077 536 1116 601 11.
1533 539 1589 602 tlt

59 694 150 741 avere
162 679 361 751 numeratur,
376 691 436 739 nec
449 674 588 740 trahitur
598 674 634 739 in
645 677 769 758 partem
863 677 893 738 3.
916 672 1006 752 Item,
1022 669 1291 754 complementum
1305 670 1438 735 rationis
1449 687 1594 753 personae

59 781 184 860 modo,
200 799 265 864 quo
278 781 469 847 universale.
822 779 1006 844 consistitin
1018 777 1394 843 incommunicabilitate:
1407 777 1462 842 sed
1474 776 1593 842 incom-

59 897 75 951 ι.
92 888 140 951 Ad
162 887 241 952 illud
263 886 348 971 quod
370 887 537 971 objicitur,
558 886 644 969 quod
664 884 770 968 privat
822 886 1056 952 municabilitao
1069 885 1250 952 communie
1262 889 1310 949 est
1317 884 1464 968 personis
1477 882 1593 948 divinis

59 994 274 1070 emunitatem,
293 993 462 1058 dicendum
479 992 565 1076 quod
584 992 664 1057 illud
683 992 768 1075 quod
822 997 854 1057 et
866 993 1020 1060 creaturis
1036 1015 1044 1058 ε
1060 1010 1159 1075 ergo,
1175 985 1234 1057 etc.
1275 1031 1282 1046 ·

59 1106 108 1165 vai
120 1101 394 1181 communitatem,
406 1103 528 1166 nonest
538 1117 710 1164 commune
722 1115 770 1163 se-
861 1099 1001 1166 Contra:
1020 1099 1119 1180 Dens,
1140 1104 1172 1165 et
1192 1102 1362 1177 creatura,
1381 1116 1507 1163 summe
1526 1097 1592 1161 dia-
1605 1110 1711 1157 ruem.

59 1208 241 1272 idumillam
252 1209 526 1287 communitatem,
536 1225 633 1290 quam
644 1206 766 1288 privat:
821 1212 912 1274 tant:
928 1226 1007 1290 ergo
1020 1207 1103 1272 nihil
1113 1207 1231 1273 habent
1241 1224 1431 1272 commune:
1447 1223 1526 1287 ergo
1538 1204 1591 1269 ni-

78 1334 211 1398 percona
230 1316 335 1400 privat
353 1316 616 1382 communitatem
636 1313 695 1393 rei,
714 1314 768 1378 sed
821 1315 868 1379 hil
883 1317 1074 1382 univocum.

60 1442 69 1486 1
86 1423 347 1489 communitatem
366 1423 524 1488 rationis:
540 1425 572 1488 et
592 1421 769 1486 secundum
862 1421 952 1501 Item,
967 1441 1104 1506 persone
1125 1425 1173 1486 est
1194 1420 1370 1486 subeuntia
1389 1439 1493 1503 :ergo
1515 1438 1590 1502 quae

60 1549 90 1592 m
112 1549 178 1595 non
204 1535 252 1595 est
277 1531 478 1607 communis,
505 1530 561 1595 scd
591 1529 768 1594 secundum
822 1528 1591 1613 univocanturinpersona,univocantnrinnuo

59 1637 263 1702 emunitatem
278 1637 420 1702 rationis.
821 1639 947 1702 stantia.
969 1639 1031 1704 Sed
1045 1637 1172 1702 Creator
1189 1641 1220 1701 et
1236 1641 1382 1701 creatura
1393 1653 1459 1700 non
1472 1635 1591 1700 univo-

59 1754 73 1806 t.
89 1745 136 1807 Ad
149 1744 227 1808 illud
241 1745 326 1827 quod
342 1743 510 1827 objicitur,
525 1743 608 1825 quod
621 1747 668 1807 est
680 1761 768 1808 oom-
821 1750 935 1810 cantur
944 1747 980 1810 in
989 1745 1176 1821 substantia,
1187 1744 1263 1827 quia
1273 1747 1351 1808 tunc
1364 1742 1447 1808 [leue
1461 1743 1590 1808 oscetin

62 1870 110 1930 nc,
121 1851 275 1916 etdicitur
282 1851 676 1916 secundumsubstantiam
686 1868 769 1914 com·
820 1870 939 1933 genere
955 1875 962 1918 :
979 1870 1058 1933 ergo
1071 1852 1175 1917 necin
1188 1869 1333 1935 persona.

62 1977 150 2033 nem3
177 1957 348 2023 dicendum
369 1959 453 2043 quod
474 1958 526 2023 hic
546 1963 594 2022 est
610 1958 765 2036 accidens,
861 1956 951 2038 ltcm,
966 1977 1040 2041 qnae
1054 1957 1267 2023 univocantur
1279 1957 1313 2021 in
1326 1956 1443 2038 aliquo,
1458 1956 1589 2039 aequeli-

59 2069 83 2128 ιι
96 2081 104 2125 :
120 2064 204 2129 «ilic
217 2070 264 2130 est
279 2067 383 2143 albus,
398 2071 429 2131 et
441 2067 500 2131 iste
512 2069 560 2130 est
572 2065 765 2144 mannahun
820 2071 869 2130 ter
880 2071 956 2131 sunt
967 2067 1002 2130 in
1013 2065 1068 2130 illo
1085 2089 1093 2131 :
1108 2065 1163 2130 aed
1176 2064 1259 2128 nihil
1274 2063 1439 2146 participat
1450 2064 1588 2147 aequali-

60 2171 234 2236 oestalbus
242 2173 420 2237 monachus
429 2192 465 2237 :r
479 2190 557 2255 ergo
569 2172 664 2236 aliam
674 2173 769 2237 ratio-
819 2177 868 2238 ter
878 2177 1024 2239 creatura
1035 2193 1109 2239 cum
1121 2173 1183 2237 lieo
1198 2195 1206 2237 :
1219 2189 1299 2254 ergo
1310 2171 1372 2235 hoc
1384 2171 1491 2253 ipsum
1500 2172 1588 2254 quod

59 2296 74 2339 n
95 2278 321 2343 denominandi
342 2281 494 2363 importat
515 2279 574 2342 iste
593 2279 765 2358 terminus,
820 2285 867 2345 est
879 2301 1031 2365 persona,
1047 2300 1114 2346 non
1124 2281 1240 2347 dicitur
1250 2280 1388 2345 univoce
1402 2278 1442 2343 de
1460 2277 1541 2360 Deo,
1556 2285 1589 2345 et

60 2399 98 2461 ιι,
120 2385 155 2448 ἰη
174 2387 352 2468 praemissa,
369 2391 400 2450 et
419 2387 455 2450 in
480 2386 691 2452 conclusione.
715 2386 768 2452 Sic
820 2393 975 2454 uentura.

59 2510 81 2554 e
93 2492 265 2558 dicendum
285 2493 325 2558 de
342 2494 405 2558 hoc
416 2494 570 2572 termino,
585 2509 763 2573 conrnune,
860 2496 940 2562 Item
961 2497 1119 2581 quaeritur
1137 2496 1176 2561 de
1196 2514 1261 2578 quo
1284 2494 1450 2578 perprius
1464 2495 1588 2561 dicatur

59 2599 185 2681 eprimo
194 2600 373 2665 secundum
385 2601 617 2682 habitudinem,
629 2602 766 2667 secundo
819 2621 973 2685 persona3
988 2607 1020 2667 et
1034 2604 1162 2668 videtur
1174 2602 1261 2684 quod
1281 2601 1440 2685 perprius
1453 2620 1588 2686 persona

59 2707 172 2770 indum
186 2713 313 2771 naturae
327 2708 483 2772 unitatem
496 2708 661 2792 accipitur.
819 2710 945 2776 dicatur
957 2712 996 2777 de
1005 2714 1160 2790 creatura,
1173 2709 1331 2793 quiainde
1341 2709 1530 2774 translatum
1541 2718 1589 2773 est

60 2810 170 2889 ,Quod
185 2815 366 2896 quaeritur:
388 2814 483 2879 «tut
494 2820 541 2879 est
554 2816 766 2882 communitas
818 2819 857 2882 ad
872 2818 990 2882 divine.
1008 2818 1147 2883 Contra:
1164 2816 1286 2881 Natura
1304 2815 1542 2894 intellectualis,
1556 2819 1588 2879 et

59 2967 65 2996 ,
80 2924 134 2983 aut
154 2921 311 2998 nominiS,
326 2928 383 2986 aut
395 2922 548 3002 rationis,
563 2945 579 2981 n
595 2923 765 2988 dicendum
819 2926 1005 3004 substantia,
1021 2929 1053 2989 et
1066 2924 1225 2989 distinctio
1237 2929 1285 2988 est
1297 2924 1331 2986 in
1345 2923 1408 2988 [leo
1421 2941 1480 3006 por
1497 2923 1588 3006 prius

59 3027 82 3090 d
100 3028 250 3093 omnibus
268 3029 319 3092 his
337 3030 461 3094 modis:
478 3029 533 3093 sed
552 3031 765 3094 communitas
818 3051 916 3116 qrmm
928 3034 963 3097 in
976 3035 1129 3099 creaturis
1142 3052 1151 3097 ε
1166 3037 1198 3097 et
1210 3051 1276 3097 non
1289 3036 1364 3097 suut
1377 3032 1472 3115 plura
1485 3033 1524 3098 de
1534 3050 1587 3096 ra-

59 3133 88 3196 is
98 3135 217 3218 duplex
233 3141 292 3217 eat,
306 3137 389 3203 sicut
402 3138 509 3204 visum
523 3143 580 3217 est,
592 3137 765 3203 scilicetne·
818 3139 903 3206 tione
916 3158 1061 3223 personae
1078 3162 1086 3204 ι
1101 3158 1192 3222 ergo,
1206 3142 1267 3204 etc.

62 3242 136 3305 dum
150 3248 279 3308 naturae
295 3245 462 3323 unitatem,
478 3248 511 3310 et
522 3247 699 3311 secundum
719 3247 765 3310 εἰ·

60 3368 106 3413 em
119 3350 344 3417 habitudinem
360 3375 368 3418 z
382 3359 414 3418 et
427 3354 532 3437 primo
550 3355 645 3419 modo
658 3355 764 3439 loqui·

63 3456 273 3525 Damascenus
288 3482 296 3524 z
311 3466 343 3525 et
356 3462 427 3526 ideo
440 3466 550 3545 patent
562 3468 687 3528 caetera.

716 3610 718 3614 -
817 3571 934 3627 Persona
946 3570 1049 3627 dicitnr
1061 3570 1201 3641 onolopice
1213 3569 1245 3627 de
1257 3572 1354 3627 crectis
1364 3574 1446 3643 otqrte
1456 3574 1586 3630 increatio

1091 3401 1317 3471 GONCLUSIO.

248 3700 473 3779 QUAEsrlop
850 3661 1587 3764 enoria:wlannnntoanopnnsacne-

478 3751 486 3768 ⁹
852 3766 941 3807 somn
953 3766 1095 3821 percnum
1113 3766 1144 3807 cn
1161 3749 1263 3806 dvenae
1276 3764 1337 3806 vero
1348 3764 1469 3822 perram
1488 3766 1587 3822 nequa.

61 3862 169 3919 Persona
181 3864 295 3920 univoce
307 3863 415 3920 deutur
429 3864 461 3922 de
474 3867 580 3932 motio,
595 3868 622 3923 et
635 3868 764 3924 innato
853 3855 935 3910 W
948 3856 957 3894 ³
971 3838 1031 3895 ’ΨΟ
1043 3838 1087 3894 ‘⁹⁶¹'
1099 3854 1153 3896 '²⁰⁷³
1167 3842 1205 3895 ω’
1218 3841 1298 3911 ΡΥιΙίις
1314 3853 1397 3909 ”W
1407 3840 1548 3910 mm·

298 3956 421 4025 personis
430 3953 450 4009 ¹.

857 3999 950 4083 Resp.
972 3998 1011 4063 ad
1032 4001 1113 4082 Arg.
1136 3999 1309 4064 Dicendum
1332 3997 1418 4081 quod
1438 3999 1501 4063 hoc
1523 4018 1585 4064 no-

64 4106 147 4166 trum
158 4104 221 4168 hoc
233 4122 363 4184 nomen,
379 4105 530 4185 Persona,
539 4105 580 4170 ait
591 4124 762 4172 commune
817 4125 910 4187 men,
932 4106 1087 4186 Persona,
1109 4106 1191 4170 sicut
1209 4106 1299 4189 prius
1311 4105 1419 4170 vismn
1433 4110 1497 4186 est,
1520 4124 1585 4170 non

61 4212 300 4291 tocumcreatie,
311 4215 343 4275 et
350 4212 498 4276 increatis
507 4214 660 4295 personis.
672 4215 762 4292 Quod
817 4214 892 4279 dicit
904 4214 965 4277 nisi
981 4212 1246 4278 communitatem
1258 4211 1472 4292 habitudinis,
1490 4231 1586 4296 super

66 4320 190 4384 videtur
205 4340 215 4384 ε
230 4320 308 4403 quia
322 4320 433 4385 eadem
452 4324 499 4384 est
511 4320 610 4401 ratio,
625 4327 656 4386 et
677 4323 761 4388 idem
816 4339 914 4404 quam
935 4320 1087 4385 tundatur
1108 4319 1322 4384 communitas
1339 4319 1482 4383 rationis.
1498 4319 1585 4403 Quo·

62 4427 285 4507 tenPeraonoe,
301 4428 479 4492 secundum
493 4428 579 4511 quod
593 4429 709 4495 dicitur
723 4432 762 4497 de
816 4429 903 4492 niem
917 4446 996 4510 crgo
1009 4426 1183 4492 consimilis
1202 4426 1358 4491 habitudo
1372 4427 1528 4509 reperitur
1550 4426 1586 4491 in

71 4535 151 4598 etde
164 4535 240 4600 illis.
817 4536 959 4618 personis
977 4534 1090 4599 creatis
1112 4539 1144 4599 et
1162 4534 1321 4610 increatis,
1335 4534 1411 4598 hinc
1433 4536 1481 4598 est
1499 4534 1584 4616 quod

62 4690 64 4699 .
91 4641 169 4706 Item
191 4643 254 4708 hoc
279 4642 427 4722 videtur,
451 4643 528 4725 quia
548 4646 762 4712 communitas
815 4643 877 4708 hoc
890 4662 1018 4719 nomen,
1037 4643 1185 4722 Persona,
1201 4660 1266 4707 non
1278 4640 1394 4707 dicitur
1407 4642 1582 4724 aequivoce,

62 4767 134 4814 onae
148 4755 195 4815 est
205 4751 420 4815 communitas
437 4752 611 4821 consimilis
629 4752 761 4820 hahitu—
816 4751 871 4816 scd
884 4751 1060 4833 analogice.
1077 4749 1138 4814 Sed
1158 4749 1386 4814 attendendum
1399 4749 1485 4831 quod
1495 4768 1585 4813 com-

62 4858 160 4921 s:sed
171 4859 343 4922 consimilis
353 4858 506 4923 habitudo
517 4877 591 4942 quae
603 4862 761 4943 reperitur
816 4860 958 4924 munitas
970 4858 1169 4923 habitudinis
1182 4861 1284 4941 potest
1301 4876 1369 4921 esse
1386 4875 1444 4940 per
1456 4875 1583 4940 respec-

63 4982 116 5043 eo,
131 4966 290 5047 reperitur
304 4970 334 5029 et
355 4966 391 5029 in
405 4969 572 5045 creatura,
588 4968 664 5049 quie
677 4969 761 5034 sicut
816 4971 887 5032 tum
898 4968 937 5031 ad
950 4985 1000 5030 res
1013 4966 1155 5048 ejusdem
1166 4964 1305 5046 generis,
1318 4969 1350 5029 et
1360 4968 1437 5029 tunc
1450 4968 1497 5028 est
1509 4964 1586 5029 uni-

63 5089 85 5132 ar
97 5076 142 5135 est
155 5073 355 5156 suppositum
368 5073 488 5137 divina
502 5077 636 5155 naturae,
649 5076 693 5140 itu
705 5076 761 5142 Pe·
816 5076 938 5140 vocatio
952 5078 984 5138 et
995 5074 1147 5154 analogia
1160 5074 1338 5138 secundum
1349 5073 1582 5156 aequalitatem,

71 5177 221 5243 humanae
237 5203 245 5244 :
261 5198 352 5262 ergo,
366 5185 426 5244 etc.
815 5188 852 5247 ut
874 5181 986 5247 Petrus
1008 5176 1059 5245 est'
1079 5179 1301 5260 individuum,
1326 5184 1358 5244 et
1388 5179 1525 5261 Paulus,
1553 5185 1585 5245 ct

64 5304 84 5363 s.
98 5303 292 5368 alentionem,
311 5319 336 5368 p.
355 5306 381 5361 t,
396 5316 495 5370 q.1.v1,
515 5307 610 5356 memb.
620 5310 650 5371 l,
664 5309 712 5357 art.
727 5313 757 5372 13

63 5375 75 5424 t.
87 5375 172 5438 Rom,
195 5378 204 5425 l
222 5378 302 5437 snit,
315 5376 374 5426 dist.
387 5388 452 5440 xxv,
468 5391 494 5441 q.
508 5389 550 5441 ης
569 5379 710 5442 henricus,
731 5380 758 5431 in
814 5378 941 5430 ttarsilins
961 5379 1078 5442 inguen.
1098 5379 1107 5427 l
1125 5377 1204 5436 sent„
1223 5389 1250 5440 q.
1261 5387 1363 5441 xxvtu,
1381 5379 1430 5427 art.
1443 5380 1473 5441 33
1493 5378 1583 5443 steph.

64 5460 104 5507 nc,
117 5450 165 5497 art.
179 5458 240 5510 cur,
254 5462 281 5512 q.
293 5450 323 5511 33
337 5448 486 5511 Richardus,
502 5449 604 5512 isene,
618 5449 676 5500 diat.
691 5462 756 5515 xxv,
814 5451 919 5515 Brulel,
934 5450 942 5500 Ι
958 5450 1039 5511 Sent,
1055 5447 1113 5500 dist.
1127 5458 1192 5512 xri,
1213 5462 1239 5513 q.
1255 5459 1299 5511 1113
1315 5449 1405 5501 Petrus
1423 5449 1454 5500 da
1468 5451 1582 5516 larunt,

65 5553 73 5579 ,
85 5531 110 5582 q.
119 5521 147 5582 23
158 5517 249 5570 Thom.
260 5520 330 5585 Arg,
341 5518 350 5568 l
363 5519 443 5584 Sene,
452 5519 512 5571 diat.
522 5532 584 5586 xxv,
594 5535 621 5586 q.
632 5534 658 5586 1,
667 5525 716 5573 art.
725 5524 756 5587 23
813 5524 823 5573 l
838 5523 917 5584 Sena,
932 5521 991 5572 dist.
1001 5532 1064 5584 xxv,
1075 5534 1103 5585 q.
1117 5530 1157 5571 ιη.
