4100 6300
450 490 547 558 lllST.
569 492 663 558 xvll.
686 492 801 558 PART.
824 492 864 558 ll.
888 491 978 556 ART.
1002 492 1027 556 1.
1048 491 1197 569 QUAEST.
1221 494 1274 559 lll.
1603 501 1662 561 29¹1

70 639 126 704 per
140 624 304 704 peccatum
316 626 466 691 mortale:
478 627 678 693 sedhoonon
691 632 738 693 est
748 626 834 693 aliud
888 631 920 691 et
928 627 990 692 hoc
999 629 1046 691 est
1052 647 1109 711 per
1117 627 1241 720 veniale
1251 633 1435 711 peccatum:
1447 631 1499 694 sed
1508 631 1663 713 quoniam

70 747 169 811 quam
180 731 366 797 charitatem
380 734 447 799 tolli
463 754 579 817 :ergo,
595 739 654 800 etc.
888 734 1013 799 veniale
1049 739 1215 818 peecatum
1251 754 1385 801 manens
1419 736 1542 802 veniale
1576 755 1662 802 nun·

108 835 188 901 ltem
205 856 300 903 omne
312 839 391 905 illud
404 843 491 924 qnod
505 843 656 908 diminuit
676 844 832 922 alterum,
888 860 988 924 quam
1006 844 1099 906 toties
1119 843 1252 908 iteratur
1270 844 1355 926 quod
1374 845 1662 927 concupiscentiam

69 948 115 1010 est
127 945 174 1009 illi
195 948 397 1029 oppositum:
414 951 468 1014 sed
479 951 603 1015 veniale
617 999 625 1026 ,
641 951 693 1015 vel
711 951 834 1034 cupidi·
888 953 1018 1030 augeat,
1031 949 1076 1014 ita
1086 950 1172 1031 quod
1182 950 1303 1032 aliquid
1314 951 1426 1033 diligat
1437 971 1534 1034 supra
1544 952 1659 1030 lleum3

68 1052 191 1116 tassive
202 1055 457 1144 concupiscentia
470 1057 549 1121 citra
562 1056 679 1137 lleum,
694 1077 760 1136 non
774 1076 834 1140 op·
888 1053 959 1118 ideo
969 1055 1108 1118 charitas
1117 1074 1174 1138 pcr
1186 1056 1327 1121 venialia
1336 1061 1439 1139 potest
1450 1058 1596 1135 diminui,
1607 1058 1661 1123 sed

68 1159 199 1243 ponitur
212 1160 369 1242 charitati,
385 1163 485 1228 immo
497 1169 543 1228 cst
556 1165 690 1229 omnino
702 1164 747 1229 illi
761 1183 834 1229 con·
888 1179 955 1225 non
970 1161 1037 1225 tolli
1053 1182 1060 1224 :
1077 1161 1199 1226 tollitur
1212 1166 1320 1227 autem
1335 1182 1391 1245 per
1410 1164 1560 1242 mortale,
1576 1164 1661 1246 quod

67 1268 216 1349 tingens:
232 1287 311 1351 ergo
324 1288 388 1334 uon
402 1270 604 1337 diminuitur.
888 1274 987 1350 auget
999 1269 1286 1353 concupiscentiam
1295 1270 1511 1353 supralleum.
1522 1269 1582 1335 Sed
1592 1272 1662 1336 baec

107 1374 197 1454 Item,
208 1376 295 1458 quod
307 1376 459 1441 diminuit
471 1378 618 1458 alterum,
635 1378 729 1442 habet
743 1397 834 1462 posse
888 1380 1012 1462 opinio,
1029 1385 1066 1444 ut
1086 1399 1183 1464 supra
1207 1382 1378 1464 probatum
1398 1387 1464 1461 est,
1478 1401 1544 1446 non
1566 1382 1662 1447 babet

67 1500 162 1564 super
174 1482 255 1548 illud
268 1502 277 1547 ε
288 1485 342 1549 aed
352 1486 476 1550 veniale
493 1505 559 1550 non
571 1487 666 1550 habet
678 1505 769 1570 posse
783 1506 834 1551 su·
887 1486 998 1550 stabile
1011 1487 1275 1566 fundamentum
1290 1489 1443 1570 quoniam
1451 1489 1660 1554 substantiale

66 1608 122 1672 per
138 1590 341 1671 charitatem,
369 1594 447 1675 quia
468 1594 540 1677 plus
565 1594 671 1676 diligit
697 1595 833 1660 charitas
887 1601 1101 1677 augmentum
1126 1596 1285 1660 charitatis
1309 1616 1374 1661 non
1401 1599 1489 1662 venit
1513 1617 1532 1661 a
1559 1598 1660 1663 libero

66 1696 176 1784 Deum,
188 1716 288 1781 quam
297 1700 636 1781 cupiditascreaturam
649 1726 656 1766 :
668 1720 758 1785 ergo,
773 1708 831 1768 etc.
887 1704 1017 1768 arbitrio
1033 1726 1041 1768 :
1057 1704 1128 1770 ideo
1139 1692 1198 1769 nec
1210 1725 1230 1769 a
1243 1707 1502 1789 eoncupiscentia
1514 1706 1660 1771 diminu-

105 1803 184 1869 ltem
203 1806 266 1871 hoo
284 1807 391 1890 ipsum
411 1808 587 1872 ostenditur
606 1827 663 1890 per
687 1809 835 1894 impossi-
887 1809 944 1875 tio.
1004 1807 1007 1810 ’

67 1912 230 1978 sibilehoc
243 1914 338 1978 modo
355 1937 362 1979 :
379 1915 412 1980 Si
424 1916 548 1980 veniale
561 1916 713 1982 diminuit
727 1919 833 1984 chari-
927 1916 1181 2001 Etpropterhoc
1194 1918 1323 2001 ponitur
1341 1919 1403 1983 alia
1420 1919 1529 2003 opinio
1543 1920 1660 2002 proba·
1699 1941 1779 1999 opinio

66 2024 173 2100 tatem,
188 2039 270 2103 ergo
283 2021 401 2104 aliquid
415 2023 565 2088 diminuit
582 2025 622 2088 ab
634 2024 703 2107 ipsa
717 2048 725 2088 :
740 2045 831 2109 ergo,
886 2024 989 2102 bilior,
1007 2027 1093 2108 quod
1106 2025 1242 2090 charitas
1255 2045 1322 2090 non
1335 2026 1496 2091 minuitur
1506 2026 1657 2091 substan-
1674 2006 1779 2051 Μ’·

67 2126 92 2189 si
116 2127 254 2191 charitas
276 2147 342 2193 non
364 2135 412 2193 est
432 2131 567 2194 infinitae
589 2133 831 2215 magnitudinis,
886 2132 1018 2211 tialiter3
1041 2135 1073 2196 et
1092 2132 1162 2196 haec
1174 2132 1282 2216 opinio
1296 2132 1451 2198 tundatur
1465 2151 1562 2215 super
1575 2134 1655 2210 hoc,

66 2252 142 2315 ergo
155 2235 281 2300 veniale
303 2236 469 2319 aliquoties
481 2238 632 2303 iteratum
647 2242 747 2304 totam
765 2240 834 2305 adi·
886 2240 973 2323 quod
985 2245 1198 2322 augmentum
1218 2240 1379 2304 charitatis
1399 2240 1468 2304 fleri
1488 2242 1583 2306 habet
1602 2261 1659 2326 per

66 2342 340 2423 mitcharitatem3
356 2344 572 2427 quodfalsum
588 2350 645 2410 est.
886 2348 1096 2428 additionem,
1118 2348 1170 2413 vel
1193 2349 1427 2412 incrementum
1452 2347 1585 2430 majoris
1607 2349 1659 2411 in-

105 2449 198 2529 ltem,
223 2450 252 2513 si
273 2450 424 2517 diminuit
442 2453 626 2517 charitatem
654 2455 831 2520 secundum
886 2456 1028 2520 fluentia
1050 2476 1059 2519 ε
1083 2474 1148 2539 quo
1172 2454 1353 2537 supposito,
1380 2453 1551 2518 dicendum
1572 2456 1659 2538 quod

67 2557 295 2638 substantiam,
318 2577 397 2640 ergo
423 2562 541 2625 minuit
562 2563 733 2644 praemium
757 2564 831 2628 sub·
877 2553 1022 2627 'charitas
1035 2563 1214 2628 secundum
1229 2561 1439 2625 substantiam
1455 2580 1522 2627 non
1534 2563 1657 2627 minui-

67 2666 207 2729 stantiale
220 2666 252 2731 ei
264 2666 407 2732 debitum
419 2691 426 2732 :
438 2668 491 2732 sed
505 2670 674 2752 preamium
688 2672 834 2736 substan-
885 2675 954 2749 tur,
969 2671 1024 2735 sed
1044 2673 1193 2752 augetur.
1209 2667 1248 2733 Et
1266 2668 1347 2732 ratio
1362 2667 1462 2750 huius
1482 2670 1623 2733 sumitur
1638 2688 1658 2733 a

66 2770 135 2835 tialo
149 2776 195 2836 cst
207 2773 332 2837 bonum
346 2778 503 2838 eternum
519 2795 527 2840 :
545 2795 624 2858 ergo
637 2779 762 2843 veniale
773 2779 833 2843 ali-
885 2782 975 2860 parte
996 2778 1149 2861 oppositi,
1172 2777 1239 2842 sive
1259 2776 1395 2858 agentis.
1418 2773 1500 2839 Nam
1521 2776 1657 2840 charitas

66 2880 141 2961 quid
149 2881 255 2946 aufert
265 2882 304 2946 de
313 2882 398 2946 bono
407 2886 528 2948 auterno
540 2903 548 2947 :
560 2885 738 2951 sedablatio
756 2887 832 2951 boni
885 2904 952 2950 non
970 2885 1066 2949 habet
1083 2884 1281 2967 oppositum,
1303 2883 1365 2945 nisi
1388 2884 1521 2947 mortale
1543 2901 1657 2966 pecca-

66 2988 256 3066 aeterni,vel
274 2989 469 3073 simpliciter,
491 2991 543 3056 vel
562 2993 739 3059 secundum
758 3014 831 3078 par·
885 2997 955 3056 tum
979 3014 986 3056 ε
1010 3010 1068 3075 per
1086 2992 1164 3056 illud
1185 2994 1293 3055 autem
1316 3008 1382 3054 non
1404 2989 1581 3066 minuitur,
1602 2990 1657 3054 sed

66 3102 138 3178 tem,
154 3104 202 3165 est
214 3119 313 3186 poena
322 3107 442 3168 aterna
457 3126 465 3168 ι
481 3121 560 3187 ergo
573 3106 699 3172 veniale
723 3126 831 3173 mere.
885 3099 1005 3164 tollitur
1020 3121 1028 3164 :
1043 3097 1297 3182 concupiscentia
1309 3100 1435 3175 autem,
1450 3098 1518 3162 sive
1534 3097 1657 3181 cupidi·

65 3212 115 3271 tur
125 3227 255 3291 poenam
270 3214 445 3276 aeternam:
463 3214 550 3296 quod
559 3219 607 3280 est
619 3220 730 3280 contra
742 3233 831 3281 com·
885 3210 944 3283 tas,
957 3211 989 3272 et
1000 3207 1125 3273 veniale
1138 3210 1314 3289 peccatum,
1327 3211 1535 3288 opponuntur
1549 3206 1658 3269 chari-

66 3333 194 3381 munem
217 3317 414 3401 opinionem.
448 3318 483 3384 Si
510 3338 590 3402 ergo
615 3321 740 3387 veniale
766 3342 832 3388 non
884 3315 943 3379 tati
953 3316 1131 3380 secundum
1144 3314 1302 3379 fervorem
1320 3314 1443 3392 solum,
1466 3314 1542 3396 quia
1560 3314 1657 3379 simul

66 3422 304 3506 minuitunum,
320 3444 378 3490 nec
391 3425 490 3491 aliud.
885 3426 985 3501 stant,
1013 3428 1047 3488 et
1068 3421 1314 3487 substantialiter
1340 3424 1416 3485 sunt
1439 3439 1507 3485 sese
1532 3422 1656 3485 contin-

885 3532 1005 3614 gentia.
1030 3531 1069 3596 Et
1090 3532 1161 3596 ideo
1184 3528 1374 3595 solvendum
1391 3529 1431 3593 ad
1449 3529 1514 3594 duo
1534 3530 1654 3613 prima,

315 3676 575 3744 GONGLUSHJ·
885 3641 972 3723 quod
984 3640 1063 3706 illud
1076 3638 1250 3721 Augustini
1262 3638 1301 3702 de
1314 3636 1485 3720 cupiditate
1496 3639 1656 3703 etminori

885 3766 1005 3827 amore,
1020 3747 1166 3811 similiter
1176 3746 1217 3810 ad
1230 3745 1309 3809 illud
1322 3745 1361 3809 de
1374 3745 1492 3809 veniali
1512 3745 1656 3811 diminu-

66 3829 185 3887 ΜΨ
195 3831 339 3888 mmm
349 3833 532 3889 mmmmm
545 3847 599 3889 '‘⁰'‘
612 3835 756 3902 minum,
772 3850 831 3890 mm
885 3856 988 3931 tione,
1003 3855 1111 3919 locum
1123 3854 1220 3917 habet
1239 3853 1343 3916 solum
1356 3855 1514 3934 quantum
1533 3853 1573 3915 ρὰ
1593 3853 1656 3918 ler-

97 3936 148 3977 aon
161 3923 259 3979 tabeat
270 3926 327 3980 alsi
334 3928 473 3995 peccatum
492 3925 606 3980 mortale
616 3939 668 3996 pro
688 3929 828 3999 opposito,

99 4026 179 4083 aquo
193 4028 249 4070 „on
264 4015 407 4081 minuar,
420 4014 466 4071 ,ed
479 4018 537 4070 tom
551 4015 669 4071 pompm·
886 3981 996 4027 vorem
1010 3961 1194 4026 charitatis:
1210 3965 1243 4024 et
1259 3960 1303 4023 sic
1324 3962 1433 4042 patent
1452 3959 1517 4023 duo
1540 3961 1654 4042 prima.

885 4069 1159 4135 Sumituretratio
1167 4085 1266 4151 quare
1275 4067 1411 4131 charitas
1420 4084 1485 4129 non
1497 4066 1657 4132 minuitur

103 4176 192 4263 llesp.
214 4181 256 4246 ad
281 4182 418 4264 Argum.
441 4182 614 4248 [licendum
638 4184 724 4266 quod
749 4183 831 4249 circa
884 4182 1004 4261 aparte
1017 4177 1118 4259 ipsius
1129 4174 1277 4257 subjecti,
1293 4172 1379 4256 quod
1394 4178 1441 4237 est
1452 4174 1589 4238 liberum
1604 4194 1655 4239 ar-

67 4282 124 4348 hoc
144 4286 265 4370 duplex
277 4289 385 4371 opinio
398 4294 461 4367 est,
475 4290 606 4354 lundata
619 4309 716 4375 super
727 4291 830 4375 dupli·
884 4286 1028 4363 bitrium,
1039 4282 1216 4347 secundum
1228 4280 1469 4345 conversionem
1482 4281 1521 4344 ad
1532 4281 1653 4347 boum:

68 4408 131 4455 ocm
143 4393 325 4477 opinionem
337 4397 568 4479 precedentem
581 4397 620 4461 de
639 4397 733 4462 modo
747 4417 829 4479 aug·
884 4396 1023 4460 liberum
1048 4395 1156 4456 autem
1182 4389 1351 4453 arbitrium
1377 4389 1417 4453 ad
1440 4393 1656 4470 augmentum

45 4502 223 4584 ⁰mentandi
245 4501 443 4567 charitatem.
460 4502 596 4581 Quidam
615 4504 701 4568 enim
720 4504 830 4568 dicunt
884 4501 1047 4566 charitatis
1063 4519 1096 4563 sc
1110 4498 1248 4580 disponit
1261 4515 1318 4579 per
1333 4496 1548 4575 habilitatem3
1564 4497 1656 4560 simi-

45 4603 246 4673 ·cbarltatem
269 4611 381 4691 augeri
399 4630 456 4693 per
473 4611 779 4694 impermixtionem
798 4616 830 4676 et
883 4610 955 4673 liter
981 4608 1021 4672 ad
1052 4605 1298 4671 diminutionem
1329 4622 1385 4685 per
1417 4603 1655 4669 dehabilitatcm

68 4730 137 4776 cum
150 4703 366 4799 impermixtio
377 4721 481 4802 major
490 4720 529 4783 sit
537 4721 713 4785 secundum
725 4721 829 4803 majo·
884 4717 963 4781 citra
987 4713 1120 4780 mortale
1147 4733 1155 4777 ε
1181 4710 1237 4777 sed
1262 4712 1333 4776 haec
1359 4711 1522 4794 dispositio
1545 4715 1593 4775 cst
1617 4712 1656 4777 do

68 4838 132 4884 rem
142 4823 233 4887 liberi
245 4825 366 4889 arbitrii
386 4827 702 4908 habilitationem,ct
715 4846 829 4891 secun·
885 4843 1053 4907 congruo,
1080 4839 1145 4886 non
1171 4821 1209 4884 de
1234 4820 1394 4899 condigno
1419 4840 1427 4882 ε
1454 4821 1485 4882 ct
1502 4818 1656 4899 quoniam

69 4927 141 4992 dum
171 4933 432 5016 concupiscentiae
463 4935 729 5015 diminutionem,
756 4940 787 4999 ct
811 4955 829 4999 e
886 4932 967 4996 beas
988 4935 1036 4997 est
1054 4927 1185 5013 pronior
1203 4927 1242 4990 ρὰ
1262 4925 1478 4989 miserendum
1496 4943 1594 5007 quam
1614 4926 1656 4991 ad

69 5038 219 5102 contrario
232 5041 400 5122 permixtio
414 5061 472 5125 per
485 5042 775 5107 dehabilitationem
787 5044 828 5107 li·
884 5038 1178 5115 condemnandum,
1200 5034 1284 5099 etad
1301 5033 1486 5098 donandum
1503 5050 1603 5115 quam
1615 5034 1656 5098 ad

68 5141 130 5206 beri
147 5146 268 5210 arbitrii
287 5152 319 5213 et
339 5151 634 5230 augmentationem
662 5151 829 5234 concupis-
884 5144 1147 5221 abstrahendum3
1162 5142 1238 5205 hinc
1251 5144 1299 5205 est
1309 5141 1395 5224 quod
1405 5141 1591 5204 charitatem
1601 5139 1657 5202 tri-

68 5251 188 5331 centiae3
203 5253 314 5319 dicunt
326 5274 382 5338 per
396 5274 593 5339 consequens
607 5276 678 5321 eam
691 5258 829 5322 diminui
884 5256 955 5319 buit
969 5271 1045 5317 cum
1062 5270 1096 5315 se
1113 5251 1251 5314 liberum
1265 5248 1432 5312 arbitrium
1456 5245 1595 5327 disponit
1616 5244 1656 5309 de

69 5359 235 5422 secundum
243 5363 470 5445 quodaugetur
483 5364 829 5447 cupiditasvelconcu-
884 5378 1039 5443 congruo,
1055 5359 1187 5423 sednon
1201 5356 1365 5430 abstrahit,
1383 5356 1440 5418 nisi
1457 5354 1584 5437 quando
1600 5370 1656 5418 no
1675 5422 1676 5425 ,

68 5460 824 5546 piscantia,etdahabibtaturliberumarbitrium:
883 5468 1019 5535 cessario
1039 5485 1073 5534 se
1097 5464 1236 5547 disponit
1256 5463 1296 5529 ad
1319 5463 1579 5538 abstractionem,
1603 5460 1655 5527 val
