4100 6300
520 408 618 475 bist.
640 410 746 479 xxvi.
767 415 860 482 ΛΒΤ.
882 415 907 481 Ι.
930 416 1082 495 QUAEST.
1105 420 1156 488 lv.
1570 431 1629 493 lat

60 538 222 620 ›roprietas
238 537 390 604 Similiter
403 558 500 607 omne
513 544 600 626 quod
616 545 804 630 distinguit,
860 554 892 615 et
904 553 1034 636 spiratio
1047 555 1162 638 activa,
1177 560 1210 624 et
1221 518 1367 643 passiva,
1384 564 1416 625 et
1428 560 1463 625 iu
1477 561 1630 628 universo

60 646 144 728 liquo
166 646 260 712 modo
286 646 436 730 importat
460 651 646 717 relationem
671 677 679 718 :
705 657 807 738 igitur
859 667 1015 750 quinquo.

61 752 140 816 *mnis
151 752 260 817 relatio
270 755 459 837 proprietas,
470 761 501 822 et
514 760 620 824 omnis
630 764 806 846 proprietas
900 772 1007 839 Prima
1023 776 1134 860 opinio
1154 779 1292 861 sumpsit
1314 777 1470 843 rationem
1487 781 1593 863 magis
1611 800 1630 847 e
1657 783 1748 841 leur-¹·

60 860 155 924 elatio.
179 860 239 924 Sed
261 861 366 926 omnis
384 864 472 928 notio
495 872 542 931 est
558 870 735 952 proprietas
753 873 804 938 vel
858 881 1049 966 longinquo,
1064 889 1097 950 et
1107 886 1178 950 ideo
1192 887 1477 968 magjsaveritfltfl
1488 890 1626 959 recessit,

60 965 167 1031 elatio:
183 965 282 1049 igitur
293 969 398 1032 omnis
412 970 500 1035 notio
514 976 562 1036 cst
571 976 758 1058 proprietas,
772 983 804 1043 et
861 987 1007 1056 Secunda
1027 992 1131 1075 magis
1148 993 1193 1058 de
1215 993 1412 1077 propinquo,
1434 994 1505 1062 ideo
1525 998 1629 1080 magis

60 1075 176 1139 imiliter
189 1075 310 1142 relatio.
326 1076 366 1142 Et
378 1078 422 1143 ita
438 1084 570 1147 cxtnuso
583 1084 715 1150 nomine
727 1092 804 1152 sunt
857 1099 984 1166 veritati
993 1098 1271 1183 appropinquavit.
1282 1098 1390 1164 Tertia
1398 1101 1483 1165 sicut
1498 1102 1624 1170 debuit:
1650 1116 1746 1176 rapsa.

60 1182 169 1265 'qualia
185 1204 192 1247 ³
207 1182 278 1247 ides>
291 1182 376 1249 idem
397 1189 445 1249 ⁶⁸2
456 1205 630 1270 numerus,
646 1195 677 1255 θῖ
692 1193 802 1259 eadem
857 1209 928 1273 ideo
948 1206 1116 1270 veritatem
1135 1205 1232 1285 dixit,
1247 1207 1369 1289 posuit,
1389 1211 1421 1274 ct
1439 1208 1573 1275 invenit.
1589 1210 1628 1277 Et
1645 1232 1743 1278 naisso

61 1291 115 1354 atio
126 1290 310 1373 assignandi
324 1311 498 1359 numerum
513 1297 549 1360 in
563 1298 714 1364 omnibus
733 1302 802 1367 istis
856 1317 985 1380 haecest
996 1312 1126 1397 positio,
1145 1331 1243 1396 quam
1263 1317 1349 1379 tenet
1362 1316 1541 1381 communis
1553 1318 1627 1402 opi·
1640 1294 1722 1352 θρίω·

61 1397 226 1462 Ominibus·
246 1397 493 1482 Intelligendum
505 1403 608 1485 585th
620 1406 705 1488 ‘1⁰⁰d
719 1407 803 1473 0510&
856 1423 910 1488 nio
922 1421 1164 1504 magistrorum,
1177 1420 1321 1486 notiones
1333 1439 1401 1487 esse
1415 1422 1560 1507 quiuqm
1577 1429 1628 1491 :et

61 1525 203 1571 umerum
215 1508 445 1591 proprietatum
460 1515 523 1576 tres
535 1512 665 1578 fuerunt
678 1515 801 1598 opinio-
855 1530 936 1594 ratio
948 1529 1051 1610 hujus
1065 1525 1155 1609 prius
1167 1527 1237 1591 visa
1248 1531 1305 1591 est.

60 1633 106 1678 es:
117 1614 246 1697 quidam
256 1614 660 1702 dilltllllssltllwd5¹¹fl¹1st<t³3
671 1625 801 1707 quidam
896 1643 925 1701 l.
944 1634 993 1701 Λᾶ
1007 1633 1087 1698 illud
1103 1633 1206 1715 igitur
1225 1633 1311 1717 quod
1329 1634 1479 1717 objicitur
1499 1637 1539 1701 de
1559 1655 1627 1703 res-

60 1721 117 1785 uod
128 1726 211 1802 tres;
227 1722 359 1806 quidam
372 1727 457 1808 quod
471 1728 625 1811 quinque.
640 1727 730 1794 Ratio
741 1750 801 1796 au·
854 1742 998 1826 pectibus
1010 1745 1043 1805 et
1056 1739 1348 1823 comparationibus
1360 1740 1507 1822 infinitis,
1523 1743 1627 1809 dicen·

60 1847 97 1890 em
105 1827 240 1894 diverses
250 1831 412 1913 opinionis
419 1834 491 1910 tuit,
502 1835 578 1917 quia
590 1835 801 1903 diversimode
854 1848 933 1913 dum
953 1847 1037 1931 quod
1051 1865 1111 1910 nec
1124 1845 1346 1928 proprietates,
1362 1865 1421 1911 nec
1441 1847 1624 1929 relationes,

60 1936 174 2000 olion&
195 1937 489 2005 consideraverunt·
505 1941 800 2018 Quiwsssiderave·
853 1958 930 2019 sunt
938 1954 1095 2028 notiones,
1106 1951 1169 2016 nisi
1178 1970 1251 2035 quae
1258 1953 1434 2035 important
1445 1959 1625 2037 respectum

60 2044 185 2108 mtillas
199 2044 235 2108 in
248 2047 486 2129 comparatione
497 2048 536 2112 ad
550 2067 604 2113 eos
615 2050 733 2132 quibus
749 2051 801 2115 in·
853 2061 1105 2142 distinguentem
1118 2076 1287 2141 personam
1302 2073 1327 2123 a·
1339 2076 1496 2143 persona:
1519 2065 1551 2125 et
1564 2061 1641 2127 boc·

60 2155 212 2231 meseum,
228 2152 380 2219 dixerunt
392 2174 446 2220 088
459 2156 601 2221 infinitas
617 2176 703 2238 0⁸⁸0,
722 2160 801 2242 quia
853 2173 900 2234 cst
913 2172 1076 2251 respectus
1089 2165 1241 2247 originis,
1257 2166 1313 2248 qui
1334 2169 1461 2230 tamum
1480 2167 1625 2251 quinque

60 2261 242 2326 erinlluitas
264 2264 516 2345 comparationes
532 2269 564 2329 et
576 2266 799 2332 similitudines
852 2271 956 2337 modis
986 2268 1200 2353 spectantibus
1231 2268 1271 2333 ad
1301 2267 1492 2349 dignimtem
1524 2274 1625 2352 potest

60 2373 233 2452 respectus
244 2369 328 2435 [leus
346 2372 440 2435 nobis
457 2373 634 2437 innotescit.
648 2374 709 2452 Qui
721 2394 799 2440 vero
852 2378 1031 2462 comparari
1048 2399 1055 2441 :
1071 2375 1142 2441 ideo
1155 2378 1240 2458 patet
1252 2375 1342 2439 illud.

60 2477 310 2542 ›nsideravenmt
328 2479 361 2542 in
383 2481 617 2563 comparatione
637 2481 677 2547 ad
694 2483 797 2566 hypo·
892 2491 922 2551 3.
937 2485 987 2550 Ad
1004 2483 1084 2548 illud
1102 2481 1187 2566 quod
1207 2481 1372 2564 objicitur,
1392 2481 1477 2565 quod
1498 2486 1623 2547 tantum

60 2587 132 2645 ases'
143 2601 220 2665 quae
234 2584 490 2666 distinguuntur,
506 2587 557 2650 vel
569 2588 794 2670 innotescunt,
851 2598 915 2657 tres
925 2590 1132 2676 perverbum
1146 2587 1347 2668 Damasceui3
1359 2589 1530 2654 dicendum
1537 2590 1624 2673 quod

61 2696 175 2754 xerunt
185 2693 314 2755 tantum
329 2698 404 2771 tres,
417 2694 494 2776 quie
505 2697 630 2759 tantum
643 2700 707 2760 tres
722 2704 797 2761 sunt
850 2701 911 2765 sub
924 2698 1132 2782 generatione
1148 2694 1390 2778 comprehendit
1403 2696 1482 2761 duas
1494 2696 1624 2761 relatio-

60 2815 168 2862 =rsonae
185 2820 193 2862 :
209 2797 281 2862 ideo
294 2803 421 2864 tanturn
433 2801 494 2865 tria
505 2808 581 2865 sunt
594 2805 724 2885 propria
739 2822 796 2886 per
850 2827 918 2884 nes,
934 2807 1079 2872 similiter
1091 2806 1154 2869 sub
1165 2803 1379 2886 processione.

61 2922 99 2966 1ae
110 2905 304 2970 sufficienter
317 2906 529 2973 innotescunt.
548 2907 609 2987 Qui
628 2928 706 2975 vcro
718 2929 797 2975 con·
890 2920 920 2978 l.
936 2913 986 2978 Ad
1000 2912 1080 2976 illud
1100 2912 1187 2994 quod
1205 2911 1356 2994 objicitur
1374 2911 1461 2995 quod
1474 2912 1621 2995 proprie-

60 3011 246 3079 leravcrunt
272 3020 429 3097 quantum
453 3016 493 3081 ad
517 3020 656 3082 rationes
677 3020 796 3103 quibus
849 3024 898 3084 tas
916 3018 1007 3083 debet
1027 3018 1169 3083 converti
1189 3035 1266 3082 cum
1284 3036 1428 3099 persona,
1450 3018 1621 3084 dicendum

61 3123 237 3198 notescunt,
257 3120 408 3187 dixerunt
420 3142 487 3189 esse
501 3126 666 3209 quinque:
682 3126 793 3192 eadem
848 3126 935 3211 quod
952 3145 1068 3191 verum
1087 3129 1133 3191 est
1150 3125 1189 3190 de
1205 3125 1260 3189 illa
1283 3141 1358 3210 quse
1376 3130 1422 3190 est
1445 3128 1622 3212 proprietas

62 3227 108 3290 im
121 3232 169 3292 est
181 3230 265 3294 ratio
276 3230 503 3309 innotescendi,
515 3236 546 3297 et
559 3233 789 3315 distinguendi.
847 3233 1022 3317 personalis
1035 3233 1153 3297 iaciens
1165 3250 1335 3316 personam
1349 3252 1417 3298 esse
1430 3251 1616 3317 personam:

61 3334 175 3400 dratio
191 3335 412 3418 distinguendi
425 3339 578 3422 accipitur
590 3359 610 3404 a
624 3346 713 3425 parte
726 3344 791 3406 ori-
846 3344 956 3403 tamen
977 3356 1043 3402 non
1066 3338 1232 3422 sequitur,
1253 3340 1280 3402 si
1302 3341 1518 3420 convertitur,
1533 3341 1620 3423 quod

61 3442 107 3505 nis
120 3462 129 3507 t
144 3447 203 3509 aut
213 3444 315 3525 igitur
330 3446 475 3527 positive,
490 3452 548 3511 aut
560 3448 720 3530 privative
737 3472 745 3513 ε
765 3450 793 3513 si
846 3451 894 3510 tot
913 3446 994 3521 sint,
1017 3449 1049 3510 et
1066 3463 1133 3509 non
1153 3445 1277 3528 plures,
1291 3447 1446 3529 quoniam
1468 3465 1574 3512 unum
1589 3453 1620 3513 et

62 3548 199 3630 ivative,
219 3554 277 3616 aut
289 3551 395 3634 privat
408 3553 567 3634 originem
588 3574 646 3637 per
659 3555 792 3621 modurn
846 3553 931 3618 idem
943 3557 1045 3636 potest
1058 3553 1179 3617 habere
1191 3552 1285 3636 plura
1300 3555 1530 3619 convertibilia.

61 3656 240 3738 educentis,
261 3661 293 3722 et
311 3656 373 3723 hoc
397 3677 464 3723 non
486 3660 563 3724 dicit
582 3647 790 3741 nobilitatem,
886 3665 916 3725 5.
932 3661 981 3725 Ad
995 3660 1075 3725 illud
1092 3661 1178 3743 quod
1198 3661 1348 3743 objicitur
1369 3662 1409 3726 de
1431 3662 1619 3744 syllogismo

61 3762 135 3827 licet
153 3782 223 3828 uon
242 3764 436 3846 producere,
449 3765 521 3831 ideo
534 3785 600 3831 non
613 3772 661 3832 est
680 3770 789 3849 notio;
844 3768 911 3848 illo,
931 3767 1103 3832 dicendum
1116 3767 1201 3850 quod
1215 3768 1249 3831 iu
1262 3785 1412 3850 processu
1430 3768 1485 3833 illo
1499 3775 1548 3834 est
1558 3771 1618 3835 lal-

63 3870 189 3952 tprivat
198 3870 358 3953 originem
371 3891 429 3956 per
443 3874 575 3938 modum
587 3875 744 3957 producti,
759 3881 792 3941 ct
845 3875 925 3939 lacia
940 3874 1120 3951 accidentis,
1135 3873 1217 3938 sicut
1229 3874 1301 3938 bic:
1318 3873 1438 3939 «Pater
1452 3879 1499 3939 est
1512 3877 1618 3941 innas-

62 3995 78 4041 c
97 3978 148 4042 vel
169 3978 358 4061 specialiter,
373 3980 422 4045 vel
444 3982 658 4063 generaliter:
675 3982 703 4046 si
716 4001 790 4065 spe·
845 3982 979 4046 cibilitas
994 4004 1001 4045 :
1018 3986 1050 4046 et
1064 3981 1156 4046 Pater
1170 3987 1217 4046 est
1229 3983 1401 4065 paternitas
1418 4005 1425 4047 :
1442 3983 1544 4065 igitur
1556 3986 1625 4068 pa-‘

62 4083 147 4161 liter,
170 4104 240 4150 non
256 4086 330 4149 dicit
352 4088 566 4167 nobilitatem;
584 4091 611 4153 si
629 4090 791 4171 generali·
844 4090 976 4152 ternitas
990 4093 1037 4153 est
1051 4088 1278 4153 innascibilitas
1293 4112 1300 4152 :
1314 4111 1329 4148 o
1342 4089 1417 4171 quia
1431 4090 1517 4173 quod
1529 4092 1617 4155 altri·

62 4212 75 4267 ·,
91 4194 135 4257 sic
148 4193 226 4257 dicit
247 4194 469 4259 nobilitatem:
485 4200 516 4260 et
529 4196 599 4261 ideo
613 4196 703 4260 nolio
718 4198 787 4280 pri·
843 4196 955 4260 buitur
975 4196 1119 4278 subjecto
1143 4195 1212 4259 sive
1233 4194 1411 4278 hypostasi,
1429 4197 1616 4263 attribuitur

63 4298 125 4362 tiva
137 4303 184 4364 est
194 4319 262 4364 una
275 4300 352 4382 sola,
367 4301 484 4367 scilicet
496 4302 738 4368 innascibilitas.
754 4304 788 4370 Si
843 4302 1035 4367 habitudini.
1052 4301 1159 4366 Posset
1171 4306 1277 4367 tamen
1289 4302 1365 4385 poni
1379 4303 1487 4384 ligura
1502 4303 1615 4369 dictio-

62 4410 122 4471 lem
145 4407 322 4490 accipiatur
342 4413 468 4492 aparte
488 4409 624 4490 originis
641 4411 786 4494 positive,
842 4409 947 4473 nisex
960 4409 1047 4473 modi
1061 4408 1255 4491 praedicandi
1269 4409 1464 4487 mutatione,
1486 4409 1564 4492 quia
1578 4410 1614 4475 in

62 4530 89 4575 m
104 4514 225 4597 duplex
236 4515 278 4578 sit
289 4515 393 4597 origo,
408 4519 441 4580 et
453 4516 582 4581 cuilibet
600 4519 790 4601 respondeat
842 4516 959 4581 divinis
971 4516 1106 4581 essentia
1119 4516 1312 4600 praedicatur
1323 4520 1360 4579 ut
1371 4515 1464 4597 quid,
1478 4534 1613 4599 persona

63 4622 374 4705 necessitateduplex
382 4622 547 4703 habitudo,
558 4623 788 4690 denecessitate
842 4626 880 4689 ut
892 4627 982 4706 qum,
1002 4625 1091 4701 notio
1122 4627 1159 4687 ut
1187 4639 1248 4705 puo
1262 4622 1323 4706 (a),
1340 4626 1373 4687 et
1389 4623 1573 4706 proceditur
1593 4643 1613 4688 a

63 4731 112 4791 mt
124 4733 277 4811 quatuor,
289 4730 454 4810 generatio
467 4730 590 4811 activa,
606 4735 638 4795 et
649 4732 786 4817 passiva,
841 4749 978 4814 persona
991 4730 1031 4794 ad
1044 4730 1220 4797 notionem.

62 4857 82 4910 ol
97 4853 169 4903 Edit.
189 4853 320 4921 nmque.
