4100 6300
568 465 755 533 DlSTlNCT.
778 465 883 532 xxix.
904 465 994 531 ΛΒΤ.
1015 466 1041 530 Ι.
1061 463 1211 544 Quasi.
1234 465 1273 529 11.
1650 479 1705 538 tri

125 605 210 690 prius
224 604 377 685 ordinem,
393 604 464 669 ideo
474 602 657 686 simpliciter
670 602 822 685 recipitur
830 602 884 667 in·
940 602 1098 682 univoce,
1120 601 1171 666 vel
1197 600 1375 684 equivoce3
1402 606 1434 666 et
1453 604 1538 686 quod
1559 605 1707 685 univoce,

40 679 93 814 ,ᾖξ’
124 711 219 778 onoc
233 710 543 794 pcncpu3uonu0
558 727 636 775 vcro
648 710 763 793 prioris
774 709 885 773 minus
939 707 1225 773 occursorum
1244 707 1436 792 dicisquoc
1459 709 1710 780 atropatus-

45 811 90 910 {s'
123 819 263 903 proprie,
289 821 321 883 et
347 836 423 883 cum
453 816 724 882 determinatione.
749 815 885 881 Intentio
937 833 1010 898 perc
1022 834 1098 880 cum
1110 816 1261 880 creaturis
1274 819 1708 898 estcommune3sedtoberc
1789 889 1794 898 ,

122 929 226 990 numm
240 924 399 1007 principii,
413 927 509 1007 prout
520 925 625 1007 privat
642 923 795 1000 anterius,
810 941 884 1006 pro·
939 941 997 1007 per
1003 925 1184 1004 essentiam,
1196 919 1372 1006 proprium.
1384 925 1418 990 Si
1426 925 1529 1008 igitur
1538 946 1709 995 commune

40 1017 80 1058 “³
122 1031 275 1115 priisnime
296 1032 448 1114 recipitur
468 1031 502 1094 in
521 1030 602 1109 Deo,
620 1031 761 1094 maxime
781 1047 884 1112 quan·
940 1037 987 1097 est
1010 1032 1169 1115 accipere,
1192 1049 1270 1113 ergo
1291 1036 1322 1097 et
1341 1033 1416 1098 dare
1431 1056 1439 1098 ε
1456 1039 1487 1099 et
1500 1035 1527 1099 si
1540 1035 1619 1114 hoc,
1634 1056 1709 1102 cum

40 1123 86 1166 ''4'
122 1138 417 1221 tumadpersonam
431 1136 534 1202 Patris
551 1142 604 1202 :et
615 1137 686 1202 ideo
699 1155 764 1201 non
777 1136 885 1219 sequi·
939 1157 1036 1222 penes
1052 1139 1114 1203 hoc
1127 1138 1300 1223 accipiatur
1311 1141 1392 1205 ratio
1404 1141 1552 1226 principii
1563 1151 1709 1227 respectu

40 1230 74 1279 ”³
121 1249 174 1310 tur
196 1246 281 1327 quod
302 1246 347 1310 ita
370 1246 497 1327 proprie
520 1245 643 1310 dicatur
663 1246 779 1327 ports,
798 1243 885 1327 quod
940 1246 1011 1311 Filii
1030 1250 1062 1311 et
1083 1251 1228 1329 respectu
1242 1252 1408 1328 creaturae,
1422 1249 1548 1314 videtur
1560 1252 1646 1334 quod
1658 1252 1709 1317 di-

122 1355 244 1416 tantum
255 1352 329 1417 dicit
341 1357 520 1435 respectum
533 1351 757 1432 adposterius.
940 1355 1191 1419 caturunivoce.

40 1452 68 1498 ³²
159 1464 189 1524 2.
204 1459 254 1524 Ad
263 1459 339 1524 illud
354 1459 596 1542 quodoincitur
606 1458 645 1523 de
656 1459 765 1536 initio;
780 1458 885 1524 dicen·
980 1466 1010 1526 2.
1024 1461 1115 1541 Item,
1126 1462 1170 1528 sic
1183 1461 1289 1526 differt
1299 1461 1495 1545 principium
1504 1465 1710 1531 essentialiter

44 1565 61 1607 ¹·
120 1567 196 1631 dum
212 1568 298 1649 quod
309 1567 439 1631 initium
452 1586 517 1631 uno
525 1567 620 1630 modo
632 1565 785 1649 accipitur
796 1565 885 1647 large
940 1570 1078 1649 dictum,
1100 1573 1133 1634 ct
1155 1570 1368 1647 notioualiter,
1392 1570 1473 1635 sicut
1490 1573 1663 1655 sapientia,
1678 1578 1711 1638 et

120 1682 159 1747 ad
168 1683 364 1766 principium
375 1684 551 1760 essendi,et
560 1682 884 1761 durandi;aliomodo
940 1676 1094 1759 sapientia
1109 1676 1217 1758 genita
1233 1698 1240 1740 :
1257 1677 1313 1741 sed
1331 1695 1398 1742 non
1417 1678 1531 1743 dicitur
1545 1680 1709 1763 aequivooe

54 1791 58 1800 '
119 1790 258 1872 proprie,
272 1791 313 1855 ad
327 1792 520 1874 principium
529 1789 674 1867 durandi,
689 1789 818 1852 utillud
834 1787 884 1852 di·
939 1783 1093 1866 sapientia
1105 1783 1149 1846 sic
1158 1787 1189 1846 et
1203 1784 1270 1848 sic:
1287 1802 1378 1866 ergo,
1394 1788 1454 1849 eto.

52 1903 60 1921 '
119 1904 210 1963 catur
222 1900 340 1964 habero
353 1900 493 1979 initium,
507 1899 592 1982 ‹pnod
607 1897 717 1980 incipit
725 1915 803 1961 esse.
819 1896 886 1961 Pri·
981 1894 1011 1954 3.
1027 1889 1117 1968 ltem,
1131 1887 1214 1954 nilrit
1230 1890 1346 1955 dicitur
1360 1892 1576 1976 multipliciter
1589 1912 1630 1958 ex
1648 1893 1710 1958 hoc

39 2012 70 2055 '--
119 2025 173 2071 mo
186 2007 282 2071 modo
299 2012 400 2090 potest
412 2008 510 2090 accipi
531 2007 564 2070 in
582 2005 718 2085 divinis,
733 2009 764 2070 et
776 2005 821 2068 sic
832 2023 885 2069 ac·
940 1998 1025 2081 quod
1039 1998 1337 2080 diciturdegenere
1356 2001 1439 2064 etde
1454 2001 1568 2083 specie,
1584 2003 1651 2067 sive
1669 2022 1710 2067 ex

118 2113 193 2195 cipit
207 2113 348 2179 Hilarius
361 2114 396 2177 in
412 2114 534 2193 littera3
549 2113 686 2178 secundo
699 2130 777 2176 vero
790 2110 885 2176 modo
940 2104 1000 2170 hoc
1013 2105 1100 2187 quod
1114 2105 1209 2169 habet
1224 2125 1328 2170 unum
1347 2107 1546 2190 suppositum
1560 2113 1591 2172 et
1604 2109 1707 2191 plura,

48 2263 56 2268 -
116 2238 184 2284 non
198 2225 312 2303 potest,
326 2230 359 2286 et
375 2223 496 2285 sicnon
510 2220 680 2303 aeqlrivalet
696 2219 862 2302 principio.
941 2218 973 2276 et
990 2213 1052 2277 hoc
1071 2214 1148 2295 quia
1167 2213 1380 2296 multiplicitas
1401 2214 1529 2296 respicit
1546 2216 1710 2297 signitica-

158 2333 189 2393 3.
204 2330 255 2395 Ad
267 2331 346 2396 illud
359 2330 446 2413 quod
458 2330 606 2412 objicitur
624 2329 662 2393 de
678 2346 784 2408 causa,
799 2328 884 2409 quod
940 2320 1043 2384 tiones
1061 2320 1215 2399 diversas,
1231 2338 1296 2384 non
1312 2321 1497 2403 supposita:
1519 2323 1573 2386 sed
1587 2324 1709 2406 princi-

50 2483 55 2490 .
115 2436 202 2500 idem
216 2439 362 2521 estquod
377 2438 590 2520 principium,
606 2435 775 2501 dicendum
796 2434 883 2516 qnod
942 2427 1033 2509 pium
1046 2427 1253 2492 essentialiter
1266 2428 1386 2493 dictum
1398 2430 1587 2514 estinplus,
1599 2436 1630 2495 et
1641 2432 1710 2516 plu-

39 2562 42 2584 2
115 2541 151 2606 in
163 2545 320 2608 creaturis
332 2545 416 2610 idem
427 2548 474 2608 est
486 2544 677 2627 principium
690 2546 721 2607 et
734 2561 841 2620 causa,
853 2547 887 2606 et
940 2536 1030 2600 ribus
1042 2537 1199 2616 convenit,
1213 2555 1311 2619 quam
1322 2538 1533 2620 notioualiter,
1549 2544 1580 2603 et
1593 2558 1709 2606 conve-

39 2695 59 2712 „
115 2651 179 2716 hoc
200 2656 269 2732 est,
289 2653 365 2736 quia
386 2654 577 2735 productum
595 2651 700 2715 differt
722 2669 742 2714 a
763 2650 884 2732 produ·
940 2643 989 2706 nit
1002 2643 1121 2708 eisdem
1135 2643 1211 2727 ipsis
1227 2663 1235 2706 ε
1249 2663 1328 2726 ergo
1342 2636 1535 2710 nondicitur
1548 2647 1709 2730 multipli-

39 2806 41 2823 .
116 2763 209 2824 cente
233 2782 240 2823 :
263 2763 295 2823 et
311 2760 382 2824 ideo
399 2762 502 2843 potest
518 2759 580 2822 dici
597 2758 728 2821 effectus
749 2758 838 2838 ejm,
854 2760 885 2819 et
941 2751 1031 2832 citer,
1047 2752 1102 2816 sed
1114 2754 1264 2818 univoce.

39 2910 40 2913 ,
115 2866 204 2932 istud
216 2871 319 2950 potest
331 2867 393 2931 dici
408 2885 514 2944 causa,
533 2867 612 2930 etin
628 2865 713 2931 idem
725 2863 886 2929 concurrit
983 2863 1013 2921 t.
1038 2858 1129 2937 Item,
1149 2861 1235 2943 quod
1248 2879 1314 2925 non
1332 2860 1456 2925 dicatur
1468 2859 1644 2943 analogice,
1659 2861 1709 2926 vi·

39 3018 40 3023 1
113 2973 254 3038 intentio
273 2993 377 3039 causae
390 2979 422 3039 et
435 2974 592 3057 principii,
613 2977 645 3038 et
662 2971 806 3036 similiter
827 2990 885 3036 no·
940 2967 1045 3048 detur,
1062 2968 1138 3050 quia
1148 2968 1204 3033 nbi
1215 2973 1263 3033 est
1274 2969 1435 3050 analogia,
1454 2969 1499 3033 ibi
1513 2974 1560 3034 est
1573 2970 1664 3052 prius
1679 2974 1711 3035 et

39 3116 50 3154 l.
114 3099 194 3145 rnen
213 3102 221 3145 :
237 3082 290 3146 sed
309 3083 431 3147 nonita
445 3083 480 3146 in
495 3083 623 3163 divinis,
637 3081 714 3165 quia
726 3081 771 3144 ibi
784 3082 885 3164 potest
940 3074 1097 3157 posterius
1120 3094 1129 3139 ε
1149 3075 1204 3139 sed
1223 3075 1257 3137 in
1281 3075 1398 3140 divinis
1416 3095 1482 3140 non
1504 3080 1551 3141 est
1568 3078 1658 3161 prius
1679 3082 1711 3143 ct

112 3208 184 3254 eme
203 3190 302 3254 unius
321 3191 506 3256 substantia
523 3191 702 3273 producens
714 3208 789 3254 cum
809 3206 885 3270 pro·
941 3183 1099 3264 posterius
1122 3206 1129 3247 :
1154 3201 1232 3265 ergo
1259 3202 1318 3248 nec
1336 3184 1493 3266 analogia.
1521 3184 1560 3248 Et
1576 3187 1708 3263 iterum,

112 3295 215 3361 ducto
230 3315 239 3359 t
253 3297 323 3362 ideo
335 3316 400 3362 nou
413 3298 497 3362 valet
509 3299 598 3363 illud.
940 3290 1027 3373 quod
1041 3308 1100 3355 nec
1112 3291 1288 3374 aequivoce,
1303 3292 1379 3374 quia
1396 3292 1452 3355 uhi
1470 3294 1517 3355 est
1530 3293 1711 3374 aequivoca-

154 3408 188 3466 t.
206 3403 254 3467 Ad
267 3403 344 3467 illud
356 3405 442 3487 quod
452 3406 600 3487 objicitur
609 3404 649 3469 de
659 3405 733 3479 fine,
747 3404 815 3484 jam
827 3420 885 3484 pa·
940 3398 996 3476 tio,
1009 3397 1055 3462 ibi
1068 3402 1115 3462 est
1128 3398 1293 3463 diversitas
1305 3399 1547 3480 significationis
1559 3422 1566 3460 :
1578 3400 1631 3465 sed
1642 3418 1711 3482 per-

39 3557 40 3580 .
110 3514 159 3575 tet
174 3511 358 3593 responsi03
374 3513 450 3594 quia
461 3513 545 3593 linis,
560 3515 717 3595 quantum
729 3514 777 3574 est
785 3510 824 3573 de
837 3528 882 3588 sc,
940 3523 1018 3569 sona
1030 3509 1061 3569 et
1076 3507 1213 3571 essentia
1224 3526 1291 3571 non
1304 3511 1379 3572 sunt
1391 3508 1517 3572 diversa
1534 3531 1540 3572 :
1556 3527 1634 3590 ergo
1651 3528 1711 3574 nec

110 3618 193 3682 dicit
216 3636 381 3683 excessum
391 3620 541 3684 bonitatis
558 3623 702 3701 respectu
714 3620 784 3701 ejus
797 3618 883 3699 quod
940 3616 1042 3694 potest
1053 3612 1114 3678 dici
1125 3614 1297 3696 aequivoce.

39 3775 40 3778 ,
109 3730 162 3789 est
175 3725 328 3790 adfinem
350 3747 359 3790 ε
380 3745 445 3791 non
458 3728 502 3790 sic
518 3726 720 3808 principium,
736 3726 880 3805 respectu
980 3718 1042 3784 Sed
1063 3723 1172 3784 contra
1193 3720 1312 3797 :Quod
1334 3720 1458 3785 dicatur
1480 3720 1708 3804 multipliciter,
1741 3749 1828 3794 rma.

107 3831 189 3910 eJus
199 3830 286 3911 quod
302 3834 401 3894 estex
416 3831 470 3894 illo
485 3835 537 3894 :et
550 3829 621 3894 ideo
635 3828 717 3891 lteus
739 3844 805 3890 non
825 3844 882 3907 po-
939 3826 1067 3891 videtur
1080 3828 1184 3910 primo
1197 3846 1254 3910 per
1267 3827 1457 3909 Magistrum
1471 3827 1505 3891 in
1517 3829 1637 3907 littera,
1653 3830 1711 3911 qui
1724 3817 1803 3858 Μ’·

108 3938 343 4016 testessefinis,
355 3933 753 4017 nisicreaturaeinaequalis
765 3935 885 4014 :potest
939 3935 1014 3998 dicit
1027 3936 1112 4017 quod
1124 3937 1185 4000 hoc
1201 3953 1340 4012 nomen,
1363 3937 1583 4016 principium,
1599 3937 1711 4000 multi-

107 4047 225 4107 tamen
237 4062 315 4123 esse,
331 4048 362 4107 et
376 4048 423 4108 est
438 4044 630 4126 principium
651 4059 796 4125 personae
810 4059 883 4105 om·
923 4024 1053 4127 'plicem
1077 4045 1150 4108 facit
1176 4043 1452 4126 intelligentiam:
1482 4062 1561 4126 ergo
1595 4044 1710 4108 dicitur

106 4151 195 4215 nino
208 4152 491 4234 aequnlis1etideo
510 4169 577 4216 una
598 4168 733 4233 persona
749 4167 815 4213 non
834 4151 883 4212 est
940 4149 1166 4232 multipliciter.

107 4259 191 4322 finis
201 4259 341 4336 alterins,
354 4262 400 4323 est
414 4264 522 4323 umen
535 4258 740 4340 principium.
980 4255 1059 4321 Item
1076 4257 1138 4322 hoc
1151 4258 1258 4343 ipsum
1274 4258 1404 4323 videtur
1417 4258 1552 4336 ratione,
1567 4258 1645 4340 quia
1658 4257 1711 4321 isti

939 4368 1047 4442 actus,
1063 4381 1219 4447 pecccare,
1234 4368 1369 4448 spirare,
1385 4381 1503 4441 oreore,
1517 4369 1593 4428 snut
1608 4365 1710 4448 ipsius

253 4502 255 4507 ·
365 4511 520 4590 QUAEST
528 4511 569 4577 ¹0
590 4510 635 4575 H·
940 4471 1098 4554 principii,
1111 4471 1286 4537 secundum
1298 4472 1384 4554 qnod
1398 4472 1581 4535 differenter
1594 4473 1709 4556 accipi-

940 4581 993 4642 tur
1016 4600 1024 4641 :
1047 4579 1185 4644 sednon
1206 4583 1370 4644 estunam
1389 4598 1593 4644 communem
1613 4580 1711 4644 ratio-

105 4676 161 4732 Μ
194 4675 241 4776 ’ξῡΰ
266 4690 375 4776 W»
406 4675 592 4775 Principium»
620 4674 821 4776 &mistum
841 4677 884 4731 '³0²
939 4704 1015 4750 nem
1031 4685 1177 4751 invenire
1194 4687 1234 4751 ad
1253 4687 1330 4752 istos
1348 4691 1438 4752 actus
1460 4709 1468 4751 ι
1488 4705 1568 4769 ergo
1588 4706 1647 4751 nec
1670 4687 1711 4752 ad

149 4762 332 4908 mxl&
351 4768 501 4835 ΜΨ
524 4778 654 4829 'mmm’
685 4763 727 4819 ¹³⁶²
752 4779 884 4834 mm
940 4794 1146 4877 principium,
1162 4796 1246 4878 quod
1261 4795 1337 4860 dicit
1356 4798 1536 4879 respectum
1554 4795 1599 4859 sic
1618 4794 1710 4860 diffc-

289 4894 296 4908 '
939 4907 1074 4967 rentem.
1490 4892 1495 4903 '

43 5044 88 5087 ψ
154 5006 271 5074 Utrum
281 5009 343 5075 hoc
353 5028 482 5089 nomen,
494 5010 707 5091 Principium,
718 5027 792 5073 cum
803 5010 884 5074 acci-
979 5009 1069 5090 Item,
1084 5010 1198 5092 regulo
1210 5014 1257 5076 est
1272 5010 1456 5095 Philosophi
1469 5013 1491 5091 ¹,
1509 5010 1634 5094 quodsi
1649 5007 1711 5072 ali-

105 5115 226 5199 piatur
247 5116 451 5180 essenfimstm
470 5120 501 5180 et
521 5116 732 5196 notioualiter,
758 5116 885 5180 dicatur
940 5116 1018 5198 quid
1031 5115 1065 5178 in
1077 5133 1143 5178 una
1160 5116 1210 5178 sui
1226 5116 1407 5199 acceptione
1419 5117 1514 5181 habet
1530 5133 1634 5180 unum
1649 5132 1710 5196 op·

147 5310 210 5374 ¹0s.
225 5310 349 5362 Alexand.
364 5311 476 5375 tlensis,
494 5327 520 5376 p.
541 5315 568 5375 t,
587 5327 614 5377 q.
635 5324 730 5374 nrrrr,
745 5312 841 5362 memb.
855 5318 882 5378 t;
941 5317 951 5366 1
970 5315 1051 5379 Sept,
1069 5314 1128 5365 dist.
1148 5325 1225 5378 ιω,
1249 5329 1275 5379 q.
1296 5327 1331 5379 1¹3
1354 5316 1441 5380 steph.
1465 5313 1572 5378 Brulet.,
1595 5313 1605 5362 l
1627 5313 1707 5372 Scut,

105 5383 226 5446 scotus,
247 5382 275 5433 in
296 5385 406 5448 iteport,
424 5386 432 5433 t
450 5384 528 5444 sent,
550 5384 609 5434 dist.
625 5395 729 5447 xxuu,
748 5398 774 5448 q.
793 5385 881 5447 unics;
940 5384 1706 5452 dist.rrrr‚q.11;Gabr.Eiet,lSent.,dist.xxrr,q.unica.

105 5450 204 5516 AEgid.
223 5454 308 5520 Rom,
327 5456 337 5505 t
360 5455 439 5517 Seni„
457 5455 516 5508 dist.
540 5467 613 5521 rm,
632 5470 659 5522 q.
674 5455 881 5522 1v3Richardus,
939 5459 991 5497 -¹
1005 5458 1092 5523 trist,
1104 5458 1184 5523 Toptc.
1197 5456 1242 5509 lib.
1254 5458 1274 5509 l.
