4100 6300
717 485 906 553 DlS'l’lNC'l.
925 485 1031 551 XXXI.
1599 483 1659 546 489

47 678 58 687 =·
92 627 306 718 Angustum,
318 648 385 717 qua
399 648 498 717 snpra
512 625 617 693 eidem
632 623 799 693 aeternitas
812 624 993 692 secuudum
1008 620 1178 689 Hilarium
1193 625 1223 704 ¹,
1239 618 1319 710 quia
1332 619 1483 689 videlicet
1496 618 1596 687 Pater
1611 617 1660 685 ita

49 790 64 805 »v
95 754 145 833 est,
158 752 189 813 ut
201 743 240 811 ab
254 743 318 810 alio
331 765 399 810 non
413 742 467 828 sit,
482 751 514 810 et
527 742 606 834 quia
619 741 744 809 Filium
757 739 872 829 genuit
887 762 994 806 unum
1007 760 1118 806 secum
1132 737 1256 822 Deum,
1267 744 1300 804 et
1317 731 1460 827 Spiritus
1474 744 1604 803 sanctus
1617 735 1659 802 ab

90 885 121 933 eo
135 859 268 952 procedit
283 881 370 927 unus
383 882 459 927 cum
472 881 511 927 eo
530 859 629 927 Deus.
651 857 767 925 Unitas
780 878 859 945 ergo
879 856 914 923 in
931 855 1030 923 Patro
1052 877 1119 923 esse
1142 852 1274 938 dicitur,
1289 853 1369 944 quia
1391 875 1450 920 nec
1463 859 1511 919 est
1532 851 1660 942 aliquid

90 979 168 1046 aliud
181 999 199 1043 a
210 998 276 1067 quo
290 975 342 1045 sit.
359 974 433 1043 Non
448 975 536 1042 enim
552 975 594 1042 ab
608 974 672 1043 alio
687 981 755 1059 est,
771 995 831 1041 nec
844 972 885 1040 ab
899 994 937 1040 eo
951 971 1085 1063 aliquis,
1101 971 1155 1039 vel
1174 970 1300 1062 aliquid
1314 978 1361 1037 est
1379 969 1420 1038 ab
1434 976 1556 1036 aeterno
1571 966 1659 1057 quod

50 1166 62 1177 ..
89 1116 263 1162 nnumcum
276 1114 314 1159 eo
329 1114 397 1159 non
415 1091 480 1159 sit:
500 1090 606 1158 Filius
626 1091 716 1158 enim
738 1099 770 1158 et
792 1090 935 1181 Spiritus
959 1097 1090 1158 sanctus
1113 1111 1220 1158 uuum
1242 1095 1320 1155 sunt
1342 1110 1419 1155 cum
1438 1086 1547 1154 Patre.
1563 1084 1658 1154 Unde

94 1210 207 1279 Veritas
222 1208 267 1276 ait
283 1233 291 1274 :
309 1234 326 1271 o
341 1208 411 1296 Ego
425 1217 456 1275 et
469 1207 566 1275 Pater
579 1229 684 1275 unum
698 1230 825 1273 sumus.
844 1233 861 1271 n

47 1408 60 1417 p
123 1326 177 1393 Hic
188 1326 249 1393 dici
264 1332 390 1416 oportet
405 1324 493 1417 quod
507 1324 617 1409 Pater,
638 1333 669 1391 et
692 1322 818 1407 Filius,
839 1331 871 1390 et
884 1322 1027 1415 Spiritus
1048 1331 1179 1391 sauctus
1206 1328 1291 1389 reete
1304 1320 1462 1390 dicuntur
1475 1341 1542 1387 esse
1555 1340 1659 1385 urtam
1686 1338 1758 1389 outa

1650 1435 1657 1447 .
1696 1400 1759 1442 Pater

84 1454 111 1512 et
122 1464 198 1511 mans
210 1444 308 1523 Deus,
324 1440 378 1508 sed
394 1463 460 1508 non
475 1463 559 1508 renus
569 1449 591 1507 ².
606 1439 671 1507 Res
684 1440 772 1507 enim
787 1440 875 1525 duaa,
891 1438 944 1508 vel
959 1440 1070 1530 plnres
1084 1446 1169 1507 recte
1187 1444 1323 1529 possunt
1336 1437 1400 1506 dici
1415 1459 1518 1505 unum
1536 1457 1619 1520 esse,
1633 1458 1660 1502 ει
1674 1466 1696 1535 a
1712 1462 1780 1504 rarius

82 1561 140 1627 sint
158 1559 254 1626 nnius
272 1557 436 1643 essentiae,
458 1565 490 1624 et
510 1580 623 1625 earum
645 1579 712 1623 nna
731 1556 773 1623 sit
795 1564 924 1624 natura.
946 1558 1034 1624 Uotis
1054 1564 1178 1639 aulem,
1194 1553 1247 1622 vel
1264 1576 1332 1621 una
1346 1575 1413 1620 non
1427 1562 1532 1644 potest
1544 1551 1607 1620 dici
1620 1551 1661 1619 de
1674 1526 1771 1630 stippa

81 1674 205 1743 dirersis
217 1674 328 1758 rebus,
344 1673 408 1740 nisi
423 1672 561 1740 addatur
575 1672 657 1763 quid
675 1695 780 1754 anns,
797 1671 932 1739 velana
948 1696 959 1737 :
979 1695 1047 1763 quo
1060 1671 1189 1756 addito,
1204 1679 1289 1738 recte
1304 1677 1407 1760 potest
1425 1669 1488 1736 dici
1509 1669 1549 1735 de
1563 1667 1661 1735 rebus
1675 1662 1781 1758 ,{l²¹,¹,¹,¹,’„

58 1782 60 1785 ’
79 1792 213 1858 etunius
227 1789 619 1857 adiversesubsnntia.
635 1789 730 1856 Unde
740 1790 958 1877 Arrgustinus,
975 1789 1010 1857 iu
1024 1797 1114 1857 sento
1128 1789 1213 1856 libro
1226 1787 1266 1856 de
1282 1787 1461 1869 Trinitate,
1477 1786 1584 1877 capite
1598 1793 1662 1852 ter·
1681 1781 1772 1890 '35:23

78 1908 119 1974 tio
131 1919 153 1992 ³,
168 1905 290 1973 sioait:
311 1904 445 1973 «Nescio
456 1914 568 1972 utrum
578 1905 766 1973 inveniatur
778 1905 813 1971 in
828 1904 1150 1996 Scripturisdictnm,
1170 1903 1309 1972 «Unum
1323 1911 1412 1987 sunt,
1423 1928 1440 1967 n
1456 1924 1597 1993 qnorum
1614 1910 1661 1969 est
1694 1919 1761 1961 usust

1680 1971 1730 2026 quia
1740 1980 1776 2011 ras

76 2022 195 2090 diversa
208 2028 338 2089 natura.
356 2020 391 2088 Si
410 2028 520 2088 antem
536 2030 568 2089 et
581 2021 695 2112 aliqua
708 2022 805 2111 plura
823 2029 902 2089 sunt
915 2021 1060 2112 ejusdem
1075 2031 1201 2089 natura
1214 2072 1222 2107 ,
1236 2029 1267 2088 et
1281 2020 1410 2088 diversa
1423 2019 1576 2103 sentiant,
1592 2039 1659 2087 non
1679 2035 1776 2141 pppppp

76 2147 146 2208 sunt
159 2160 265 2205 uuum
288 2138 323 2203 in
345 2145 507 2227 quantum
522 2136 653 2204 diversa
666 2137 853 2206 sentiunt...
869 2138 953 2207 Cum
969 2160 1047 2228 ergo
1061 2138 1105 2206 sic
1117 2137 1236 2206 dicitnr
1249 2159 1365 2218 anum,
1382 2144 1500 2204 utnon
1521 2135 1660 2203 addatur
1696 2166 1755 2204 raca

1683 2230 1771 2280 possunt

73 2254 148 2345 quid
163 2275 279 2334 unum,
297 2262 327 2319 et
341 2253 439 2344 plura
456 2276 559 2321 unum
575 2252 739 2340 dicantur,
755 2254 868 2323 eadem
883 2261 1001 2321 natura
1014 2267 1112 2345 atque
1126 2253 1284 2338 essentia,
1300 2275 1367 2320 non
1381 2252 1539 2319 dissidens
1553 2274 1660 2343 neque
1704 2286 1748 2329 arn

47 2382 52 2387 '
72 2369 260 2437 dissentiens
274 2368 491 2457 significatur.
507 2368 603 2437 Unde
616 2369 742 2437 Paulus
758 2378 790 2437 et
802 2370 923 2461 Apollo
937 2371 996 2462 qni
1008 2377 1040 2438 et
1053 2369 1150 2439 ambo
1159 2368 1309 2437 homines
1322 2376 1427 2454 erant,
1443 2378 1474 2436 et
1487 2368 1574 2436 idem
1587 2391 1661 2436 sen·
1674 2362 1778 2467 „ssfllplffii

70 2486 202 2569 tiebaut,
219 2508 325 2553 unum
340 2507 409 2552 esse
422 2484 591 2571 dicuntur,
607 2508 682 2553 cum
697 2485 841 2554 dicitur*
859 2511 866 2553 :
885 2488 930 2555 Et
951 2487 1009 2578 qai
1028 2487 1185 2578 plantat,
1201 2499 1233 2553 et
1255 2487 1311 2577 qui
1324 2485 1426 2577 ripat,
1447 2508 1552 2551 unum
1568 2497 1656 2552 sunt.
1675 2480 1778 2528 *ω’-*θ’

1688 2543 1709 2579 ei
1719 2551 1767 2580 eunt

68 2602 148 2671 Cum
173 2624 253 2670 vero
275 2600 407 2669 additur
428 2601 509 2692 quid
533 2624 656 2687 unum,
671 2610 777 2693 potest
796 2601 975 2691 significari
997 2602 1125 2694 aliquid
1147 2625 1187 2670 ex
1210 2601 1361 2692 pluribus
1385 2624 1491 2669 unum
1512 2601 1635 2669 iactum
1674 2600 1778 2657 'lietb

1649 2656 1658 2686 '
1684 2674 1723 2716 na;
1734 2673 1769 2703 ras

69 2718 227 2809 quamvis
244 2717 372 2785 diversa
391 2725 534 2785 natura:
555 2719 639 2785 sicut
663 2719 773 2787 anima
794 2726 827 2786 et
849 2741 966 2810 corpus
984 2741 1052 2786 non
1072 2724 1210 2810 possunt
1232 2718 1346 2809 utique
1360 2717 1424 2786 dici
1444 2740 1562 2802 unum,
1579 2716 1660 2807 quid
1681 2724 1772 2830 *3⁰52-

66 2834 154 2902 enim
170 2844 240 2903 tam
254 2834 444 2902 diversum‘.t
465 2834 529 2902 nisi
542 2834 693 2919 addatur,
708 2835 761 2903 vel
775 2835 1045 2923 subintelligatur
1059 2833 1140 2926 qnid
1156 2856 1282 2920 unum,
1299 2833 1421 2902 scilicet
1443 2857 1529 2901 uuus
1547 2832 1658 2901 homo.
1679 2855 1759 2894 ascafa

1705 2926 1747 2956 tlon

66 2950 160 3021 Unde
175 2951 380 3042 Apostolns⁵
398 2975 405 3017 :
425 2950 490 3034 Qui
504 2950 671 3032 adderet,
686 2952 806 3042 inquit,
821 2952 975 3033 Domino,
987 2952 1126 3043 spiritus
1137 2972 1221 3018 unas
1231 2962 1289 3017 est.
1306 2949 1379 3017 Non
1394 2950 1488 3035 dixit,
1505 2971 1589 3020 anus
1599 2964 1657 3035 est,
1685 2982 1772 3034 possunt

97 3108 245 3171 ¹Hilarins,
257 3107 284 3158 in
296 3107 340 3158 tib.
355 3106 386 3157 de
399 3106 515 3172 synodis,
529 3122 635 3173 propos.
647 3120 709 3160 xxvr
722 3124 728 3158 :
745 3109 864 3174 «Siquis
878 3108 1055 3160 innascibilem
1070 3111 1095 3158 et
1108 3106 1164 3157 sine
1175 3106 1248 3158 initio
1258 3106 1326 3158 dicat
1338 3106 1440 3171 Filium,
1454 3107 1527 3172 quasi
1540 3108 1591 3158 duo
1605 3108 1660 3161 sine

61 3182 205 3246 principio,
219 3185 246 3230 et
260 3180 311 3230 duo
325 3179 495 3240 innascibilia,
511 3185 536 3230 et
545 3181 596 3231 duo
611 3180 699 3230 innata
708 3181 805 3244 dicens,
818 3182 883 3231 dnos
894 3181 969 3231 iaciat
982 3182 1062 3243 deos;
1077 3179 1214 3229 anathema
1226 3179 1267 3229 sit.
1281 3179 1364 3242 Caput
1373 3179 1452 3236 euim,
1463 3180 1581 3243 ‹pnodest
1594 3181 1662 3244 prin-

62 3253 160 3316 cipium
172 3252 303 3314 omnium,
313 3251 407 3301 Filius:
423 3257 604 3315 copulantem,
617 3253 685 3315 quod
698 3257 735 3301 est
744 3253 898 3315 principium
907 3252 1012 3314 Christi,
1022 3253 1098 3301 Deus.
1106 3250 1148 3301 Sic
1160 3250 1227 3299 enim
1238 3250 1270 3299 ad
1281 3265 1361 3300 unum
1373 3250 1532 3312 initiabilem,
1547 3252 1662 3302 omnium

62 3323 176 3383 initium,
184 3338 235 3387 per
243 3322 333 3372 Filium
342 3323 633 3373 universnrelerimus.»
644 3325 721 3388 Tum,
736 3337 762 3375 n.
773 3326 803 3373 6⁰
816 3339 823 3371 :
834 3323 942 3373 «Filium
952 3322 1130 3372 innascibilem
1143 3321 1268 3384 confiteri,
1279 3321 1458 3385 impiissimum
1467 3327 1514 3373 est.
1526 3325 1582 3373 lam
1594 3325 1663 3373 anim

58 3395 178 3445 nouerit
191 3409 260 3444 unns
272 3396 358 3444 Deus:
373 3394 433 3457 qnia
447 3395 528 3442 Deum
539 3407 619 3443 unum
631 3395 775 3457 predicari,
787 3399 878 3444 natura
890 3395 964 3444 unius
976 3393 1135 3444 innascibilis
1148 3393 1195 3442 Dei
1210 3392 1296 3456 exigit.
1307 3394 1371 3442 Cum
1383 3407 1445 3457 ergo
1462 3396 1528 3443 Deus
1538 3409 1603 3445 unus
1615 3395 1661 3459 sit,

59 3465 112 3514 diro
127 3465 300 3515 innascibiles
310 3479 365 3513 esse
376 3478 431 3514 non
442 3469 567 3527 possunt:
583 3479 640 3514 cunr
652 3464 748 3515 idcirco
762 3468 830 3515 Deus
839 3480 905 3515 unus
914 3466 955 3528 sit,
968 3480 1027 3515 cum
1043 3467 1118 3515 Pater
1132 3466 1201 3514 Deus
1210 3464 1256 3529 sit,
1268 3468 1294 3514 et
1305 3464 1382 3513 Filius
1396 3464 1440 3513 Dei
1457 3465 1581 3530 itacismi,
1603 3467 1662 3530 quio

59 3535 317 3586 innascibilitassola
326 3549 406 3599 penes
415 3549 494 3585 unum
504 3536 551 3585 sit:
562 3536 638 3584 lilius
647 3541 733 3586 autem
743 3536 837 3586 ideirco
847 3537 924 3600 Deus,
933 3537 993 3600 qnia
1004 3551 1035 3586 cx
1042 3535 1185 3586 innascibili
1194 3535 1306 3585 essentia
1316 3540 1390 3584 natus
1402 3535 1501 3586 existat.
1511 3538 1616 3600 Respuit
1627 3538 1659 3599 (a)

57 3623 124 3669 ergo
139 3607 327 3657 innascibilem
343 3606 433 3655 Filium
446 3605 578 3669 predicari
590 3607 652 3656 tides
665 3612 762 3670 sancta,
777 3611 805 3656 ut
818 3621 865 3670 per
877 3622 954 3656 unum
972 3607 1159 3670 innascibilem,
1174 3608 1256 3656 Deum
1271 3620 1350 3655 unrim
1363 3607 1493 3670 praedicet,
1506 3613 1533 3657 ut
1544 3613 1661 3659 naturam

56 3679 230 3742 unigenitam
242 3691 274 3727 ex
285 3677 427 3726 innascibili
441 3679 563 3740 pauitant,
578 3678 688 3727 essentia
700 3678 727 3727 in
738 3692 791 3728 uno
805 3678 963 3728 innascibilis
976 3679 1023 3728 Dei
1036 3679 1141 3728 nornine
1156 3678 1348 3741 complectatur.
1364 3679 1445 3741 Caput
1459 3680 1528 3728 euim
1545 3681 1661 3730 onmium

55 3750 76 3798 F
78 3749 141 3798 ilias
152 3755 213 3798 est:
227 3749 273 3798 sad
283 3754 359 3811 caput
370 3747 425 3796 Filii
435 3750 504 3797 Dens
514 3753 568 3798 est:
582 3754 607 3797 et
616 3749 648 3797 ad
658 3763 737 3798 unum
748 3751 827 3798 Deum
838 3749 925 3798 arania
932 3750 982 3799 boc
992 3750 1073 3812 gradu
1079 3753 1154 3813 atque
1164 3748 1212 3799 bac
1221 3749 1382 3799 confessione
1394 3749 1547 3812 referuntur,
1560 3765 1618 3800 cum
1629 3753 1661 3801 ab

52 3835 86 3869 eo
100 3824 217 3869 sumant
226 3819 347 3869 universa
357 3818 518 3882 principiam,
529 3820 569 3869 cui
578 3820 792 3883 ipsaprincipium
804 3819 844 3868 sit.
857 3837 870 3866 n
882 3820 983 3869 idemiu
993 3821 1095 3882 eodem,
1104 3831 1288 3884 proposxxrv,
1297 3834 1323 3869 n.
1331 3822 1374 3869 58:
1387 3820 1531 3870 «Omnibus
1540 3823 1663 3873 creaturis

51 3891 239 3940 substantiam
251 3891 369 3940 voluutas
384 3890 429 3939 ttei
440 3889 523 3940 attulit
530 3905 538 3953 3
551 3891 597 3939 sed
605 3896 723 3940 naturam
735 3890 798 3940 Filio
810 3891 880 3940 dedit
895 3905 927 3940 ex
937 3891 1081 3942 innascibili
1091 3905 1121 3941 aa
1132 3905 1185 3941 nou
1195 3895 1255 3940 nata
1264 3891 1406 3940 substantia
1416 3891 1526 3953 perlecta
1534 3893 1662 3945 nativitas.

49 3962 125 4011 Talia
137 3962 216 4012 eninr
226 3968 318 4011 cuncto
330 3966 414 4012 creata
424 3967 491 4023 sunt,
507 3962 592 4024 qualia
605 3963 673 4011 Deus
687 3976 743 4010 esse
755 3962 837 4011 voluit
843 3976 852 4023 3
863 3962 940 4011 Filius
949 3968 1035 4012 autem
1048 3967 1122 4012 natus
1132 3976 1163 4012 ex
1176 3965 1229 4012 Deo
1242 3962 1298 4011 talis
1305 3962 1428 4021 subsistit,
1440 3963 1521 4025 quatis
1531 3964 1599 4015 Deus
1609 3971 1646 4016 est
1653 3982 1662 4030 ;

46 4047 100 4082 nec
116 4033 283 4082 dissimilem
301 4033 340 4082 sui
353 4032 432 4082 edidit
445 4037 537 4082 natura
547 4037 681 4093 naturam,
695 4033 741 4083 sed
752 4047 784 4081 es
795 4033 936 4083 substantia
950 4033 997 4083 Dei
1008 4034 1119 4097 genitus,
1131 4036 1229 4084 natura
1242 4033 1383 4083 secuudum
1393 4033 1519 4097 originem
1531 4037 1614 4086 attulit
1625 4052 1664 4087 os·

47 4104 182 4167 sentiam,
196 4119 253 4154 non
264 4105 403 4154 secundum
413 4109 542 4154 creaturas
554 4104 693 4154 voluntatis
705 4105 850 4154 essentiam.
859 4123 873 4152 a

80 4175 243 4238 'Hilarius
256 4174 338 4224 inlib.
354 4173 384 4223 dc
402 4175 522 4238 Spnodis,
539 4188 566 4223 n.
581 4179 625 4238 31,
640 4175 825 4238 aliquantutum
842 4180 900 4224 ante
912 4176 1046 4239 synodum
1059 4176 1234 4226 continentem
1244 4191 1351 4240 propos.
1367 4189 1462 4227 xxvn:
1479 4178 1587 4228 «illinus
1598 4179 1663 4230 forta

46 4260 184 4312 expresse
196 4246 301 4295 videtur
309 4246 340 4295 de
351 4245 505 4296 indifferenti
515 4245 678 4295 similitudine
691 4245 771 4296 Patris
783 4253 809 4297 et
817 4247 870 4296 Filii
879 4247 941 4296 tides
951 4246 1109 4309 locutaesse,
1118 4247 1228 4297 nimime
1237 4262 1295 4297 cum
1305 4248 1336 4298 de
1347 4248 1524 4299 PatreetFilio
1535 4254 1560 4299 et
1568 4251 1663 4313 Spiritu

46 4323 145 4367 sancto
156 4315 199 4366 ita
210 4317 320 4365 senserit
328 4317 494 4378 significatam
502 4316 817 4381 innominibuspropriam
827 4318 1026 4381 uuiuscujusque
1034 4318 1222 4368 nominatorum
1231 4319 1407 4378 substantiam,
1418 4323 1442 4368 et
1451 4319 1601 4371 ordinemet
1610 4323 1663 4386 glo·

46 4388 126 4450 riam,
141 4394 175 4437 ut
188 4388 245 4437 siut
253 4388 357 4450 quidem
368 4386 586 4448 persubstantiam
598 4388 654 4450 tria,
662 4402 708 4451 per
719 4388 912 4438 consonantiam
925 4402 1085 4439 verounum.
1095 4405 1109 4435 a
1124 4389 1188 4438 Tum
1194 4426 1202 4451 ,
1211 4403 1238 4438 n.
1254 4392 1299 4438 32:
1310 4406 1323 4435 a
1332 4391 1427 4440 Valens
1437 4404 1498 4451 ergo
1508 4398 1663 4457 congregata

46 4465 219 4509 sauctorum
231 4459 350 4523 Synodus
359 4459 516 4521 impietatem
528 4473 584 4508 earn
593 4458 727 4522 perimere,
740 4473 798 4523 quae
812 4459 934 4510 unitatem
949 4459 1041 4522 Patris,
1050 4464 1076 4509 et
1089 4458 1145 4508 Filii
1157 4463 1182 4509 et
1195 4460 1304 4524 Spiritus
1315 4460 1396 4510 sancti
1406 4461 1542 4512 nominum
1553 4478 1662 4515 numero

46 4532 196 4591 eluderet,
215 4536 244 4579 ut
261 4544 314 4580 nou
328 4530 482 4578 subsistente
495 4544 571 4579 causa
585 4530 782 4595 uniuscujusque
794 4530 915 4590 nominis,
929 4529 1022 4593 triplex
1033 4531 1189 4593 nuncupatio
1204 4530 1332 4582 obtineret
1345 4532 1392 4581 sub
1407 4532 1513 4582 falsitate
1527 4535 1663 4585 nominum

46 4602 200 4663 inionem,
216 4605 242 4650 et
255 4602 330 4650 Pater
340 4601 410 4650 solus
424 4605 499 4663 atque
512 4614 577 4649 unus
586 4599 654 4649 idem
666 4603 754 4664 etipse
764 4601 871 4651 baberet
883 4605 909 4650 et
922 4601 1031 4663 Spiritus
1041 4601 1121 4651 sancti
1137 4615 1232 4652 namen
1244 4607 1269 4653 ct
1282 4603 1354 4665 Filii3
1369 4603 1464 4653 idcirco
1476 4609 1527 4654 tres
1541 4607 1663 4656 substan-

47 4675 93 4723 ias
104 4688 173 4723 esse
187 4672 313 4722 dixerunt
321 4711 329 4736 ,
343 4672 535 4721 subsistentium
549 4686 674 4735 personas
688 4687 734 4735 par
745 4673 898 4723 substautias
909 4673 1057 4736 edocentes,
1071 4687 1125 4723 nou
1139 4674 1307 4724 substantiam
1321 4676 1403 4725 Patris
1416 4680 1442 4725 et
1452 4676 1508 4726 Filii
1520 4681 1545 4726 et
1557 4678 1664 4740 Spiritus

46 4745 135 4794 :oncri
153 4743 313 4793 diversitate
329 4742 458 4792 dissimilis
471 4743 589 4792 esseutiae
601 4749 759 4805 separantes.
778 4744 852 4803 Quod
864 4747 950 4793 autem
965 4743 1061 4793 dictum
1079 4747 1131 4806 est,
1141 4748 1170 4795 ut
1183 4745 1236 4795 sint
1248 4745 1352 4809 quidem
1365 4760 1411 4807 per
1423 4747 1592 4797 substantiam
1606 4749 1663 4812 tria,

46 4831 89 4865 ter
100 4814 321 4864 consonantiam
331 4828 393 4864 vero
409 4827 507 4877 riuum,
521 4828 574 4863 ami
585 4814 662 4864 habet
674 4814 827 4864 calumniam
834 4830 842 4877 3
855 4814 915 4878 quia
925 4813 1108 4879 cognominato
1120 4815 1229 4878 Spiritu,
1239 4815 1265 4865 id
1276 4820 1324 4879 est,
1336 4816 1475 4881 Paracleto,
1489 4820 1664 4870 consonantias

46 4886 140 4935 totius
158 4899 248 4949 quarn
263 4885 381 4934 essentia
396 4899 442 4947 per
457 4883 647 4934 similitudinem
657 4884 806 4935 substantiae
816 4884 948 4946 predicari
959 4884 1081 4934 convenit
1094 4885 1228 4935 unitatem.
1238 4902 1252 4932 n
1266 4887 1294 4934 tn
1308 4886 1409 4950 coelem,
1421 4901 1447 4935 n,
1464 4891 1543 4942 41,ιὲ
1559 4904 1565 4936 :
1578 4907 1591 4935 a
1601 4892 1665 4939 item

47 4973 102 5007 nrn
118 4958 225 5006 Dauni
236 4957 336 5005 Patrem
350 4957 510 5012 confitemur,
526 4962 551 5006 et
560 4956 687 5006 Christum
704 4956 749 5005 llei
764 4955 842 5005 tilium
853 4956 1040 5018 praedicamus,
1056 4960 1082 5005 et
1092 4956 1160 5005 inter
1169 4956 1227 5005 brac
1236 4957 1346 5007 duorum
1359 4957 1466 5007 deornm
1478 4957 1511 5007 sit
1524 4958 1665 5023 irreligiosa

46 5029 194 5078 ontessio
219 5041 226 5075 :
245 5040 299 5076 non
315 5031 424 5089 possunt
437 5027 579 5076 secundam
593 5031 690 5075 natiuae
709 5025 921 5087 indifferentiam,
937 5030 962 5075 et
975 5040 1072 5075 nomen
1091 5026 1250 5090 indifferens,
1270 5042 1324 5077 non
1338 5042 1419 5077 unum
1434 5041 1490 5078 esse
1509 5028 1535 5078 iu
1547 5033 1664 5082 esseutiae

49 5118 150 5154 onere
157 5141 169 5167 ,
188 5117 304 5166 quorum
319 5103 437 5152 essentiae
451 5116 548 5151 nomen
561 5116 615 5151 nou
627 5102 686 5152 lieet
697 5116 752 5151 esse
764 5102 814 5151 nisi
824 5117 946 5152 uuam...
962 5103 1020 5151 Nou
1035 5102 1104 5151 anim
1114 5102 1234 5166 religiosa
1248 5103 1331 5153 unitas
1344 5102 1466 5168 nominis,
1478 5118 1511 5154 ex
1520 5106 1665 5157 indifferen-

48 5192 64 5225 s
83 5178 218 5225 naturae
233 5174 340 5223 esssutia
365 5173 503 5223 constituta
523 5187 661 5237 personam
684 5174 776 5236 genitae
800 5173 895 5224 ademit
913 5172 1041 5236 essentie,
1057 5177 1085 5222 ut
1100 5173 1174 5223 unice
1194 5188 1224 5223 ac
1241 5173 1376 5238 singularis
1393 5174 1439 5224 liei
1459 5175 1602 5227 substantia
1619 5193 1665 5241 per

46 5249 189 5298 nionem
214 5246 327 5295 nominis
342 5245 507 5307 intelligatur,
527 5259 586 5294 cnm
604 5245 735 5307 utriusque
748 5244 865 5294 essentia
877 5258 972 5295 nomen
987 5257 1080 5306 unum,
1092 5244 1118 5293 id
1131 5247 1168 5294 est
1183 5258 1249 5296 unus
1263 5247 1342 5308 Deus,
1356 5245 1390 5295 ob
1401 5245 1545 5299 indiscretas
1556 5248 1583 5299 in
1597 5254 1664 5301 utro·

47 5333 87 5368 ue
114 5323 240 5366 naturre
249 5316 425 5365 indissimilem
437 5315 604 5365 substantiam
619 5316 780 5378 predicetur,
796 5333 809 5361 n

59 5393 73 5425 ³
89 5395 196 5454 Aug„
216 5387 245 5437 de
257 5389 335 5449 Tine„
348 5388 391 5436 lib.
401 5388 433 5450 V,
445 5403 468 5436 c.
480 5398 520 5450 ιιι,
530 5401 557 5435 u.
569 5390 591 5436 l.
602 5413 632 5423 -
650 5387 674 5435 ’l
690 5384 1089 5448 eor.nr,a.-⁵1b·c1.,n,tr.

54 5525 96 5583 la)
114 5525 193 5569 Coet.
208 5522 263 5566 edit.
274 5522 382 5580 Respicit,
396 5521 471 5566 mend.
