4100 6300
348 474 371 520 x
1067 454 1169 523 SlXTl
1189 456 1218 522 V

347 592 539 662 catholicam
553 591 670 660 merita
682 593 835 681 congruis
852 593 1034 663 honoribus
1051 612 1229 679 exornare,
1254 599 1370 684 prater
1382 590 1449 661 alia
1462 590 1524 661 hoc
1540 592 1639 684 jussit
1658 599 1757 685 atque
1774 592 1941 681 decrevit,

347 735 386 796 nt
398 725 490 796 illius
503 726 605 795 festus
616 724 685 795 dies
698 727 875 821 quotannis
888 726 1028 818 duplicis
1044 726 1152 796 Officii
1167 729 1234 796 ritu
1254 728 1296 797 ad
1311 728 1413 795 instar
1426 735 1613 796 sanctornm
1627 736 1772 820 quatuor
1789 727 1942 798 Ecclesia

345 862 523 932 Doctorum
537 869 695 954 perpetuo
708 861 947 931 celebraretur:
963 861 1051 955 quod
1071 871 1102 930 et
1120 862 1154 932 S.
1170 863 1409 932 Bonareuturae
1427 862 1558 932 Doctori
1572 861 1692 931 eximio
1706 862 1809 931 tribui
1821 861 1944 934 debere

346 1020 478 1089 aequum
494 998 637 1089 profecto
651 996 893 1084 existimamus,
916 1022 992 1067 cum
1007 1007 1075 1067 tam
1093 999 1198 1067 multa
1219 999 1305 1067 iuter
1318 1020 1372 1066 eos
1385 996 1535 1081 virtutis,
1551 997 1746 1083 sanctitatis,
1763 995 1941 1085 doctrina,

345 1131 538 1200 meritorum
551 1131 757 1224 conjunctio,
772 1140 805 1200 et
818 1132 1000 1202 similitudo
1014 1130 1205 1202 intercedat.
1228 1132 1273 1200 Hi
1286 1131 1375 1200 enim
1388 1140 1467 1200 sunt
1479 1131 1553 1201 dna
1567 1132 1680 1218 oliva,
1696 1140 1729 1200 et
1742 1132 1809 1201 duo
1821 1131 1944 1202 cande·

343 1262 437 1331 labra
449 1262 485 1329 in
497 1262 596 1331 domo
612 1262 673 1330 Dei
691 1263 853 1349 lucentia,
873 1264 932 1353 qui
945 1271 978 1332 et
990 1264 1158 1335 charitatis
1173 1268 1393 1360 pinguedine,
1413 1277 1446 1335 et
1463 1266 1604 1336 scientia
1617 1267 1691 1336 luce
1709 1275 1811 1336 totam
1829 1268 1943 1337 Eccle-

343 1396 425 1464 siam
440 1388 655 1464 collustrant:
674 1395 709 1463 hi
723 1396 885 1486 singulari
898 1397 958 1467 Dei
973 1400 1179 1491 providentia
1193 1401 1307 1471 eodem
1322 1410 1469 1494 tempore
1487 1410 1643 1493 tanquam
1658 1401 1733 1471 dua
1746 1402 1848 1472 stella
1863 1425 1942 1472 exo·

343 1529 463 1598 rientes
488 1553 530 1598 ex
549 1529 678 1599 duabus
698 1531 888 1600 clarissimis
910 1534 1117 1622 regularium
1140 1536 1296 1604 ordinum
1324 1536 1458 1604 familiis
1480 1536 1695 1628 prodierunt,
1722 1559 1797 1629 quae
1820 1547 1941 1608 sancta

342 1665 493 1737 Ecclesia
507 1666 545 1736 ad
561 1667 754 1736 catholicam
765 1667 973 1757 Religionem
987 1671 1263 1761 propugnandam
1279 1671 1420 1740 manime
1436 1672 1549 1756 utiles,
1565 1679 1597 1739 at
1608 1671 1649 1740 ad
1663 1694 1777 1741 omnes
1789 1671 1937 1759 labores,

343 1806 376 1868 ct
388 1800 534 1891 pericula
547 1823 607 1893 pro
620 1800 801 1871 orthodoxa
815 1802 881 1871 tide
894 1803 1067 1873 subeunda
1081 1814 1201 1897 parata
1215 1829 1343 1898 semper
1355 1808 1519 1892 existunt,
1535 1806 1708 1899 exquibus
1722 1817 1884 1900 tanquam
1897 1831 1939 1876 ex

342 1934 442 2003 fertili
463 1944 496 2004 et
511 1938 594 2005 hene
607 1937 697 2006 culto
710 1937 779 2006 solo
800 1939 946 2030 quotidie
968 1962 1027 2031 per
1047 1940 1107 2008 Dei
1129 1941 1270 2030 gratiam
1288 1940 1455 2025 fecunda,
1481 1948 1513 2008 et
1530 1941 1705 2009 fructuosae
1718 1941 1839 2032 plantae
1862 1964 1940 2034 pro-

341 2080 510 2158 creantur,
530 2072 591 2141 hoc
604 2080 652 2142 est
665 2072 729 2140 viri
741 2073 890 2142 doctrina
902 2081 934 2142 et
947 2075 1117 2144 sanctitate
1131 2082 1340 2167 prestantes,
1359 2075 1419 2167 qui
1439 2075 1530 2144 Petri
1544 2074 1704 2144 navicula
1717 2082 1766 2143 tot
1779 2075 1938 2144 fluctibus

341 2207 482 2297 agitata,
497 2215 530 2275 et
543 2207 693 2276 Romano
706 2207 880 2293 Pontifici,
896 2208 968 2300 ejus
978 2210 1112 2278 clavum
1128 2232 1194 2278 non
1207 2209 1278 2278 sine
1292 2232 1412 2299 magna
1424 2208 1644 2278 sollicitudine
1659 2209 1798 2294 maenti,
1814 2209 1935 2279 fortem
2042 2196 2043 2263 ἒ

341 2349 375 2410 et
387 2340 518 2411 fidelem
533 2365 666 2435 operam
679 2352 814 2412 navant.
834 2344 879 2411 Hi
891 2344 959 2414 dno
978 2344 1111 2430 Sancti,
1131 2367 1208 2413 cum
1221 2352 1328 2413 esseut
1341 2343 1463 2429 ooaevi,
1483 2342 1665 2433 iisdemque
1677 2343 1795 2411 studiis
1807 2343 1932 2432 dediti,

340 2478 575 2571 condiscipuli,
591 2479 691 2547 simul
706 2479 874 2569 magistri,
889 2479 962 2572 pari
975 2480 1102 2549 ratione
1115 2504 1135 2548 a
1152 2478 1311 2568 Gregorio
1323 2478 1373 2563 X,
1397 2468 1528 2546 summo
1546 2476 1721 2563 Pontifice,
1745 2499 1820 2546 cum
1834 2478 1935 2547 ambo

339 2611 381 2680 ad
394 2612 583 2682 Concilium
596 2622 822 2699 evocarentur,
838 2613 1008 2697 honorati,
1026 2620 1057 2682 et
1071 2614 1107 2681 in
1121 2613 1223 2705 hujus
1235 2614 1311 2682 vita
1328 2612 1589 2704 peregrinatione
1604 2611 1748 2680 fraterna
1760 2611 1932 2698 charitate,

339 2746 504 2837 spirituali
515 2748 750 2835 familiaritate,
765 2756 952 2817 sanctorum
966 2748 1120 2817 laborum
1133 2747 1283 2816 societate
1298 2747 1392 2816 valde
1402 2746 1569 2836 conjuncti
1580 2745 1728 2830 fuerunt,
1744 2753 1776 2813 et
1788 2744 1934 2836 denique

339 2882 410 2973 pari
424 2904 537 2970 gressu
549 2882 589 2951 ad
599 2883 761 2952 coelestem
777 2884 915 2975 patriam
929 2882 1195 2971 commigrantes
1212 2882 1334 2974 pariter
1347 2882 1458 2950 felices
1470 2888 1503 2948 et
1514 2879 1649 2969 gloriosi
1664 2878 1723 2946 illa
1733 2878 1934 2970 sempiterna

338 3013 541 3085 beatitudine
556 3017 785 3108 perfruuntur,
801 3016 860 3085 ubi
875 3016 988 3085 eodem
1002 3015 1170 3084 charitatis
1183 3016 1315 3101 affectu,
1331 3022 1368 3083 ut
1382 3015 1434 3106 pie
1446 3013 1621 3098 credimus,
1637 3033 1696 3103 pro
1711 3011 1806 3080 nobis
1820 3011 1858 3079 in
1871 3011 1933 3080 hac

337 3147 559 3242 lacrymarum
578 3152 663 3220 valle
687 3153 912 3221 laborantibus
934 3159 1050 3237 orant,
1073 3151 1288 3242 divinamque
1306 3173 1403 3242 opem
1423 3147 1622 3240 implorant,
1646 3156 1683 3215 ut
1703 3146 1819 3216 merito
1842 3146 1931 3216 idem

338 3282 452 3353 Sixtus
464 3284 512 3355 IV
533 3284 593 3354 hos
605 3285 688 3354 duos
704 3286 839 3356 Sanctos
852 3286 1054 3378 persimiles,
1077 3295 1110 3355 et
1127 3286 1222 3378 quasi
1235 3286 1385 3375 geminos
1403 3284 1438 3352 iu
1453 3282 1582 3353 Christo
1600 3283 1717 3352 tratres
1729 3303 1930 3370 agnoscens,

337 3420 486 3488 statuerit
499 3419 534 3488 S.
549 3419 816 3490 Bonaventuram
830 3420 995 3489 consimili
1008 3420 1228 3488 venerationis
1241 3428 1274 3488 et
1285 3418 1421 3489 honoris
1439 3416 1671 3512 praerogativa,
1687 3424 1786 3508 atque
1799 3425 1932 3486 sanctus

337 3554 497 3641 Thomas,
515 3556 737 3625 decorandum
750 3578 829 3624 esse.
854 3554 950 3637 Quod
971 3554 1074 3643 igitur
1087 3577 1107 3622 a
1120 3554 1232 3639 nobis,
1254 3563 1286 3622 et
1299 3552 1459 3643 seraphici
1472 3551 1598 3620 ordinis
1610 3549 1766 3634 charitas,
1782 3557 1814 3618 et
1826 3551 1931 3619 sancti
2040 3571 2041 3606 t

337 3687 575 3758 bonaventurae
595 3690 787 3758 meritorum
806 3686 1022 3777 magnitudo,
1050 3695 1082 3755 et
1100 3687 1266 3756 catholica
1283 3687 1455 3771 Ecclesia,
1477 3686 1574 3778 cujus
1591 3685 1816 3774 gubernacula
1835 3686 1931 3755 nobis

336 3820 413 3891 licet
425 3822 674 3892 immerentibus
688 3847 708 3892 a
720 3822 787 3891 Dec
797 3821 971 3890 commissa
983 3827 1073 3904 sunt,
1090 3820 1227 3905 utilitas,
1244 3828 1276 3888 et
1288 3820 1462 3889 aediticatio
1477 3819 1627 3911 requirit,
1644 3818 1756 3887 habita
1768 3818 1931 3910 superbis

337 3956 491 4025 omnibns
504 3978 580 4025 cum
590 3955 835 4025 venerabilibus
845 3952 1134 4023 tratribusnostris
1147 3952 1183 4022 S.
1196 3953 1237 4021 u.
1250 3954 1287 4021 E.
1302 3952 1532 4022 Cardinalibns
1543 3952 1775 4021 deliberatione
1784 3960 1927 4035 matura,

336 4091 376 4161 de
387 4092 581 4162 eorumdem
594 4093 746 4178 consilio,
766 4102 798 4160 et
815 4091 965 4160 unanimi
976 4113 1131 4176 assensu,
1152 4097 1241 4156 etex
1254 4095 1341 4155 certa
1354 4095 1467 4156 nostra
1480 4085 1634 4171 scientia,
1653 4108 1691 4153 ac
1708 4086 1750 4154 de
1764 4086 1929 4155 attributas
2039 4155 2040 4176 ,

336 4226 431 4295 nohis
443 4226 625 4318 apostolica
638 4227 805 4319 potestatis
816 4224 1040 4319 plenitudine,
1056 4224 1118 4294 hac
1133 4230 1244 4291 nostra
1257 4229 1414 4313 perpetuo
1429 4220 1573 4289 valitura
1587 4218 1837 4307 constitutione,
1851 4220 1929 4289 doo-

335 4359 457 4428 trinam
475 4359 578 4451 ipsius
597 4359 633 4429 S.
649 4360 887 4430 bonaventura
901 4383 921 4428 a
934 4359 1129 4452 supradictis
1142 4355 1431 4449 prodecessoribus
1445 4354 1564 4423 nostris
1585 4355 1754 4424 Clemente
1767 4356 1831 4443 IV,
1845 4356 1929 4426 Cre·

334 4495 427 4585 gorio
440 4494 473 4562 X
484 4504 518 4562 ot
529 4494 624 4564 Sixto
637 4494 685 4565 IV
698 4494 879 4582 laudatam,
892 4495 927 4563 in
939 4494 1088 4564 Concilio
1102 4491 1317 4580 langdunensi
1329 4490 1472 4559 maxime
1482 4496 1671 4580 spectatam,
1686 4492 1721 4558 iu
1735 4491 1927 4560 Florentino

334 4631 434 4698 etiam
447 4630 488 4700 ad
501 4651 553 4698 res
563 4629 713 4698 difficiles
726 4629 934 4722 explicandas
947 4629 1144 4713 adhibitam,
1158 4626 1430 4716 gravissimorum
1444 4625 1594 4694 virorum
1606 4626 1799 4695 auctoritate
1812 4627 1928 4695 testiti-

334 4774 451 4850 catam,
468 4772 500 4832 et
513 4765 793 4852 commendatam,
809 4773 843 4833 et
857 4764 977 4834 eximio
992 4765 1141 4836 Ecclesia
1156 4764 1294 4833 Doctore
1306 4749 1457 4854 dignam,
1474 4783 1534 4832 nos
1546 4785 1680 4856 quoquc
1692 4763 1878 4856 plurimum
1892 4765 1926 4831 in

334 4896 474 4967 Domum
488 4897 680 4986 laudamus,
694 4899 1009 4970 etcommendamus
1019 4925 1028 4985 ;
1045 4921 1083 4967 ac
1101 4900 1227 4968 litteras
1239 4899 1386 4991 ejusdem
1408 4897 1493 4967 sixti
1506 4898 1572 4984 IV,
1593 4921 1676 4990 quas
1694 4921 1754 4989 pro
1765 4898 1926 4990 expressis

334 5030 478 5101 hocloco
491 5032 605 5101 haberi
618 5033 790 5118 volumus,
806 5040 940 5125 excepta
950 5032 980 5124 ej
986 5057 1024 5102 us
1037 5033 1244 5102 ordinatione
1256 5033 1298 5101 dc
1315 5033 1397 5102 festo
1408 5033 1462 5100 die
1478 5031 1514 5101 S.
1529 5032 1772 5103 Bonaventurrc
1784 5031 1925 5103 secum

334 5165 505 5235 Dominica
519 5165 602 5234 lulli
615 5166 826 5254 celebrando,
842 5166 962 5235 hamm
976 5174 1090 5236 tenore
1104 5170 1338 5260 approbantes,
1355 5178 1387 5238 et
1401 5172 1613 5254 innovantes,
1636 5169 1745 5261 ipsum
1768 5170 1803 5240 S.
1819 5172 1924 5240 Rona-

334 5307 508 5369 venturam
518 5299 595 5391 jure
607 5309 794 5369 sanctorum
807 5301 984 5370 Doctorum
996 5303 1162 5372 consortio
1176 5304 1218 5372 ab
1231 5303 1344 5373 eodem
1358 5303 1452 5373 Sixto
1464 5303 1512 5374 1v
1524 5303 1739 5396 adscriptum,
1754 5314 1788 5374 et
1797 5325 1921 5376 connu-

334 5441 516 5522 moratam,
532 5435 930 5532 auommtatsapostolica,
949 5442 1063 5506 tenore
1075 5437 1306 5530 presentium,
1322 5438 1408 5507 inter
1420 5438 1647 5532 praecipuosat
1658 5439 1848 5533 primarios,
1861 5439 1918 5534 qui
