4100 6300
735 473 738 479 ,
785 448 995 520 neesson.
1567 444 1688 522 num

760 634 1030 721 APPENDIX

140 800 414 884 Quandoquidem,
428 801 509 865 beno
519 802 655 883 juvante
672 801 746 881 Deo,
761 806 904 867 nostram
918 805 958 868 de
977 803 1102 887 scriptis
1114 803 1148 869 S.
1163 802 1397 868 Beneventurae
1418 802 1459 868 ad
1478 804 1601 868 exitum
1614 822 1689 888 per-

102 908 254 972 duximus
267 907 536 987 dissertationem,
549 910 617 991 jnm
629 908 710 973 illud
727 910 775 973 est
787 910 964 993 reliquum,
980 915 1017 976 ut
1029 911 1083 976 bic
1100 911 1273 976 acervatim
1293 929 1332 974 ea
1352 910 1541 993 colligamus
1560 912 1686 995 scripte,

101 1033 174 1098 quae
189 1015 223 1079 in
236 1014 388 1080 launna
400 1014 544 1080 Editione
557 1016 664 1080 locum
678 1034 746 1081 non
758 1016 919 1095 habuere,
936 1036 1074 1101 quaeque
1087 1022 1145 1083 aut
1161 1018 1314 1101 temporis
1328 1017 1457 1100 injuria,
1475 1023 1531 1082 aut
1551 1017 1688 1084 aliorum

102 1122 221 1188 invidia
240 1123 418 1206 perierunt.
442 1123 489 1187 Ac
511 1122 653 1205 primum
670 1135 710 1184 se
730 1120 822 1185 nobis
842 1121 980 1186 offerunt
1004 1139 1060 1202 ee,
1094 1139 1168 1204 quae
1189 1139 1318 1185 coaevus
1340 1122 1472 1203 scriptor
1496 1118 1688 1186 Ptolomaeus

102 1228 251 1294 Lucensis
263 1230 298 1294 in
311 1249 369 1295 sue
382 1230 468 1297 illst.
483 1229 581 1307 lieet,
594 1228 651 1294 lib.
666 1226 774 1307 Xlllll,
788 1247 856 1311 cap.
872 1248 894 1306 1,
910 1228 1172 1314 commemoravit
1184 1252 1191 1292 :
1205 1231 1433 1294 Bonuoentoro
1443 1228 1690 1309 postilloottoli·

100 1336 532 1418 pertinentiumque
547 1337 645 1403 libros
667 1335 861 1414 Solomonis,
878 1341 906 1402 et
917 1335 985 1416 lob,
1000 1342 1030 1403 et
1039 1336 1206 1417 Epistolos
1221 1335 1327 1401 Pauli.
1343 1334 1425 1399 Satis
1440 1340 1548 1399 autem
1564 1335 1689 1418 plorare

98 1441 270 1523 nequimus
280 1442 442 1523 jacturam
461 1439 683 1519 Postillarum‚
700 1457 841 1521 quarum
855 1439 1001 1503 meminit
1018 1438 1186 1518 Lucensis,
1203 1443 1235 1503 et
1246 1459 1327 1524 ques
1340 1442 1376 1506 in
1389 1441 1507 1506 librum
1525 1441 1595 1523 lob,
1610 1443 1689 1508 etin

100 1545 254 1629 Epistolas
268 1547 418 1613 Paulinus
432 1546 603 1612 coniecisse
616 1547 727 1611 fertur.
749 1545 790 1611 Se
803 1565 900 1629 penes
912 1545 1053 1629 postillis
1065 1546 1124 1610 has
1134 1546 1233 1612 tuisse
1245 1552 1379 1613 testetur
1390 1548 1444 1613 Fr.
1459 1548 1506 1614 Jo.
1523 1547 1689 1615 liehusius

99 1654 134 1717 in
156 1653 295 1737 Epistola
317 1655 451 1738 praefixa
471 1652 716 1719 Commentariis
733 1653 769 1716 in
788 1651 927 1733 Lucam,
947 1653 1145 1737 Antuerpiae,
1173 1673 1226 1718 an.
1250 1659 1341 1735 1539,
1368 1656 1451 1721 in-8.
1474 1656 1574 1722 Penes
1595 1659 1689 1722 illum

99 1779 230 1844 quoque
247 1762 311 1826 luit
328 1760 564 1826 Bonaventurae
586 1759 713 1825 Postilla
733 1760 768 1823 in
787 1759 914 1824 Cantica
934 1760 1151 1840 Cunticorum3
1171 1761 1206 1825 in
1219 1762 1274 1827 Xll
1292 1762 1464 1846 Prophetes
1483 1764 1637 1844 Minorem
1653 1766 1689 1830 in

99 1868 218 1933 librum
230 1867 305 1948 Job;
322 1869 358 1934 in
377 1867 586 1946 Metthaeum,
601 1871 633 1932 et
654 1865 814 1948 Marcum3
830 1868 866 1932 in
884 1885 996 1934 omnes
1011 1867 1166 1953 Epistolas
1182 1868 1219 1933 ll.
1238 1867 1340 1934 Pauli.
1360 1869 1446 1936 Num
1467 1890 1545 1938 vero
1572 1867 1688 1957 scripta

99 1975 168 2041 hmo
179 1976 387 2058 sintgenuina
404 1973 438 2040 S.
450 1975 607 2051 Posteris,
622 1973 704 2040 elius
715 1974 843 2039 viderit.
1251 1974 1253 1978 ’

141 2082 291 2148 Similiter
301 2081 411 2148 Sixtus
427 2081 580 2147 Senensis
592 2083 627 2146 in
641 2081 723 2147 Bibl.
737 2080 834 2146 Sacra
845 2130 854 2158 ,
867 2082 922 2146 lib.
936 2081 988 2146 IV.
1001 2101 1078 2166 pag.
1094 2088 1165 2164 tlt,
1180 2103 1245 2168 quo
1264 2086 1369 2151 nescio
1385 2086 1592 2152 fundamento
1603 2088 1689 2152 inni-

100 2210 162 2257 xus
173 2191 294 2268 scribit,
307 2190 572 2256 Bonaventuram
587 2194 658 2273 post
671 2208 705 2254 se
718 2190 883 2273 reliquisse
897 2185 1128 2274 Compendium
1144 2192 1312 2256 metricum
1325 2193 1549 2260 scholasticum
1567 2196 1690 2260 utrius-

101 2318 162 2382 que
179 2298 391 2377 Testamenti,
413 2299 563 2364 versibus
580 2296 721 2362 dimetris
741 2297 896 2376 iambicis,
917 2297 1017 2362 bbere
1036 2298 1201 2382 solutaque
1221 2300 1417 2382 syllabarum
1438 2301 1510 2384 lege
1529 2320 1632 2386 :quos
1645 2304 1689 2369 ita

102 2407 274 2490 disposuit,
290 2412 328 2472 ut
353 2407 482 2488 singula
502 2403 685 2470 tetrasticha
705 2423 867 2469 summam
888 2406 986 2469 unius
1006 2406 1137 2489 capituli
1162 2408 1354 2473 contineant.
1376 2408 1454 2492 Eius
1475 2411 1603 2476 initium
1616 2415 1688 2478 est:

103 2511 242 2581 Mundus
253 2517 300 2581 stt
313 2515 352 2580 tn
362 2513 539 2597 principio,
555 2516 614 2576 ete.

140 2622 204 2687 Sua
212 2640 343 2706 quoque
356 2622 391 2685 in
403 2621 546 2686 medium
559 2619 651 2684 offert
667 2617 721 2683 Fr.
736 2616 848 2683 Petrus
859 2617 1057 2703 Rodulphius
1071 2619 1321 2686 Tossinianensis
1333 2622 1368 2687 in
1379 2623 1435 2688 lib.
1450 2642 1473 2688 1.
1489 2625 1575 2692 illst.
1589 2626 1689 2710 llellp.

103 2729 241 2812 Serapi:
258 2749 293 2812 p.
308 2733 361 2810 93,
376 2727 555 2812 eujusmodi
566 2730 660 2791 sunt:
674 2724 908 2793 commentario
921 2729 958 2793 tn
971 2728 1150 2810 Eoonpelto
1162 2736 1192 2796 et
1204 2729 1370 2811 Epistulas
1379 2731 1477 2798 totius
1489 2734 1571 2799 anni
1584 2754 1596 2796 .·
1607 2735 1693 2817 quod

102 2853 178 2919 opes
198 2838 394 2920 omipotente
419 2838 540 2920 europis·
562 2836 629 2902 virt
651 2835 741 2901 Dum.
764 2835 935 2902 morentii
958 2834 1123 2918 comperit
1144 2836 1356 2904 Petrensium
1380 2840 1533 2922 Episcopi
1559 2842 1598 2906 ad
1623 2844 1693 2924 eJ’us

103 2963 214 3010 maniis
223 2948 425 3028 pervenerat.

56 3071 66 3084 ·
141 3051 298 3118 Praeurea
318 3068 414 3135 super
432 3051 566 3118 cantico
584 3058 614 3120 et
629 3051 804 3134 Apooolpp.
828 3051 985 3130 loannis,
1003 3055 1171 3133 quaesunt
1189 3052 1279 3134 opud
1300 3055 1476 3121 Antonium
1494 3055 1690 3136 Ferrarium,

107 3158 256 3241 Venetus,
276 3160 321 3228 od
335 3163 463 3245 troipas
478 3161 606 3233 Polme,
620 3166 656 3227 ut
669 3161 899 3243 imprimuntur
911 3174 981 3224 oum
996 3158 1076 3226 otiis
1090 3161 1159 3242 ejus
1174 3160 1352 3244 Quouis.

141 3268 328 3352 Sequuntur
340 3287 389 3348 ea,
404 3287 478 3352 quae
492 3268 631 3333 seriatim
645 3267 803 3333 recensuit
815 3265 1025 3348 Wsddingus,
1048 3263 1084 3330 P.
1100 3285 1238 3350 quaeque
1253 3285 1328 3332 cum
1341 3267 1376 3332 in
1390 3266 1558 3351 Vaticana,
1572 3276 1644 3336 tum
1658 3274 1693 3336 in

105 3376 298 3442 Bibliotheca
317 3375 430 3459 magni
451 3375 636 3441 Conventus
657 3374 829 3456 Assbiatis,
853 3374 986 3457 Quo
1008 3374 1045 3438 in
1063 3374 1140 3439 locis
1159 3394 1193 3440 se
1217 3376 1335 3441 vidisse
1355 3380 1488 3441 testatur
1509 3379 1545 3442 in
1566 3378 1693 3463 Syllabo

106 3482 215 3567 Scripl.
231 3483 309 3549 Ord.
324 3482 416 3563 ltin,
431 3502 506 3566 pag.
520 3487 571 3547 69.

24 3604 39 3629 ⁰
143 3593 275 3658 &mma
292 3591 514 3658 &ammaricus
528 3589 744 3672 muubtiooe.
759 3589 825 3654 lno.
842 3590 1002 3664 Quoerttu
1014 3595 1124 3656 utuun
1139 3591 1309 3669 torulusto,
1326 3594 1385 3655 etc.

147 3699 315 3766 Tractatus
340 3700 465 3781 Lopicoe
488 3697 528 3764 dc
550 3699 656 3780 stputs
669 3699 908 3765 uutousolibus
929 3699 967 3763 iu
986 3697 1038 3762 IV
1048 3704 1158 3779 portes
1183 3697 1387 3765 distributus.
1402 3695 1467 3763 lnc.
1493 3699 1695 3783 Circostpao

105 3808 316 3877 univocatio,
332 3810 393 3869 ete.

143 3915 335 3989 mactiones
348 3926 445 3995 super
461 3909 558 3978 libros
573 3914 612 3980 dc
628 3915 844 3981 densatione.
862 3912 926 3977 lnc.
943 3914 1106 3987 domtus
1120 3929 1165 3979 aa
1179 3913 1334 3994 scientio,
1351 3918 1411 3979 etc.

106 4021 295 4094 mustiones
310 4035 405 4103 super
420 4019 479 4084 IV.
495 4017 552 4088 lib.
571 4021 768 4104 lupinorum.
787 4019 851 4084 lne.
872 4020 967 4087 Omne
982 4020 1069 4103 quod
1083 4023 1257 4104 oppetitur,
1272 4025 1331 4085 ete.

145 4130 336 4204 Oooesttoacs
349 4143 446 4209 super
459 4126 556 4193 libros
572 4126 791 4191 Meteororum.
809 4122 873 4188 lno.
889 4124 1051 4201 oannem
1063 4131 1173 4193 etnim
1185 4124 1334 4203 solonio,
1348 4127 1406 4189 ete.

419 4263 551 4334 Epistoloe
563 4262 675 4333 aliquot.

419 4343 537 4399 Postilloe
548 4343 579 4398 in
594 4341 709 4397 Coptica
724 4339 903 4398 cutum.

419 4424 536 4481 distem
547 4426 578 4480 iu
590 4421 690 4480 eadem
701 4423 820 4482 Gmtieo.

146 4576 311 4648 Proctotus
327 4594 422 4661 super
437 4578 496 4645 illo
511 4578 606 4644 verbu
620 4575 745 4643 Psalmi
753 4576 860 4641 XLV:
871 4575 988 4641 Vocon
1000 4578 1031 4640 et
1040 4571 1159 4652 videte,
1171 4577 1230 4638 etc.
1238 4573 1302 4639 lnc.
1316 4574 1407 4642 Sicut
1415 4576 1498 4641 inter
1506 4576 1626 4655 omnio,
1635 4578 1695 4640 etc.

148 4688 314 4756 butorus
330 4689 369 4753 tn
385 4702 457 4768 cop.
479 4686 532 4751 V:
548 4685 740 4752 uzecttetn.
758 4683 823 4748 lnc.
841 4682 918 4749 Cum
931 4699 1028 4749 essem
1045 4684 1082 4749 in
1097 4682 1214 4763 medio,
1231 4686 1290 4748 etc.

143 4792 182 4860 ln
196 4812 266 4878 cop.
279 4796 322 4860 X.
338 4792 493 4876 eiusdem.
512 4791 577 4858 lnc.
590 4791 759 4876 teuredus
770 4794 808 4858 in
823 4791 942 4871 medlo,
955 4797 1014 4855 ete.

144 4902 182 4967 lp
193 4919 264 4985 cop.
282 4902 341 4968 lV.
352 4901 575 4984 Apocalypsis.
593 4899 657 4964 luc.
676 4899 817 4972 Ouutuor
830 4899 1002 4978 animalia,
1019 4901 1079 4963 etc.

143 5009 183 5074 ln
197 5026 267 5092 cop.
288 5010 326 5074 V.
344 5007 498 5090 undem.
515 5006 580 5070 lnc.
600 5006 681 5072 Vidi
698 5004 1047 5083 tudeeterosedcotis,
1065 5007 1125 5069 etc.

144 5116 381 5183 laoniensem
397 5114 627 5198 Apocalypsin
642 5114 887 5181 temnuntorto.
905 5112 971 5178 lnc.
985 5113 1197 5180 Premititur
1212 5109 1287 5178 lon
1301 5111 1394 5193 libro,
1411 5114 1471 5176 ete.

148 5220 281 5288 lutum
293 5221 609 5301 mensuramus.
1148 5262 1152 5269 ·

144 5327 218 5393 llaec
229 5335 356 5413 praeter,
370 5346 444 5413 quae
458 5328 601 5394 ordinate
612 5329 780 5409 recensuit,
796 5329 1021 5394 subnectitista
1035 5325 1106 5391 lis:
1122 5326 1320 5410 opusculum
1330 5376 1339 5408 ,
1351 5327 1403 5392 cui
1414 5326 1547 5392 titulus:
1562 5326 1606 5394 De
1617 5326 1698 5396 orte

108 5435 327 5504 scientiarum.
339 5435 495 5502 Servatur
506 5436 541 5499 iu
552 5434 632 5500 Bibl.
647 5435 779 5501 Petrum
792 5435 1066 5513 conventualium,
1079 5432 1259 5500 Florentiae.

146 5543 303 5627 Opuscule
325 5545 426 5610 :Flos
446 5544 579 5625 florum
600 5544 718 5611 lilium
741 5544 982 5627 operantum
1001 5544 1046 5610 Dc
1062 5545 1170 5626 pono
1190 5541 1332 5623 luserat,
1353 5546 1383 5607 el
1400 5542 1505 5624 plorto
1527 5543 1696 5610 Farodini.
