4100 6300
352 442 413 503 264
921 426 1233 494 SENTENTIABUM
1252 428 1326 493 ΗΒ.
1349 427 1374 492 Ι.

352 569 527 647 visibilem
539 568 575 632 in
588 566 736 646 secunda,
749 564 789 629 ad
801 565 958 646 majorem
970 562 1125 645 explana·
1223 566 1316 647 ltesp.
1340 563 1515 630 Dicendum
1533 567 1622 648 quod
1640 569 1797 652 quaedam
1812 568 1943 635 dicumu

354 680 494 756 tionem,
510 679 618 740 movet
636 678 668 739 et
684 672 874 738 determinat
894 670 1127 736 dubitationem
1181 671 1220 736 de
1242 670 1327 736 Filio
1344 671 1400 737 [lei
1425 692 1481 756 per
1507 676 1698 752 essentiam,
1726 676 1879 759 quedem
1900 697 1943 759 pa

355 784 545 868 quamdam,
557 781 602 845 ihi
618 802 626 845 ι
642 779 706 846 Sed
720 780 816 862 prius
834 778 1041 862 querendum
1062 782 1126 858 cst,
1182 781 1609 865 unionemquaetanteiuit,
1621 785 1944 850 utiacercthominsn
1972 775 1979 788 ’

356 913 429 963 cum
439 893 544 960 Filius
557 890 687 957 dicatur
699 893 807 956 minor
818 891 926 970 Putre,
938 894 998 954 etc.
1183 889 1302 967 Deum,
1320 894 1353 954 et
1370 889 1470 954 Deum
1488 892 1666 957 hominem.
1683 890 1945 957 Essentialiterlo·

397 1001 505 1066 Prima
515 1016 589 1082 pars
599 997 697 1062 habet
704 997 805 1062 duas:
819 997 970 1081 inprims
979 995 1130 1078 Magister
1183 995 1331 1079 quendo‚
1348 996 1438 1062 nullo
1458 999 1555 1063 modo
1574 996 1677 1062 Filius
1694 997 1754 1063 llei
1768 1003 1820 1061 est
1843 997 1945 1074 mium

357 1111 498 1191 assignat
510 1105 671 1188 duplicem
680 1104 813 1170 modurn
823 1104 983 1168 missionis
992 1102 1131 1186 Spiritus
1184 1102 1239 1167 sed
1248 1103 1309 1167 hoc
1322 1103 1444 1168 dictum
1456 1108 1503 1168 est
1514 1123 1572 1188 per
1581 1105 1751 1182 unionem,
1766 1105 1850 1187 quia
1860 1087 1947 1169 oum

358 1214 820 1298 sencti,secundnmduplicem
829 1213 1132 1278 modummissionis
1184 1228 1259 1294 quae
1284 1211 1436 1276 dicuntur
1460 1212 1499 1276 de
1525 1212 1656 1277 homine
1680 1216 1822 1296 possunt
1847 1212 1947 1277 dicidt

359 1324 448 1405 Filii3
467 1322 608 1388 secundo
630 1339 707 1387 vero
728 1321 933 1404 prosequitur
953 1321 993 1385 de
1012 1320 1128 1401 altera,
1185 1317 1267 1382 Filio
1280 1318 1358 1383 llei:
1378 1323 1410 1383 et
1422 1319 1466 1383 ita
1478 1325 1564 1401 patet
1579 1320 1666 1404 quod
1681 1320 1776 1384 nulla
1791 1338 1835 1383 ex
1850 1320 1948 1384 hocas

358 1431 476 1496 scilicet
488 1429 641 1494 missione
653 1428 781 1508 visibili,
796 1429 841 1492 ibi
856 1451 864 1493 :
881 1431 927 1494 ut
938 1430 1044 1511 ptimo
1058 1445 1133 1512 apa·
1186 1426 1381 1509 indignitas,
1405 1427 1494 1491 nulla
1514 1428 1715 1493 mutabilitas
1738 1429 1776 1491 in
1800 1430 1875 1508 ejus
1894 1448 1949 1510 pa·

360 1556 432 1605 mus
449 1538 489 1604 ds
506 1538 562 1604 illo
581 1536 675 1603 modo
694 1539 862 1603 missionis
881 1537 941 1619 qni
953 1537 994 1617 nc
1013 1537 1133 1604 visim-
1187 1551 1290 1598 sona:
1314 1537 1346 1598 et
1363 1534 1407 1597 sic
1425 1534 1562 1599 solvitur
1579 1540 1760 1619 utrumque
1783 1537 1948 1616 objectum.

360 1647 446 1727 liter,
460 1649 532 1726 ete,
548 1645 606 1709 nbi
619 1644 695 1709 dicit
713 1644 799 1727 quod
812 1644 923 1709 missio
937 1648 985 1708 est
997 1644 1135 1709 visibilis
1188 1643 1265 1724 quia
1286 1645 1423 1723 utraque
1440 1642 1518 1706 ratio
1537 1644 1677 1725 procedit
1693 1644 1862 1708 intellecto
1881 1645 1949 1726 qum

361 1754 520 1839 apparitio
536 1754 618 1817 locta
630 1753 666 1817 in
679 1753 827 1817 exteriori
847 1754 963 1835 signo,
978 1771 1037 1836 per
1049 1754 1135 1836 quod
1188 1748 1366 1813 secundnm
1388 1749 1534 1815 eamdem
1555 1756 1706 1817 naturam
1726 1754 1824 1816 fleret
1843 1753 1951 1829 minor,

362 1865 559 1928 monstratur
572 1860 682 1925 missio
695 1860 839 1926 interior.
1189 1858 1368 1922 secundnm
1377 1860 1749 1942 quemequuiseracet
1758 1858 1953 1923 indoneus

403 1969 556 2037 Similiter
576 1968 715 2034 secunda
734 1985 824 2051 pars,
845 1968 880 2032 iu
898 1985 965 2051 qna
984 1967 1138 2051 Magister
1190 1983 1258 2031 esse
1271 1966 1404 2049 aequalis
1420 1989 1427 2030 ε
1443 1986 1532 2032 nunc
1548 1973 1658 2034 auum
1678 1967 1781 2033 nmul
1800 1973 1851 2032 en
1863 1967 1954 2031 minu

364 2082 472 2147 movet
492 2077 725 2143 dubitationem
744 2094 820 2160 qnae
841 2076 938 2142 habet
963 2081 1072 2141 ortum
1095 2096 1137 2143 ex
1191 2074 1223 2136 et
1236 2071 1378 2154 aequalis.

365 2187 601 2273 comparatione
609 2184 849 2250 missionisFilii
857 2183 1138 2274 etSpiritusseneti
1509 2183 1582 2230 ΜΒ·
1602 2183 1636 2228 11·

367 2292 710 2378 (cumenimSpiritus
723 2295 853 2358 sanctus
865 2294 1013 2356 mittatur
1025 2292 1138 2358 risibi-
1348 2292 1526 2362 neomutus
1539 2290 1813 2352 mordicumete.

365 2405 439 2469 liter
450 2402 532 2467 sieut
550 2406 583 2466 et
595 2400 716 2481 Filius,
731 2401 867 2484 quaestio
885 2404 933 2465 est
953 2417 1054 2482 qnare
1072 2419 1140 2466 non
1232 2407 1364 2475 wdetur
1375 2402 1582 2488 maledioer'e,
1596 2408 1672 2490 quia
1684 2407 1793 2489 maj0r
1804 2406 1957 2469 divorum

368 2510 483 2575 dicitur
501 2509 608 2574 minor
631 2507 724 2573 Pfllffl
743 2512 781 2573 Ul
795 2507 937 2591 Filius),
958 2507 1054 2572 hebet
1075 2513 1141 2573 tres
1193 2517 1452 2599 importeturper
1463 2516 1525 2580 hoc
1537 2514 1623 2597 qnod
1631 2517 1679 2578 est
1687 2514 1795 2594 major
1804 2515 1838 2576 et
1851 2511 1955 2586 minor,

368 2623 483 2702 partes.
500 2617 536 2683 ln
550 2618 654 2702 prima
663 2619 797 2702 opponit
808 2621 841 2683 et
850 2616 1042 2682 determinet
1053 2618 1139 2701 quod
1194 2642 1292 2706 quam
1305 2642 1363 2707 per
1378 2623 1441 2688 hoc
1456 2622 1542 2705 qnod
1554 2624 1604 2685 est
1621 2620 1705 2685 alius
1722 2624 1755 2685 et
1774 2619 1882 2696 alius,
1896 2619 1956 2699 quis
2022 2643 2023 2654 2

369 2726 506 2808 Spiritus
516 2729 646 2790 sanctus
662 2743 729 2791 non
746 2725 837 2789 debet
855 2725 916 2789 dici
935 2742 976 2789 ex
989 2724 1141 2791 missione
1195 2732 1300 2815 prima
1311 2749 1377 2796 non
1390 2731 1473 2795 radit
1488 2730 1523 2793 in
1544 2728 1656 2794 divina
1675 2731 1818 2804 natura,
1833 2725 1956 2790 secunda

369 2832 478 2895 minor
486 2831 568 2895 sicut
580 2830 690 2911 Filius,
701 2831 778 2915 quia
785 2830 924 2914 Spiritus
934 2834 1063 2895 sanctus
1075 2850 1142 2896 non
1195 2839 1251 2903 sic.
1266 2837 1301 2903 Si
1312 2857 1391 2920 ergo
1404 2838 1474 2903 haec
1487 2842 1534 2901 est
1548 2855 1642 2901 vers:
1658 2834 1793 2900 «Filius
1806 2840 1856 2898 est
1867 2834 1956 2896 minor

370 2942 418 3003 est
437 2938 558 3003 unitus.
582 2938 744 3015 Secundo,
766 2938 930 3004 occasione
949 2937 1064 3021 hujus,
1084 2938 1142 3003 ad-
1196 2965 1250 3023 se,
1275 2969 1291 3007 o
1314 2964 1393 3029 ergo
1415 2949 1448 3011 et
1468 2945 1539 3010 haec
1563 2963 1572 3008 ε
1601 2968 1617 3005 ιι
1638 2942 1742 3008 Filius
1765 2946 1818 3007 ent
1841 2942 1956 3005 alinsct
2025 2969 2027 3034 ἰ

367 3045 479 3130 jungit
504 3045 665 3128 quoddam
691 3046 828 3112 verbum
855 3046 931 3110 huic
954 3065 1140 3129 annexum,
1197 3054 1292 3136 alius,
1307 3076 1323 3116 o
1338 3058 1371 3120 et
1386 3054 1517 3120 itaduae
1528 3070 1674 3135 persouae
1690 3073 1698 3114 :
1712 3051 1804 3134 quod
1818 3066 1955 3114 noncon·

370 3154 487 3220 scilicet
499 3153 586 3237 qnod
600 3153 700 3219 Filius
711 3155 834 3219 ratione
852 3155 1012 3218 missionis
1024 3155 1143 3221 dicitnr
1197 3163 1329 3229 ceditur.

372 3262 479 3327 minor
497 3263 617 3345 seipso,
637 3262 708 3327 ibi:
732 3260 918 3330 Notandum
937 3269 1046 3331 antem
1059 3265 1145 3347 quod
1238 3271 1332 3355 Resp.
1359 3271 1534 3336 [licendum
1558 3270 1645 3352 quod
1667 3287 1788 3333 verum
1819 3274 1867 3332 est
1887 3266 1957 3350 quot

372 3370 494 3449 Filius,
515 3369 690 3437 secundum
720 3369 807 3452 qnod
837 3370 1057 3452 nenofantus
1085 3378 1141 3442 cst.
1198 3377 1355 3456 majorem
1363 3369 1955 3452 diversitatemdicuntmajoretminor,

253 3562 255 3567 Ι
372 3476 478 3542 Tertio
495 3478 586 3543 docet
598 3496 675 3542 sane
692 3478 871 3560 intelligere
890 3479 1053 3560 quoddam
1070 3498 1145 3545 ver·
1199 3482 1276 3564 quia
1289 3479 1504 3547 diversitatem
1513 3476 1642 3543 virtutis
1650 3481 1683 3541 et
1691 3483 1885 3540 nonnarum
1898 3473 1956 3538 :sod

374 3586 453 3650 bum
464 3586 600 3652 dubium
616 3587 703 3669 quod
724 3590 771 3651 est
791 3586 942 3669 presenti
961 3588 1145 3653 oonsidere-
1199 3588 1239 3654 ad
1258 3587 1472 3652 diversitatem
1486 3588 1624 3664 nature,
1639 3585 1793 3666 quumvis
1806 3584 1847 3646 sit
1860 3586 1954 3661 major,

372 3692 453 3756 tioni
466 3696 687 3777 conjunctum,
702 3693 789 3776 quod
802 3693 877 3758 dicit
891 3694 900 3730 ¹
912 3693 1065 3773 Hilarius,
1081 3696 1146 3760 sci-
1200 3714 1267 3760 non
1290 3694 1436 3778 seqnitur
1462 3691 1630 3758 diversitas
1651 3690 1687 3754 iu
1713 3709 1870 3773 persona,
1895 3692 1955 3771 qn'n

372 3799 446 3863 licet
465 3800 550 3881 qnod
572 3798 665 3864 Pater
682 3799 861 3864 secundnm
879 3800 1078 3867 divinitatem
1099 3807 1147 3868 est
1201 3803 1310 3885 plures
1322 3806 1448 3864 natnrae
1461 3801 1594 3883 possunt
1606 3817 1675 3863 esse
1684 3798 1720 3861 iu
1733 3817 1801 3861 uua
1816 3814 1953 3880 persons:

374 3907 478 3989 major
494 3905 594 3987 Filio,
621 3905 722 3971 Filius
743 3907 921 3973 secundum
946 3908 1145 3974 divinitatem
1201 3911 1354 3996 quoniam
1386 3927 1465 3991 ergo
1490 3907 1526 3972 in
1551 3907 1675 3972 Christo
1701 3906 1787 3970 cedit
1812 3905 1956 3968 diversitas

375 4033 441 4079 non
457 4018 505 4078 est
522 4015 647 4095 minor,
662 4013 707 4078 ihi
723 4035 731 4079 :
747 4016 899 4083 Hilarius
917 4023 1026 4084 aorem
1042 4012 1151 4086 dicere
1202 4021 1403 4098 naturarum,
1416 4019 1449 4081 et
1462 4016 1506 4081 ita
1518 4017 1691 4091 virtutum,
1703 4031 1771 4077 non
1783 4019 1889 4076 autem
1900 4027 1956 4093 per·

375 4120 615 4205 vincasque
626 4121 719 4190 Pater
730 4123 859 4200 sitetc.
1203 4144 1370 4205 sonarum3
1392 4124 1463 4190 ideo
1481 4122 1598 4187 dicitur
1618 4122 1723 4203 major
1744 4127 1777 4185 et
1794 4120 1896 4184 minor
1913 4136 1957 4181 rr·

1203 4235 1289 4298 tione
1299 4233 1499 4297 diversarum
1507 4231 1678 4305 virtutum,
1694 4246 1762 4293 non
1773 4232 1878 4292 autmr
1888 4225 1957 4289 alim

704 4309 774 4357 nos.
796 4310 818 4355 1.
1204 4347 1237 4408 91
1246 4341 1342 4419 alius,
1355 4358 1431 4406 cum
1443 4357 1509 4405 non
1522 4338 1639 4403 habeat
1654 4337 1798 4402 diversas
1810 4348 1954 4419 verm

624 4428 689 4478 Nam
710 4426 742 4477 de
759 4425 837 4492 Filio,
851 4430 901 4479 etc.

419 4550 535 4617 Contra
547 4551 624 4630 hoc,
641 4551 726 4633 quod
738 4549 1059 4633 Filiusinquantum
1073 4554 1149 4619 mis·
1520 4523 1591 4569 DUB'
1613 4522 1659 4568 ω’

379 4679 452 4740 sus,
467 4659 569 4724 factus
586 4658 692 4724 minor
711 4659 773 4737 sit,
793 4659 838 4723 sic
851 4659 1000 4742 objicitur
1015 4682 1023 4725 :
1041 4661 1151 4728 Omnis
1342 4641 1481 4693 mmm*
1499 4639 1663 4705 ΝΟΜ
1679 4638 1713 4689 ⁸⁶
1728 4636 1838 4703 ΑΨ·

380 4771 470 4833 actus
494 4766 672 4831 secundum
699 4784 799 4848 quem
827 4765 967 4849 aliquem
994 4769 1152 4851 contingit
1246 4767 1461 4833 videturesse
1478 4765 1611 4843 falsum3
1632 4764 1817 4847 quiasuper
1834 4760 1906 4824 illud
1923 4757 1955 4821 ad

380 4876 451 4941 lteri
460 4875 631 4955 minorem,
641 4874 897 4956 estindignitatis
911 4875 954 4939 :si
966 4876 1154 4958 ergoFilius
1207 4875 1357 4940 neoraos
1379 4879 1390 4913 ¹
1413 4891 1422 4936 ε
1448 4873 1530 4937 Eum
1550 4872 1611 4954 qui
1633 4870 1760 4937 modico
1788 4868 1826 4935 ub
1849 4863 1954 4947 ondit

381 4983 505 5047 ratione
518 4981 678 5048 missionis
690 4986 738 5046 est
748 4982 936 5063 minoratus,
952 5001 1031 5065 ergo
1045 4984 1152 5049 missio
1207 4986 1387 5049 minoratus
1407 4985 1472 5058 cst,
1493 4978 1568 5043 dicit
1585 4976 1695 5042 Glosse
1712 4997 1721 5042 :
1742 5002 1758 5037 a
1779 4976 1887 5040 Nature
1904 4973 1955 5035 ha

382 5091 520 5175 pertinet
537 5091 578 5156 ad
590 5090 645 5156 llei
659 5090 896 5172 indignitatem.
912 5090 991 5155 ltem
1005 5093 1152 5176 quatuo·
1209 5107 1314 5153 manse
1336 5087 1472 5163 mentis,
1486 5085 1615 5168 qualem
1632 5084 1776 5150 Christus
1789 5078 1952 5161 assumpsit,

382 5217 521 5281 cumque
534 5199 651 5282 aliquis
663 5199 704 5265 de
721 5198 838 5282 aequali
856 5199 893 5263 tlt
910 5198 1033 5277 minor,
1047 5204 1153 5265 muta-
1208 5217 1282 5284 quae
1300 5196 1388 5261 nullo
1407 5199 1534 5279 peccato
1551 5194 1656 5276 potuit
1677 5191 1853 5276 demereri,
1868 5203 1953 5268 supa

383 5310 437 5370 tur
451 5328 458 5371 :
470 5306 525 5370 sed
534 5304 635 5371 Filius
648 5309 722 5370 aute
735 5305 921 5371 missionem
932 5310 999 5371 erat
1010 5309 1152 5391 aeqnalis‚
1209 5324 1321 5370 omnes
1334 5305 1438 5386 major
1450 5306 1508 5367 est.
1523 5324 1538 5359 o
1558 5300 1649 5380 llem,
1670 5300 1763 5364 beata
1775 5295 1871 5377 tngo,
1889 5308 1952 5374 (1112

383 5416 415 5476 et
430 5413 524 5480 modo
537 5416 585 5479 est
599 5413 706 5480 minor
722 5434 730 5479 ι
749 5430 840 5496 ergo,
853 5416 913 5480 etc.
1242 5433 1252 5467 ι
1274 5430 1364 5494 urm„
1378 5428 1409 5480 e
1423 5424 1855 5486 tnnc.1u.1x.-·eesr.,u,n
