4100 6300
819 452 956 519 SESTIO
978 454 1002 518 l.
1628 472 1709 518 mr

122 585 303 668 Sigebortns
322 585 497 652 Monachus
511 587 744 653 Gemhlacensis
757 592 946 670 prosecutus
957 589 1081 666 inerat,
1099 588 1135 651 in
1150 587 1238 651 hunc
1252 586 1384 652 modum
1404 585 1534 650 scribit¹
1549 608 1557 651 :
1575 586 1709 652 «Rona-

121 697 253 760 vcntnra
270 695 400 760 natione
419 694 517 759 ltslns
530 699 562 759 et
575 697 643 778 ipse
656 693 730 760 Ord.
751 693 814 760 FF.
829 694 1009 771 Minornm,
1026 694 1083 777 qui
1100 694 1198 759 etiam
1217 693 1345 759 Parisiis
1361 691 1563 775 Theologicae
1584 694 1709 759 Scholae

121 800 248 883 praeiuit
262 823 270 866 :
286 802 411 885 scripsit
422 802 457 866 in
472 800 513 868 lll
525 802 623 867 libros
636 802 874 867 Sententiarum
889 802 931 866 11.
945 801 1041 867 Petri.
1055 824 1071 862 a

738 1035 849 1104 Testes
869 1034 972 1103 seculi
993 1034 1085 1105 XIV.

157 1229 309 1312 Sequitur
328 1229 483 1295 Martinus
503 1231 680 1295 Monachus
699 1230 866 1296 Fuldensis
882 1232 918 1295 in
936 1251 995 1296 suo
1015 1231 1191 1311 Chronico,
1213 1232 1334 1315 quoda
1350 1231 1466 1296 Christi
1481 1230 1651 1295 Nativitate
1670 1231 1711 1296 ad

121 1354 243 1400 anunm
257 1340 337 1401 1319
348 1337 509 1420 perduxit,
525 1338 632 1402 dicens
645 1345 676 1401 ¹:
694 1338 789 1402 «Hoc
803 1340 899 1403 ctiam
915 1343 1079 1421 tempore,
1100 1357 1165 1422 quo
1178 1339 1334 1403 nimirum
1346 1339 1456 1404 floruit
1468 1338 1630 1421 Aquinas,
1649 1337 1711 1403 tlo-

117 1445 182 1508 ruit
194 1444 227 1507 in
244 1443 361 1510 Ordine
373 1442 436 1508 FF.
457 1443 534 1508 blin.
554 1444 608 1510 Fr.
631 1444 874 1525 Bonaventura,
890 1445 1041 1528 Magister
1058 1446 1163 1511 Sacra
1177 1445 1359 1528 Theologiae
1373 1447 1407 1510 in
1421 1446 1533 1511 eadem
1551 1445 1711 1511 Facultate

117 1550 400 1634 profundissimus,
419 1550 458 1615 de
471 1550 587 1616 Tuscia
600 1553 764 1635 provincia
767 1600 828 1617 .....
844 1551 901 1617 Vir
918 1552 1045 1635 Magnae
1063 1553 1241 1619 devotionis
1260 1572 1298 1617 11
1316 1553 1527 1632 innocentiae,
1545 1553 1579 1617 in
1596 1554 1663 1618 vita
1681 1559 1713 1619 ct

118 1659 261 1723 doctrina
290 1658 463 1723 admodum
495 1659 658 1740 gratiosus
676 1679 685 1740 3
714 1660 768 1723 sed
795 1661 955 1742 praecipue
981 1663 1017 1723 in
1052 1678 1201 1725 sermone
1204 1706 1265 1724 .....
1295 1659 1401 1742 Hujus
1428 1660 1584 1744 scriptum
1616 1678 1712 1743 super

117 1763 296 1831 8111111111
314 1769 346 1831 et
363 1766 551 1847 Ductoribus
562 1763 669 1851 Sacrae
682 1764 815 1848 Pagina.
828 1767 968 1831 multum
981 1768 1178 1851 approbatur
1190 1772 1221 1832 et
1235 1767 1327 1851 quasi
1340 1785 1399 1849 pro
1416 1767 1599 1832 authentico
1612 1786 1711 1850 repu-

117 1875 213 1937 tatur.
227 1894 244 1931 1
260 1872 407 1938 Succedit
418 1872 559 1956 locuples
571 1875 659 1937 testis
677 1872 729 1938 Fr.
748 1872 1000 1939 Bartholomaeus
1023 1874 1177 1954 Pisanus,
1200 1874 1257 1957 qui
1275 1873 1542 1953 conformitatem
1558 1877 1645 1957 Opus
1657 1875 1712 1938 ab

116 1979 208 2043 solvit
220 1998 307 2043 anno
321 1985 465 2045 vertente
480 1984 571 2045 1385.
591 1980 671 2045 «Fr.
686 1980 920 2062 donaverim,
936 1983 1047 2063 inquit
1058 1983 1080 2061 ³,
1095 1982 1134 2046 de
1146 1980 1366 2063 Balneoregio,
1375 1982 1433 2064 qui
1446 1982 1508 2046 init
1519 1986 1625 2065 postea
1636 1981 1711 2046 Gar-

116 2086 230 2150 dinnlis
243 2088 370 2169 primns
386 2085 512 2152 Ordinis
524 2091 556 2151 et
568 2086 744 2172 Episcopus
760 2088 974 2153 Albanensis:
990 2089 1115 2173 scripsit
1132 2088 1311 2154 incidenter
1327 2107 1425 2171 super
1442 2093 1583 2171 quatuor
1601 2088 1712 2153 libros

120 2192 400 2260 Sententiarum.»

744 2315 856 2385 Testes
877 2318 980 2386 seculi
1001 2317 1079 2388 XV.

152 2514 219 2580 Hoc
232 2515 366 2599 quidem
381 2534 453 2580 aevo
466 2516 615 2581 omnium
628 2517 754 2600 primus
765 2518 921 2582 iamiliam
937 2518 1024 2583 ducit
1042 2517 1180 2582 loannes
1193 2516 1309 2594 Gerso,
1327 2518 1416 2581 testis
1431 2517 1518 2582 haud
1530 2517 1710 2598 mediocris,

110 2622 204 2703 juxta
227 2641 266 2687 11
291 2624 503 2699 certissimus,
537 2625 594 2707 qui
614 2642 690 2688 cum
709 2626 848 2707 passim,
876 2630 947 2689 tum
968 2626 1108 2689 maxime
1127 2624 1361 2690 Bonaventurae
1382 2623 1559 2689 doctrinam
1571 2626 1606 2687 in
1619 2623 1713 2689 Gom-

113 2730 279 2793 mentariis
292 2734 474 2795 contentam
486 2730 635 2795 laudibus
648 2731 738 2795 vehit
750 2732 785 2795 in
797 2732 955 2814 Epistola,
971 2751 1070 2816 quam
1081 2750 1169 2796 anno
1183 2737 1272 2811 1116,
1285 2731 1484 2814 Lugdunum
1501 2732 1631 2796 miserat
1642 2732 1713 2796 cui·-

113 2835 184 2899 dam
198 2835 304 2900 Fratri
320 2836 455 2902 Minori*
470 2861 477 2902 :
496 2835 659 2903 «Secutus
672 2842 730 2918 est,
743 2841 865 2921 tacco,
881 2838 993 2904 Doctor
1006 2840 1065 2903 iste
1076 2840 1314 2916 Boooocatoro,
1328 2858 1362 2903 sa
1376 2842 1520 2919 testante,
1536 2839 1712 2904 doctrinam

113 2960 320 3008 communem
334 2948 366 3009 et
380 2944 534 3024 solidam,
556 2962 630 3027 quae
646 2944 774 3009 Parisiis
791 2947 940 3028 vigebat,
963 2946 1106 3011 maxime
1123 2952 1267 3030 tempore
1287 2963 1355 3011 suo.
1378 2944 1467 3010 Unde
1487 2951 1519 3010 et
1536 2946 1653 3029 allegat
1671 2948 1713 3010 ad

113 3040 391 3115 hnflrmationcm
406 3052 559 3116 doctrinae
573 3069 641 3116 suae
658 3051 849 3117 Parisienses
861 3052 1039 3133 Articulos,
1058 3073 1139 3137 quos
1152 3072 1209 3138 per
1223 3054 1433 3118 Guillelmum
1450 3052 1660 3118 Parisiensem
1673 3054 1713 3116 de

112 3158 242 3222 consilio
257 3161 291 3222 et
303 3177 436 3223 assensu
448 3159 675 3242 Magistrornm
689 3161 837 3225 omnium
848 3161 923 3225 dicit
932 3161 1029 3227 luisse
1039 3162 1205 3227 damnatos
1216 3167 1248 3226 et
1258 3162 1563 3239 excommunicatos,
1580 3161 1712 3227 vivente

111 3269 188 3330 tunc
201 3271 233 3330 ct
246 3267 463 3331 consentiente
479 3265 591 3332 Fratre
605 3267 789 3333 Alexandro
808 3269 847 3333 de
865 3267 958 3349 Ales,
978 3270 1073 3352 cujus
1091 3269 1236 3334 doctrina
1249 3273 1379 3352 quantae
1394 3267 1436 3332 sit
1453 3268 1630 3348 ubertatis,
1649 3268 1712 3333 dici

113 3372 187 3435 satis
200 3374 337 3456 nequit:
354 3374 394 3438 dc
413 3393 479 3457 qua
495 3373 597 3439 fertur
617 3374 817 3457 respondisse
837 3373 973 3439 Sanctus
985 3373 1144 3453 Thomas,
1167 3376 1246 3440 dum
1265 3376 1483 3458 inquireretur
1503 3377 1544 3439 ab
1562 3393 1618 3454 co,
1640 3375 1713 3458 quis

112 3484 192 3544 esset
202 3481 347 3563 optimus
359 3481 473 3546 modus
481 3481 630 3546 studendi
640 3480 850 3564 Theologiam
866 3505 873 3546 :
889 3482 1055 3565 respondit
1065 3500 1216 3547 exercere
1227 3501 1261 3546 se
1270 3482 1306 3545 in
1317 3501 1384 3547 uno
1395 3482 1527 3546 Doctore
1538 3483 1710 3565 praecipue.

111 3585 194 3651 lium
207 3589 296 3652 ultra
308 3592 480 3671 peteretur,
500 3591 573 3671 quis
586 3594 667 3653 esset
683 3590 754 3653 talis
769 3589 887 3654 Ductor
901 3611 909 3653 :
925 3589 1105 3655 Alexander
1118 3591 1158 3655 de
1171 3589 1264 3670 Ales,
1286 3590 1403 3672 inquit.
1420 3588 1529 3654 Testor
1543 3608 1595 3653 me
1607 3590 1652 3654 ita
1663 3589 1712 3653 le-

111 3695 195 3775 gisse
210 3695 338 3777 pridem
352 3695 387 3759 in
400 3694 548 3760 Tractatu
559 3696 698 3779 quodam
712 3691 753 3763 dt
769 3699 896 3763 cisione
912 3695 1002 3763 beata
1015 3701 1125 3761 contra
1137 3696 1293 3762 loannem
1306 3694 1401 3760 llllll.
1416 3695 1583 3761 Testantur
1596 3697 1714 3779 scripta

111 3803 256 3884 ejusdem
271 3801 305 3866 S.
319 3800 473 3882 Thomas,
489 3804 630 3868 maxime
645 3801 792 3868 Secunda
806 3801 979 3883 Secundae,
996 3822 1095 3887 quam
1108 3805 1263 3868 intimum
1276 3803 1336 3867 sibi
1349 3804 1466 3868 iecerat
1480 3809 1510 3867 et
1524 3803 1713 3867 familiarem

110 3908 202 3974 illum
216 3929 317 3992 quem
331 3894 481 3974 laudabat
493 3909 658 3975 Doctorem
672 3910 904 3976 Alexandrum.
935 3910 974 3976 lot
987 3929 1077 3989 ecce,
1096 3911 1179 3994 proh
1193 3912 1301 3975 dolori
1316 3909 1464 3974 Doctores
1476 3909 1529 3972 isti
1540 3908 1623 3989 duo,
1639 3910 1714 3974 Ales

111 4020 141 4080 et
152 4016 401 4097 bonaventura,
417 4017 569 4081 videntur
582 4018 674 4100 quasi
687 4019 804 4101 sepulti
821 4036 898 4082 cum
915 4017 977 4081 illis
991 4036 1130 4101 quorum
1143 4036 1210 4081 non
1224 4021 1271 4081 est
1283 4018 1439 4081 memoria
1451 4016 1609 4099 amplius,
1626 4034 1714 4100 prae-

111 4125 221 4188 sertim
240 4125 278 4188 in
296 4124 400 4189 cordis
417 4142 537 4188 amore.
557 4124 765 4189 Extolluntur
782 4124 836 4188 alii
858 4126 1009 4208 quidam,
1029 4143 1170 4207 quornm
1191 4124 1256 4187 sint
1274 4125 1400 4187 utinam
1422 4124 1556 4189 nomina
1575 4124 1610 4187 in
1631 4124 1713 4188 libro

111 4232 206 4311 ota,
225 4250 297 4296 non
315 4231 402 4295 enim
418 4231 567 4296 studiosis
579 4230 783 4309 invidemus;
798 4232 854 4297 sed
872 4232 982 4297 multae
999 4232 1123 4315 aliquos
1136 4231 1280 4313 ipsorum
1293 4231 1407 4295 litterae
1420 4230 1564 4295 iecerunt
1580 4231 1641 4295 sub
1653 4249 1712 4295 no-

110 4340 197 4404 mine
217 4338 403 4404 subtilibstis
423 4338 565 4403 insanire
585 4357 660 4403 cum
685 4339 880 4422 sequacibus
899 4341 1053 4423 ipsorum.
1077 4337 1242 4420 Numquid
1260 4355 1327 4402 non
1344 4338 1467 4401 insania
1485 4342 1532 4402 est
1543 4338 1713 4402 concedere

111 4446 198 4528 quod
212 4447 282 4511 duo
295 4445 541 4511 contradictoria
553 4449 630 4510 sunt
642 4445 740 4510 simul
753 4464 833 4511 vera
851 4465 910 4530 pro
924 4447 1036 4512 eodem
1054 4444 1186 4509 instanti
1204 4446 1377 4527 temporis,
1395 4444 1469 4508 licet
1481 4463 1547 4508 non
1560 4446 1713 4508 naturaei
1845 4525 1848 4530 ἢ

111 4554 197 4635 quod
210 4559 370 4638 praelerea
383 4554 494 4618 mullae
507 4557 584 4618 sunt
597 4553 747 4619 veritates
759 4553 802 4617 ab
818 4558 959 4633 aterno,
977 4558 1009 4618 et
1026 4553 1129 4618 multa
1141 4557 1263 4616 aelerna
1276 4569 1350 4632 qnae
1364 4568 1429 4614 non
1443 4556 1517 4615 sunt
1530 4551 1634 4615 Deust
1652 4549 1713 4615 lste

111 4664 159 4724 cst
170 4680 259 4725 unns
272 4661 429 4726 articulus
440 4661 524 4726 inter
536 4664 799 4744 praememoratos
812 4660 1000 4739 damnatus,
1017 4679 1104 4725 anno
1119 4663 1209 4723 1110.
1223 4657 1364 4740 legatur
1376 4659 1535 4722 secundus
1546 4656 1712 4722 Bonaven-

112 4770 192 4831 turae
205 4767 313 4847 Liber,
330 4767 406 4832 hist.
424 4767 541 4847 XXlll,
558 4768 639 4832 circa
652 4768 770 4846 tinem,
786 4768 844 4832 ubi
859 4769 1010 4832 recitatur
1022 4769 1095 4832 haec
1107 4767 1283 4832 damnatio.
1299 4766 1338 4831 Et
1352 4767 1480 4849 ponitur
1493 4764 1573 4828 alter
1586 4765 1712 4829 Articu-

112 4871 172 4953 lus,
187 4875 277 4957 qnod
291 4875 434 4957 primum
444 4895 552 4952 nunc,
566 4880 598 4939 et
611 4877 729 4940 creatio
742 4875 864 4958 passio,
879 4893 947 4940 non
961 4878 1038 4939 sunt
1054 4873 1185 4940 Creator
1197 4874 1249 4939 vel
1261 4877 1419 4937 creatura.
1440 4871 1549 4936 Error.
1569 4870 1713 4955 ltepetita

113 4987 159 5044 est
172 4983 289 5046 eadem
303 4982 468 5047 damnatio
481 4982 625 5065 eJ'usdem
640 4983 766 5047 articuli
780 4983 821 5047 de
832 4983 1006 5048 eternitate
1018 4982 1208 5062 veritatum,
1228 4999 1286 5063 per
1296 4979 1389 5043 Dom.
1405 4979 1604 5062 Stephanum
1618 4977 1713 5042 Pari·

113 5087 254 5154 aiensem
272 5089 356 5153 inter
373 5089 520 5155 11111119
542 5089 701 5154 articulos
717 5089 919 5170 famosiores,
939 5108 1025 5155 anno
1046 5093 1145 5170 1116,
1165 5088 1282 5152 scilicet
1299 5087 1380 5152 duos
1398 5104 1501 5151 annos
1518 5089 1589 5169 post
1606 5086 1712 5151 felices

142 5287 384 5350 111111111111111111111
399 5285 544 5336 Fabricium
558 5285 585 5335 in
600 5284 787 5345 1111111111,
802 5303 826 5338 c.
837 5300 921 5340 xtvn.

141 5359 250 5409 ’Exstat
264 5358 294 5407 in
309 5357 415 5421 Corpore
426 5356 545 5407 historico
559 5356 634 5406 medii
644 5360 707 5419 oeoi,
718 5358 751 5409 ab
765 5358 882 5410 Ecoardo
893 5359 1010 5422 collecto,
1023 5362 1089 5414 tom,
1099 5361 1109 5410 l
1116 5395 1126 5423 ,
1140 5358 1190 5410 col.
1203 5362 1273 5423 1111,
1287 5361 1357 5414 1111.

142 5429 233 5481 ¹Part.
246 5428 285 5493 li,
300 5427 374 5481 iruct.
385 5430 409 5478 8.
417 5428 548 5479 -trona
561 5429 590 5492 1,
601 5428 652 5479 col.
663 5431 708 5482 111
722 5429 787 5481 edit.
798 5430 926 5496 ejusdem.
