4100 6300
428 485 526 557 ulsa.
543 487 622 556 XIX.
644 487 760 555 Pana.
783 481 935 554 111111.
958 487 982 553 l.
1005 486 1154 567 QUAEST.
1177 481 1232 555 Ill.
1572 487 1631 559 337

40 621 108 689 illis.
135 621 288 688 Similiter
322 621 513 692 solvendum
545 627 584 691 de
610 625 806 710 particulari.
862 626 924 691 hoc
937 625 1055 690 modo:
1077 625 1343 709 quandocumque
1362 619 1494 709 aliquis,
1508 627 1632 692 velali-

76 735 105 795 3.
121 731 172 796 11
190 732 268 796 illud
287 733 372 816 quod
391 734 561 817 objicitur:
578 734 694 812 «Quod
707 737 755 799 cst
773 734 809 799 iu
863 732 959 816 quid,
980 737 1029 798 εει
1044 734 1083 798 de
1104 732 1211 815 aliquo
1225 733 1270 798 ita
1285 734 1370 816 quod
1389 733 1495 818 ipsum
1508 739 1555 800 est
1568 736 1632 801 dis·

40 840 119 923 plus,
132 842 164 903 et
174 844 222 904 est
229 842 418 923 univocum,
431 846 503 922 etc.;
517 843 714 909 adicendum
724 843 809 926 qnod
862 841 1011 918 tinctum,
1026 843 1058 904 et
1068 838 1146 903 illud
1158 839 1270 922 dequo
1283 843 1331 904 est
1343 839 1573 921 indistinctum,
1586 848 1634 907 est

40 946 218 1011 universale
231 953 279 1013 est
291 948 325 1012 in
337 949 411 1034 plus
422 950 467 1014 ita
477 951 563 1033 quod
576 950 762 1034 simplicius,
778 954 810 1014 et
863 946 903 1012 de
916 946 972 1011 illo
984 949 1139 1029 tanquam
1153 945 1191 1010 de
1207 946 1361 1010 materiali
1377 947 1533 1030 principio
1549 967 1557 1012 :
1578 947 1634 1013 sed

40 1053 81 1117 sic
94 1053 204 1118 minus
216 1073 274 1138 per
285 1056 478 1123 additionem
494 1059 534 1124 ad
547 1058 626 1123 illud
645 1080 653 1122 :
671 1075 736 1123 non
750 1076 810 1122 an·
864 1073 1001 1137 persona
1013 1054 1084 1118 Filii
1098 1057 1146 1118 est
1153 1055 1192 1119 de
1205 1055 1383 1119 substantia
1394 1054 1506 1132 Patris,
1522 1058 1554 1119 et
1565 1073 1634 1139 pen

40 1168 101 1226 tem
113 1162 159 1226 sic
177 1161 217 1247 (α)
234 1163 268 1227 in
279 1163 353 1229 lieo.
864 1180 944 1226 sona
958 1162 1180 1243 distinguitur,
1194 1162 1370 1226 substantia
1388 1162 1466 1226 dicit
1485 1162 1563 1245 quid
1581 1163 1634 1227 in-

76 1274 106 1333 1.
121 1269 171 1334 Ad
184 1269 265 1336 illud
277 1271 364 1354 quod
385 1273 559 1356 quaeritur,
573 1278 684 1338 utrum
698 1271 810 1337 eodeni
864 1270 1050 1335 disductum
1065 1292 1073 1335 :
1092 1288 1171 1352 ergo
1184 1275 1231 1334 est
1244 1270 1328 1334 sicut
1341 1269 1503 1335 materiale
1514 1271 1634 1353 princi·

40 1377 316 1458 communicabile,
327 1382 360 1445 et
369 1379 691 1461 incommunicabil03
706 1379 810 1444 dicen·
864 1378 967 1462 pium.

40 1485 116 1551 dum
133 1486 222 1569 quod
235 1486 298 1552 alio
309 1492 341 1551 et
354 1488 417 1554 alio
433 1511 441 1554 ε
457 1489 545 1572 quia,
559 1489 643 1553 siout
653 1488 730 1554 dicit
740 1488 810 1553 llu-
905 1490 936 1549 1.
952 1485 1049 1564 ltem,
1064 1484 1147 1550 sicut
1159 1484 1299 1550 eltlciens
1312 1489 1344 1549 et
1356 1484 1431 1547 tinis
1443 1486 1520 1548 sunt
1530 1501 1635 1549 causae

40 1592 190 1673 gratinus
208 1593 238 1673 ¹,
253 1593 315 1659 alio
329 1600 377 1659 est
389 1595 491 1677 Dens,
509 1597 618 1662 etalio
632 1594 740 1675 Pater3
755 1595 810 1661 sed
865 1593 1059 1671 corollaria,
1084 1593 1129 1657 ita
1152 1592 1256 1657 torma
1281 1596 1313 1657 ει
1335 1592 1468 1657 materia
1485 1598 1508 1672 ⁸;
1532 1594 1636 1657 torma

40 1718 103 1764 non
116 1701 178 1766 alio
190 1706 223 1765 et
239 1702 301 1767 alio
321 1705 497 1769 secundnm
517 1723 607 1782 rem,
627 1704 682 1770 sed
695 1723 811 1769 secun-
865 1703 953 1767 enim
967 1703 1084 1768 dicitur
1096 1706 1242 1785 respectu
1259 1701 1402 1765 materiae
1422 1723 1430 1765 :
1445 1700 1500 1766 sed
1518 1701 1552 1765 in
1573 1699 1636 1766 lleo

40 1807 115 1872 duna
129 1807 299 1890 rationem,
314 1809 391 1893 qnia
403 1810 520 1876 deitate
533 1815 581 1875 est
593 1809 687 1891 Ileus,
705 1816 812 1895 patar-
866 1815 913 1875 est
925 1828 1044 1894 ponere
1062 1828 1193 1874 cansam
1210 1809 1393 1886 formalem,
1408 1808 1475 1891 ipse
1488 1808 1576 1873 enim
1589 1812 1636 1873 est

40 1914 136 1980 nitate
153 1913 267 1996 Pater,
282 1920 314 1981 et
326 1918 499 2001 paternitas
517 1938 584 1985 non
604 1924 652 1985 est
669 1920 756 1984 alind
776 1939 812 1987 re
865 1918 980 1998 torma,
992 1921 1030 1983 ut
1041 1917 1114 1983 dicit
1125 1915 1292 1981 Boetiust:
1308 1933 1389 1997 ergo
1402 1916 1436 1979 in
1448 1915 1511 1980 lieo
1522 1920 1635 1998 estpo-

40 2021 79 2085 ah
96 2023 250 2103 essentia,
269 2026 423 2108 quoniam
445 2027 617 2110 paternitas
636 2031 684 2092 est
704 2045 811 2092 essen-
865 2045 942 2092 nere
954 2026 1132 2090 materiam.

41 2129 84 2193 tia
98 2146 107 2190 ε
122 2133 291 2196 esttamen
303 2131 392 2198 aliud
402 2135 532 2199 ratione
548 2133 587 2198 Et
600 2134 677 2217 quia
695 2134 812 2199 ablati·
907 2139 937 2199 3.
966 2134 1047 2199 Item
1071 2133 1198 2200 videtur
1224 2131 1311 2217 qued
1342 2149 1439 2196 cansa
1465 2129 1637 2195 materialis

44 2236 365 2319 vusclicitrationem,
378 2241 448 2306 ideo
457 2260 523 2307 non
537 2242 649 2306 eodem
660 2242 810 2325 estlleus,
866 2243 971 2324 magis
984 2244 1144 2325 competat
1156 2240 1239 2321 lleo,
1262 2258 1361 2323 quam
1381 2238 1511 2322 aliquod
1524 2257 1637 2303 causa·

44 2361 107 2426 qno
123 2344 228 2410 Pater.
246 2346 285 2412 itt
296 2347 323 2411 si
336 2348 467 2431 objicias
483 2370 491 2414 :
505 2373 520 2410 o
533 2350 598 2413 llnt
610 2354 689 2414 tune
700 2350 745 2414 illi
759 2370 811 2415 ra·
866 2368 941 2415 rum
954 2367 1070 2432 gentas,
1085 2349 1162 2432 quia
1177 2347 1312 2413 materia
1324 2347 1359 2410 in
1371 2347 1422 2411 his
1433 2347 1637 2412 interioribus

44 2451 121 2517 doni
134 2453 304 2538 respondet
316 2457 436 2540 aliquid
450 2459 541 2537 inre,
553 2459 719 2539 autnihil;
731 2481 747 2519 a
763 2461 813 2525 di·
865 2457 920 2523 dat
933 2457 1155 2536 existentiam,
1170 2459 1203 2520 et
1220 2454 1494 2539 permanentiam,
1508 2460 1638 2537 propter

46 2560 179 2625 cendum
198 2563 285 2645 quod
305 2563 385 2628 ratio
401 2564 457 2628 illa
473 2583 530 2648 per
543 2567 814 2648 comparationem
867 2565 917 2629 sui
926 2564 1200 2647 incorruptionem
1212 2578 1221 2623 t
1232 2562 1318 2626 unde
1331 2561 1575 2627 tundamentum
1591 2564 1638 2625 est

46 2666 84 2732 ad
96 2670 266 2735 essentiam
285 2688 351 2735 non
372 2675 419 2736 est
439 2672 501 2736 nisi
526 2674 660 2752 modus,
681 2675 735 2739 sed
756 2675 813 2758 per
867 2672 1045 2736 existentiae
1059 2675 1225 2735 creaturas.
1248 2669 1328 2734 Cum
1346 2687 1426 2751 ergo
1447 2668 1549 2745 Deus,
1570 2668 1638 2733 sive

47 2776 314 2858 comparutionem
327 2778 367 2842 ad
379 2778 475 2842 adam
496 2797 665 2862 personam
684 2784 733 2844 est
749 2799 811 2845 ras.
867 2779 969 2844 lleunr
983 2797 1062 2856 esse,
1074 2777 1413 2855 haheatexistentiam,
1426 2776 1494 2840 sive
1507 2792 1639 2858 perma-

47 2880 84 2946 Et
102 2883 162 2948 hoc
174 2888 282 2966 patet,
298 2886 453 2968 quoniam
466 2886 578 2951 haberi
592 2888 760 2952 essenlm
773 2888 814 2952 ab
866 2888 1028 2967 nentium,
1044 2905 1102 2970 per
1113 2886 1359 2951 tundamentum
1378 2882 1636 2967 incorruptibile,

48 2987 117 3066 alio,
131 2993 238 3057 etnon
250 2990 373 3073 haberi,
388 3011 455 3058 non
467 2994 542 3060 dicit
553 3013 624 3059 rem
637 2995 744 3073 aliam,
760 2995 814 3060 sed
867 2996 996 3061 videtur
1017 2993 1104 3077 qnod
1122 2993 1186 3057 lleo
1210 2993 1352 3057 maxime
1379 2994 1537 3074 competat
1557 2991 1640 3055 ratio

49 3095 147 3162 solum
160 3098 312 3178 modum;
326 3099 443 3167 habere
455 3104 564 3168 autem
577 3100 700 3180 abalio,
715 3101 815 3167 etha·
868 3103 1042 3170 materialis
1060 3101 1231 3186 principii:
1251 3120 1343 3184 ergo,
1359 3103 1418 3166 etc.

49 3202 196 3270 berenou
213 3206 344 3289 abalio,
363 3208 439 3274 dicit
450 3209 569 3274 realem
588 3208 813 3290 differentiam,
908 3217 940 3277 t.
959 3211 1040 3276 ltem
1062 3212 1098 3275 in
1117 3210 1213 3275 rebus
1233 3210 1345 3274 crealis
1367 3207 1474 3273 duitas
1498 3228 1516 3273 a
1536 3209 1641 3273 torma

50 3312 240 3394 quianullus
250 3319 298 3380 est
312 3334 332 3380 a
344 3334 389 3397 se,
402 3321 433 3381 et
446 3318 486 3381 ab
500 3317 574 3383 alio.
867 3317 977 3396 venit,
1000 3315 1055 3381 sed
1073 3315 1248 3379 intinitasa
1266 3313 1401 3378 materia
1417 3312 1429 3347 ⁸
1451 3312 1530 3377 :sed
1544 3330 1641 3379 omne

87 3422 116 3483 5.
130 3420 178 3486 lld
188 3421 271 3487 illud
284 3423 371 3505 quod
384 3424 497 3489 ultimo
509 3425 658 3508 objicitur
674 3423 714 3490 de
734 3426 815 3489 sim·
868 3425 955 3509 quod
966 3425 1058 3489 estin
1072 3423 1134 3488 lleo
1143 3426 1191 3487 est
1202 3422 1367 3486 infinitum
1378 3443 1387 3484 ι
1399 3438 1478 3503 ergo
1490 3439 1565 3485 cnm
1576 3419 1640 3485 lleo

52 3525 136 3609 plici,
148 3528 321 3596 dicendum
339 3532 424 3615 quod
444 3537 491 3597 est
510 3532 648 3616 simplex
669 3533 815 3617 possibile
868 3533 1009 3598 maximo
1032 3530 1201 3597 conveniat
1218 3529 1337 3613 passio,
1362 3527 1504 3593 maxime
1530 3545 1640 3592 oense·

52 3634 89 3698 ad
104 3635 314 3716 additionem,
329 3643 361 3703 et
378 3638 433 3703 teli
457 3640 552 3705 modo
569 3641 750 3706 universale
769 3646 817 3707 est
868 3639 1186 3725 queusprincipium
1208 3636 1371 3702 materiale
1391 3635 1532 3701 maxime
1552 3652 1641 3700 com·

54 3741 200 3826 simplex,
225 3745 291 3810 alio
312 3747 406 3811 modo
428 3746 581 3831 simplex,
608 3749 687 3831 qnia
711 3749 817 3833 privat
869 3748 949 3833 petit
966 3748 1130 3831 etipsnm.

55 3851 309 3935 compositionem
330 3857 362 3919 et
383 3853 594 3935 additionem,
617 3860 650 3920 et
671 3856 742 3921 haec
764 3876 817 3922 re-
910 3852 1374 3938 o.ltem,quamvisin1le0
1400 3851 1441 3916 sit
1464 3869 1594 3916 summa
1610 3854 1642 3916 et

55 3960 225 4039 pugnantia
246 3978 314 4025 non
333 3964 486 4026 consonat
509 3962 761 4045 universalitati,
785 3967 817 4029 ει
871 3964 1057 4031 omnimoda
1074 3960 1277 4046 simplicitas,
1293 3964 1402 4025 tamen
1418 3977 1478 4025 nos
1493 3959 1642 4043 ponimus

55 4063 106 4127 tali
118 4065 212 4131 modo
224 4066 338 4133 divina
351 4069 488 4134 essentia
506 4071 554 4134 εει
573 4069 727 4152 simplex,
742 4089 816 4154 quaa
869 4072 906 4137 in
922 4072 983 4141 [leo
996 4070 1084 4155 quod
1099 4079 1146 4138 est
1159 4075 1191 4135 et
1204 4085 1266 4153 quo
1280 4075 1327 4136 est
1342 4086 1428 4148 vera,
1444 4067 1499 4132 sed
1515 4070 1641 4132 tantum

57 4170 138 4236 nullo
151 4173 245 4240 modo
264 4174 420 4240 trahihllis
439 4177 537 4242 estin
554 4182 676 4260 partem
693 4195 749 4261 per
761 4177 817 4242 ad·
871 4198 928 4264 per
942 4178 1191 4244 indifferentiam
1208 4200 1216 4242 ι
1233 4168 1313 4260 ergo
1330 4176 1400 4261 pari
1414 4177 1536 4240 radone
1551 4175 1643 4241 vide-

58 4276 215 4361 ditionem,
229 4282 316 4348 sicut
327 4283 466 4349 trahitur
480 4284 663 4350 universale
678 4303 687 4348 τ
702 4289 735 4350 ει
746 4286 818 4352 11εο
872 4293 927 4353 tur
940 4286 1027 4370 quod
1041 4286 1076 4350 in
1092 4285 1156 4351 [leo
1171 4290 1275 4369 posset
1292 4284 1370 4368 poni
1386 4282 1521 4348 materia
1533 4288 1565 4348 et
1581 4283 1643 4348 tor-

56 4400 118 4450 non
128 4393 174 4453 est
185 4389 377 4457 universale.
872 4411 943 4473 ma,
960 4396 1069 4456 tamen
1085 4409 1142 4475 per
1157 4389 1416 4455 indifferentiam.

912 4506 944 4566 6.
968 4499 1050 4564 ltem
1070 4498 1177 4563 omnis
1198 4496 1421 4562 11ειιηειίοεει
1441 4494 1641 4560 atorma⁸z

307 4629 486 4711 QUAESTIO
507 4633 561 4700 ΠΙ,
873 4627 964 4691 ergo,
979 4606 1219 4689 circumscripta
1231 4603 1434 4669 omniforme
1446 4607 1562 4683 ereata,
1577 4620 1645 4668 ma·

875 4716 956 4782 teria
967 4733 1035 4781 non
1048 4713 1259 4795 distinguitur
1274 4735 1282 4777 :
1297 4729 1377 4793 ergo
1388 4728 1455 4775 non
1468 4713 1516 4775 est
1525 4709 1645 4776 aliuda

874 4824 938 4890 [leo
954 4840 1055 4904 :ergo
1070 4819 1227 4901 astitum,
1243 4819 1320 4902 quia
1331 4836 1426 4883 omne
1437 4817 1524 4900 quod
1536 4820 1598 4897 est,
1613 4819 1645 4881 et

875 4949 942 4997 non
960 4928 1170 5011 distinguitur
1189 4945 1209 4991 a
1228 4925 1310 5005 Ilco,
1329 4929 1376 4990 est
1393 4924 1499 4991 Deus:
1519 4924 1646 4991 videtur

100 5028 208 5097 Utrum
216 5034 250 5100 in
263 5036 381 5101 divinis
393 5037 538 5121 personis
551 5039 594 5104 sit
605 5059 724 5124 ponere
737 5041 823 5124 prin·
876 5070 903 5121 q.
913 5067 943 5106 111
951 5070 960 5119 ;
976 5054 1061 5119 agiu.
1070 5055 1157 5116 Rom,
1172 5053 1181 5101 l
1196 5052 1275 5112 Sena,
1289 5050 1348 5101 dist.
1361 5060 1419 5114 uu,
1433 5064 1458 5114 q.
1471 5061 1499 5100 ut
1507 5064 1515 5114 ;
1531 5049 1645 5113 irenae,

65 5135 178 5219 “lm
199 5143 376 5222 materiata
399 5149 430 5210 1
451 5146 538 5229 t¹¹⁰s¹
558 5147 626 5228 aa,
648 5149 824 5214 aaudiat
875 5121 1646 5257 acuerunttutellicertata

63 5312 78 5355 ,ι
106 5254 115 5289 ¹
144 5258 258 5324 Animis
284 5259 315 5311 ‘¹⁶
344 5261 456 5325 trinit,
479 5262 526 5314 111·
549 5264 612 5325 Vll.
642 5279 698 5330 otp-
728 5275 766 5316 il·
791 5290 824 5305 -
877 5212 1112 5331 Tarerr'thl'Seut„
1126 5229 1645 5330 111111,1.’ἰι.-”Αέῑέιο’ῑ.,ιίμεέ.

63 5350 65 5353 ·
90 5322 128 5387 Ct-
141 5327 210 5381 ltux.
225 5331 331 5395 elanus,
344 5347 371 5398 a.
384 5333 411 5398 1,
429 5348 456 5400 r·
467 5346 551 5387 rann
561 5373 570 5402 ,
581 5336 678 5388 memb.
689 5339 714 5400 a,
733 5338 780 5388 art
792 5339 823 5401 23
877 5343 922 5393 ab.
936 5344 967 5406 ιι,
981 5336 1310 5401 cont.aa.-·a0et.,1u.
1322 5335 1353 5386 re
1368 5336 1469 5394 rante,
1484 5334 1646 5385 cumanam.

67 5392 470 5471 t.m0m.,p.1,q.1u,m.a;
485 5408 567 5471 scot,
580 5409 590 5459 l
605 5408 686 5470 senc,
698 5408 841 5475 dist-rua·
877 5413 1026 5476 -tarisc,
1039 5411 1139 5476 etym.
1153 5410 1198 5460 rra.
1213 5410 1261 5473 ur,
1277 5412 1347 5460 cont.
1358 5410 1398 5458 m.
1408 5433 1438 5445 -
1449 5406 1557 5469 rurist,
1572 5406 1649 5457 ueta·

98 5476 129 5541 (c)
142 5480 199 5534 Cal.
208 5481 270 5536 edit.
284 5483 357 5537 sicut.
367 5510 397 5525 -
410 5485 443 5552 lb)
458 5487 521 5540 ltcm
534 5487 688 5541 universale.
878 5485 950 5552 phys.
964 5484 1009 5536 lib.
1018 5485 1079 5549 Vll,
1092 5486 1162 5534 cont
1175 5484 1214 5532 ts.

236 5591 308 5640 rou.
330 5593 353 5640 1.
1510 5570 1549 5631 11

76 4779 119 4836 Aa
128 4784 157 4839 tn
169 4783 273 4843 diuinis
287 4787 410 4844 Persouta
420 4788 575 4861 ponendum
586 4791 625 4847 sit
635 4791 803 4864 principiam

307 4879 451 4935 materiola
466 4877 503 4953 (b)
521 4876 543 4936 ¹.
