4100 6300
361 473 420 533 360
926 454 1237 522 SENTENTlAllUM
1256 454 1330 520 LlB.
1353 455 1378 520 1.

361 609 419 681 ost,
438 601 598 685 quianon
617 595 757 662 excludit
774 593 860 678 quod
873 591 1078 675 consequitur
1090 590 1131 655 ad
1226 591 1259 655 Si
1267 594 1375 656 autem
1385 589 1478 654 iaciat
1486 589 1931 674 exclusionemrespsotupriu

361 712 536 778 terminum
553 711 584 772 et
597 703 832 787 intelligiturin
846 701 994 779 termino,
1010 703 1058 779 ut,
1073 700 1130 764 ad·
1185 698 1295 783 cipalis
1319 697 1571 781 compositionis,
1596 696 1720 762 locutio
1746 701 1794 760 est
1813 697 1933 778 tamt
2021 727 2022 778 p

362 806 1129 892 ditahomini,nonexcludatanimal:sedunum
1185 824 1297 871 omnes
1317 805 1405 870 lalsae
1428 809 1515 885 sunt,
1541 804 1673 888 proprie
1698 803 1869 887 loqueos,
1888 806 1932 870 nis'
2021 787 2022 818 ¹

362 923 569 987 relativorum
585 917 777 998 intelligitur
790 916 825 979 in
843 915 953 992 altero,
971 916 1003 978 et
1016 930 1129 976 conse-
1185 914 1320 978 addatur
1340 912 1560 977 determinatio
1579 917 1618 976 ut
1635 915 1782 976 arctetur
1802 911 1932 992 extimo

362 1029 472 1113 quitur
484 1027 641 1091 alterum:
666 1041 756 1105 ergo,
779 1022 885 1087 addita
905 1020 975 1098 uui,
990 1038 1057 1084 non
1070 1037 1130 1082 ex·
1185 1025 1223 1086 ut
1235 1025 1331 1105 patet,
1344 1040 1419 1086 cum
1430 1020 1568 1086 dicitur:
1584 1020 1661 1086 «Tu
1675 1020 1768 1085 solus
1776 1020 1932 1098 altisinu

362 1136 460 1201 cludit
478 1134 625 1198 alterum.
648 1131 686 1195 lit
706 1131 732 1193 si
746 1133 925 1214 opponatur
943 1125 1029 1210 quod
1044 1125 1130 1191 solus
1185 1128 1261 1195 lesu
1283 1128 1423 1209 Christo,
1444 1148 1521 1194 cnm
1543 1132 1654 1194 sancto
1672 1127 1810 1212 Spiritu.
1826 1150 1841 1184 ι
1858 1127 1933 1192 litit

362 1243 503 1308 excludit
532 1241 730 1324 oppositum,
759 1239 868 1303 dicunt
889 1235 975 1320 quod
998 1232 1132 1298 relative
1186 1237 1437 1320 patetprimum.

363 1349 636 1415 suntdifferentiae
650 1345 855 1431 oppositionis
869 1342 994 1408 eteritis
1007 1363 1015 1406 ε
1031 1356 1132 1423 oppo-
1226 1348 1258 1407 2.
1273 1345 1321 1409 Ad
1335 1344 1414 1410 illud
1427 1344 1512 1428 quod
1532 1344 1687 1427 objicitm
1708 1341 1862 1421 secundo,
1873 1345 1934 1424 qud

337 1543 339 1547 Ι
363 1457 496 1534 sitionis,
511 1456 687 1521 secundum
699 1453 784 1537 quod
799 1451 839 1516 ad
852 1451 948 1527 idem,
963 1447 1061 1526 etsie,
1074 1447 1132 1511 ad·
1187 1452 1273 1517 solus
1286 1451 1378 1516 Pater
1392 1451 1573 1535 aequipollet
1583 1452 1662 1516 huic
1676 1473 1685 1516 t
1699 1452 1735 1517 N
1734 1467 1804 1517 erno
1816 1452 1881 1516 niet
1893 1451 1937 1516 Pe

364 1568 429 1633 dita
447 1566 517 1644 uni,
540 1563 714 1629 excludunt
733 1559 836 1638 aliud3
857 1557 945 1621 unde
963 1554 1106 1637 sequitur
1121 1574 1129 1617 :
1188 1567 1247 1639 rer,
1268 1560 1439 1624 dicendum
1457 1559 1677 1642 quodfalsum
1695 1563 1758 1638 ρει,
1779 1558 1854 1641 quia
1871 1575 1938 1624 m

369 1674 454 1740 «Iste
464 1678 511 1740 est
519 1676 645 1737 tontum
656 1669 758 1746 Pater,
770 1683 849 1749 ergo
859 1683 924 1729 non
934 1667 981 1728 est
990 1661 1129 1726 Filius.»
1187 1666 1347 1731 distribuit
1359 1670 1552 1749 pronatum,
1566 1685 1704 1751 noupro
1713 1666 1938 1750 personam

365 1782 548 1849 Secundum
568 1779 653 1863 quod
673 1777 713 1841 ad
734 1774 875 1839 diversos
893 1770 1131 1853 comparantur,
1187 1778 1296 1837 autem
1318 1774 1445 1838 additur
1464 1774 1603 1839 termino
1620 1774 1799 1857 personali,
1820 1774 1940 1839 ueno-

365 1894 440 1954 sunt
453 1886 639 1953 differentiae
651 1883 748 1961 enti83
763 1885 795 1945 et
807 1879 862 1958 sic,
874 1877 975 1962 posito
987 1892 1065 1952 uno,
1078 1890 1133 1956 po·
1187 1880 1285 1944 cludit
1309 1899 1489 1963 personam.
1517 1880 1601 1962 Ideo,
1632 1883 1768 1965 proprie
1795 1882 1941 1964 loth,

365 1995 453 2058 nitur
471 1995 503 2057 et
522 1992 694 2074 reliquum,
710 1995 741 2054 et
759 2006 862 2053 uuum
874 2005 940 2051 non
953 1983 1134 2049 excluditur
1187 1987 1257 2052 haec
1274 1992 1321 2052 est
1335 1986 1432 2051 falsa:
1452 1985 1569 2052 «Solus
1584 1988 1680 2052 Pater
1692 1990 1789 2052 novit
1807 1987 1940 2068 Filium»

365 2103 405 2166 ab
428 2101 507 2178 alio;
536 2100 612 2183 quia
633 2099 728 2164 dictio
750 2095 911 2160 exclusiva
930 2093 995 2173 illa,
1018 2091 1130 2170 sotum,
1187 2093 1335 2176 quamvis
1346 2093 1713 2159 haecsitverachemo
1727 2095 1821 2160 novit
1834 2093 1943 2172 rum,

365 2207 452 2273 aliud
465 2206 606 2272 excludit
619 2206 705 2290 quod
717 2201 967 2270 nonnecessario
978 2196 1135 2264 concomi-
1187 2200 1250 2265 nisi
1265 2200 1394 2281 Palen»
1411 2201 1488 2285 quta
1506 2220 1619 2267 seusus
1634 2206 1708 2267 ost:
1730 2203 1842 2282 Nemo,
1856 2202 1943 2282 idest

279 2345 298 2372 m
316 2345 351 2376 m·
364 2318 459 2379 tatur.
483 2314 544 2379 Sed
565 2314 637 2378 haee
658 2311 771 2396 positio
793 2329 858 2374 non
872 2309 999 2374 ridetur
1016 2323 1134 2371 conve-
1187 2310 1277 2375 nulla
1290 2314 1445 2392 ereatura,
1459 2311 1521 2375 nisi
1539 2311 1591 2376 ille
1610 2310 1669 2395 qui
1684 2317 1736 2376 est
1749 2312 1889 2395 ejrudem
1899 2331 1945 2376 m

262 2416 317 2452 ⁸¹¹¹·
365 2424 467 2487 niens.
482 2423 581 2487 Dictio
596 2422 683 2487 enim
702 2419 863 2485 exclusiva
875 2419 981 2501 privat
998 2414 1133 2481 associa·
1187 2419 1282 2496 turae,
1297 2421 1333 2481 ut
1343 2416 1446 2482 Pater.

365 2530 506 2593 tionem:
526 2547 604 2609 ergo
618 2527 757 2592 excludit
773 2544 868 2590 omne
880 2523 960 2589 illud
974 2523 1059 2606 quod
1073 2540 1134 2606 po-
1228 2527 1247 2590 3
1262 2532 1333 2591 etl.
1350 2526 1398 2591 Ad
1410 2526 1488 2591 illud
1500 2526 1585 2610 quod
1598 2527 1769 2610 objicitur,
1779 2526 1947 2610 qunddictu

366 2635 414 2701 nit
431 2638 514 2701 circa
530 2638 633 2720 ipsam
650 2632 911 2698 associationem:
931 2635 963 2695 et
980 2631 1063 2711 ideo,
1078 2630 1136 2694 ad·
1189 2634 1351 2702 exclusiva
1377 2634 1518 2700 excludit
1537 2634 1659 2712 alinm;
1685 2634 1860 2699 dicendum
1880 2633 1947 2716 qud

268 2774 301 2836 Ιοι
330 2772 354 2802 1»
367 2746 433 2810 dita
450 2743 549 2824 Patri,
571 2742 712 2807 excludit
724 2741 852 2806 Filium.
873 2740 913 2804 Et
925 2744 1054 2823 propter
1073 2739 1135 2802 hoc
1189 2743 1330 2808 excindit
1353 2762 1448 2808 omne
1469 2743 1556 2807 aliud
1578 2742 1633 2807 vel
1653 2742 1774 2819 alium,
1797 2742 1880 2826 quod
1898 2761 1949 2806 nm

254 2837 353 2933 'w
367 2852 429 2916 alia
442 2857 489 2916 est
499 2851 619 2935 opinis,
636 2849 721 2933 qnod
736 2849 830 2913 dictio
842 2847 1016 2926 exclusiva,
1031 2845 1136 2910 addita
1189 2851 1392 2933 praedicatur,
1416 2869 1476 2915 neo
1497 2849 1680 2933 subjicitur,
1705 2851 1764 2914 sod
1784 2851 1946 2925 muare,

345 2983 352 3000 ‘
369 2959 465 3038 Petri,
477 2959 616 3025 excludit
628 2957 766 3022 Filium:
782 2960 814 3020 et
825 2956 896 3020 haec
906 2954 1020 3038 positio
1032 2954 1136 3035 magis
1189 2957 1257 3022 sive
1270 2958 1311 3021 sit
1323 2958 1408 3023 aliud
1422 2958 1457 3022 in
1475 2959 1587 3037 torma,
1602 2957 1722 3021 sivein
1736 2957 1944 3040 suppositum

228 3056 233 3064 ⁷
367 3071 415 3131 est
428 3065 609 3150 probabilis.
1190 3065 1342 3148 quoniam
1356 3064 1447 3128 Pater
1460 3083 1534 3129 cum
1547 3064 1631 3129 Filio
1642 3068 1796 3147 respectu
1806 3062 1943 3148 pmdmi

410 3172 721 3240 l.Secuudnmhauc
728 3171 916 3255 positionem
925 3170 1134 3254 procedendo,
1190 3173 1406 3239 substantialis
1423 3174 1630 3252 emoriantur,
1651 3173 1739 3253 ideo,
1761 3177 1898 3257 respectu
1915 3171 1945 3233 d-

368 3281 601 3363 distinguendae
613 3283 689 3343 sunt
700 3268 885 3362 hujusmodi
894 3278 1080 3356 locutiones,
1091 3297 1139 3342 se·
1189 3280 1265 3361 lius,
1276 3281 1491 3346 excluduntur
1504 3279 1644 3344 invicem
1657 3302 1666 3345 :
1683 3285 1717 3344 et
1728 3280 1809 3363 quia
1822 3296 1945 3363 persam

368 3390 512 3456 cundum
525 3389 610 3472 quod
623 3388 789 3469 distinguit
801 3386 1018 3468 Augustinus,
1033 3391 1065 3451 et
1075 3386 1139 3451 lla·
1191 3388 1374 3468 associatur,
1387 3389 1457 3453 ideo
1469 3406 1534 3452 non
1549 3387 1746 3452 excluditur.
1770 3386 1858 3451 Unde
1873 3385 1944 3449 idn-

369 3500 469 3580 gister
482 3499 596 3580 tangit,
612 3498 689 3581 quia
702 3496 787 3562 sotus
798 3498 900 3578 potest
913 3496 1015 3559 lacere
1027 3495 1138 3559 exclu-
1190 3497 1263 3560 titas
1276 3498 1377 3578 major
1386 3497 1437 3561 vel
1449 3497 1555 3560 minor
1567 3496 1650 3559 nihil
1665 3495 1741 3559 lacit
1753 3495 1795 3559 ad
1808 3493 1941 3559 exclusit*

370 3607 493 3671 sionem
528 3607 673 3687 respectu
704 3588 938 3685 compositionis
970 3602 1137 3667 intellectae
1191 3623 1287 3684 nem;
1311 3604 1365 3668 sed
1387 3604 1468 3668 ratio
1490 3602 1683 3683 associandi,
1707 3603 1763 3667 vel
1789 3621 1853 3666 non
1874 3617 1941 3663 esc·

370 3714 453 3779 circa
466 3713 656 3795 subjectum,
671 3711 724 3776 vel
740 3712 886 3793 respectu
901 3710 1138 3794 compositionis
1192 3711 1307 3775 ciendi.
1323 3710 1363 3775 lit
1374 3711 1400 3773 si
1411 3711 1579 3794 objiciatur
1593 3710 1678 3792 quod
1690 3709 1791 3775 dictio
1803 3708 1940 3773 exclude

370 3819 561 3903 principalis.
1192 3818 1297 3883 addita
1315 3818 1461 3896 diffinito,
1484 3835 1549 3881 non
1569 3817 1712 3881 excludit
1727 3816 1939 3887 diffluifitm

411 3924 445 3992 Si
466 3927 571 4010 primo
592 3927 698 4005 modo,
719 3929 798 3990 tuuc
813 3927 861 3990 est
873 3940 1004 3989 sensus:
1022 3925 1140 3990 «Solus
1192 3930 1225 3991 et
1247 3926 1460 4005 antecedenti,
1489 3942 1555 3989 uon
1576 3925 1721 3990 excludit
1749 3939 1938 4006 conessum

371 4034 465 4099 Pater
484 4037 532 4098 est
546 4033 667 4110 Densa
692 4031 725 4096 id
748 4035 807 4110 est,
831 4031 894 4108 ille,
917 4032 973 4113 qui
993 4032 1080 4097 solus
1093 4037 1140 4096 est
1192 4035 1331 4100 breviter
1348 4033 1515 4098 dicendum
1536 4031 1632 4115 quod,
1657 4032 1685 4096 si
1706 4029 1938 4114 conaeqnsmih

372 4139 476 4215 Peter,
502 4141 549 4202 est
571 4137 675 4202 Deus:
699 4138 731 4201 et
752 4139 829 4200 tunc
848 4141 991 4200 removet
1004 4139 1140 4201 formam
1193 4141 1337 4223 seqnitur
1352 4139 1439 4222 quod
1458 4156 1524 4202 nou
1543 4142 1641 4221 ponat
1660 4137 1939 4208 associationem

370 4244 500 4310 tormini
519 4244 652 4327 subjecti
670 4243 711 4307 ab
725 4243 805 4323 aliis,
821 4261 888 4308 non
906 4243 1044 4307 formam
1056 4262 1140 4327 prae-
1193 4248 1339 4313 dilllnitio
1360 4266 1426 4312 uon
1443 4247 1568 4312 claudat
1588 4247 1623 4310 in
1637 4264 1672 4309 se
1692 4246 1863 4321 diversum,
1881 4248 1938 4304 tue

353 4355 355 4358 ⁴
371 4352 488 4417 dicati:
510 4356 543 4417 et
561 4352 621 4417 suh
640 4351 702 4415 hoc
717 4370 812 4415 sensu
825 4369 911 4417 verae
927 4357 1002 4415 sunt
1017 4370 1138 4418 omnes.
1177 4374 1260 4421 uon
1272 4353 1424 4432 excludit;
1445 4354 1473 4418 si
1491 4372 1569 4418 vero
1584 4353 1677 4418 aliter
1689 4356 1749 4430 est,
1763 4358 1839 4416 trun
1850 4349 1938 4414 asu

372 4458 411 4524 Et
424 4459 485 4523 sub
493 4458 555 4523 hoc
565 4475 660 4522 sensu
672 4457 784 4539 accipit
793 4458 1013 4538 Augustinus·
1031 4477 1039 4522 :
1057 4458 1141 4523 «So-
1194 4463 1251 4542 dit,
1266 4468 1297 4526 et
1307 4460 1546 4526 contradictorie
1556 4460 1702 4543 opposita
1715 4456 1935 4543 implicantem!

372 4565 423 4630 lus
438 4563 574 4649 Spiritus
592 4569 721 4629 sanetus
740 4567 787 4627 est
799 4566 916 4644 tantus,
938 4567 1077 4645 quantus
1094 4569 1141 4630 est
1194 4568 1408 4633 antecedente.
1423 4566 1512 4631 Unde
1524 4566 1580 4631 hio
1592 4565 1777 4649 implicetur
1789 4562 1936 4630 mutatio

373 4669 466 4738 Pater
477 4677 509 4737 st
521 4672 656 4737 Filius.»
1194 4675 1261 4741 tio:
1280 4674 1442 4739 r'lentum
1454 4672 1547 4738 Pater
1559 4677 1645 4737 est·
1664 4672 1746 4739 Huic
1759 4678 1861 4737 antem
1870 4666 1934 4752 poi·

408 4775 795 4900 ¹sug.,derrtn.,1tb.vl,c.
812 4844 873 4898 vrlr,
896 4847 923 4883 u.
941 4837 965 4886 9.
987 4858 1018 4871 -
1042 4832 1141 4897 'ldid.,
1195 4780 1277 4845 tioni
1306 4780 1474 4845 coneordat
1504 4779 1743 4861 Augustinus&
1776 4796 1830 4862 qm
1858 4776 1934 4855 ψ

376 4909 550 4972 c.1x‚u.ro.
1195 4887 1296 4953 hanc:
1314 4880 1932 4965 «nlmraurestoemuoendffl
