4100 6300
824 500 959 568 suono
981 501 1034 566 111.

717 796 886 868 SECTIO
909 798 1106 868 innita·

772 1020 810 1065 DE
833 1019 1056 1065 SUPPOSITITIIS.

880 1222 901 1312 ξ
923 1221 951 1291 Ι.

589 1418 787 1509 Theologica
809 1419 1044 1513 expenduntur
1062 1418 1241 1511 Opuscula.

149 1645 175 1709 l.
195 1644 425 1727 compendium
445 1645 632 1728 ltcoiopiooe
645 1647 806 1713 comiciis.
824 1645 891 1710 Inc.
911 1646 1068 1714 Veritatis
1085 1645 1277 1729 iteoioptooe
1289 1643 1496 1724 sublimitas,
1510 1649 1572 1714 eta

147 1832 273 1898 Mirum
286 1838 445 1917 quantum
459 1835 603 1900 haereant
615 1835 869 1900 nomenclatores
881 1836 916 1898 in
930 1834 1116 1919 Compendii
1128 1835 1228 1917 hujus
1240 1838 1370 1898 auctore
1383 1833 1599 1899 decernendo!
1616 1834 1708 1919 Sunt,

107 1942 165 2024 qui
176 1940 260 2006 illud
275 1941 436 2007 vindicent
449 1941 631 2007 Alexandro
645 1942 773 2022 Alensi,
788 1942 947 2007 Minoritae
961 1965 968 2007 :
984 1945 1080 2022 sunt,
1094 1943 1152 2025 qui
1165 1942 1295 2006 alberto
1310 1940 1447 2022 Magno,
1462 1940 1594 2007 Thomae
1608 1944 1712 2027 Aqui-

107 2048 196 2125 nati,
212 2047 468 2126 bonaventurae,
483 2048 610 2131 AEgidio
624 2048 786 2129 Romano,
803 2048 937 2131 Hugoni
948 2050 1229 2132 argentoratensi,
1245 2050 1419 2132 ceterisque
1434 2049 1647 2134 scriptoribus
1659 2071 1711 2116 as-

108 2159 228 2221 serant.
247 2155 285 2219 ln
300 2175 365 2240 qua
377 2157 567 2240 opinionum
581 2158 735 2222 varietate
748 2160 855 2233 anta,
871 2157 943 2239 quis
955 2157 1076 2221 sedebit
1085 2156 1211 2238 judex?

146 2262 289 2328 Romani
302 2262 462 2343 Editores,
477 2265 517 2328 ab
530 2264 581 2327 his
596 2269 634 2329 ut
646 2265 774 2328 initium
789 2263 968 2347 capiamus,
989 2265 1051 2328 hoc
1066 2282 1134 2328 esse
1148 2263 1181 2328 S.
1196 2263 1432 2330 Bonaventurae
1447 2282 1529 2347 opus
1541 2266 1656 2348 putant
1668 2285 1710 2330 ex

108 2389 162 2447 eo,
180 2371 272 2453 quod
287 2371 324 2433 in
337 2372 470 2453 antiquo
485 2370 543 2434 lis.
563 2372 739 2454 exemplari
752 2369 902 2436 Vaicano
918 2372 958 2435 ad
975 2370 1160 2453 Compendii
1174 2372 1292 2436 calcem
1305 2372 1376 2436 haec
1395 2373 1498 2455 posita
1510 2371 1595 2435 sint:
1620 2373 1711 2439 Gom·

105 2478 263 2562 paediam
281 2477 473 2562 theologicae
483 2481 632 2547 uocum
646 2483 893 2546 Bououeututoe.
909 2477 971 2544 Sed
984 2497 1005 2543 a
1017 2480 1096 2542 verd
1108 2479 1251 2543 alienum
1265 2498 1333 2543 non
1345 2480 1484 2560 videtur,
1497 2480 1529 2544 id
1541 2498 1661 2543 nomen
1670 2480 1710 2544 ab

108 2588 293 2671 alienigena
305 2605 407 2651 manu
419 2586 607 2669 inscriptum
619 2588 716 2651 luisse
730 2610 737 2651 ι
753 2605 847 2667 nam,
861 2591 899 2652 ut
912 2586 964 2652 vel
977 2586 1040 2668 ipsi
1053 2583 1196 2650 Editores
1209 2605 1275 2651 non
1293 2586 1517 2667 dissimulant,
1536 2585 1710 2669 Scripturas
1793 2582 1796 2591 ’

108 2696 210 2760 torma
220 2696 382 2760 recentior
394 2693 617 2761 videturesse.
639 2694 688 2758 lix
705 2712 744 2759 eo
761 2699 915 2777 praeterea
935 2701 1107 2761 moventur
1121 2696 1279 2773 Editores,
1295 2697 1382 2781 quod
1395 2698 1431 2759 in
1449 2696 1511 2759 alio
1526 2700 1709 2777 pervetusto

108 2802 218 2867 Codice
226 2806 322 2867 extra
331 2800 558 2865 bibliothecam
569 2799 769 2878 Vaticanum,
782 2803 817 2865 in
827 2802 896 2884 ipso
906 2803 1013 2866 statim
1024 2804 1114 2869 initio
1123 2823 1144 2868 a
1154 2805 1311 2887 superiori
1324 2807 1413 2886 parta
1424 2804 1554 2885 paginae
1566 2802 1710 2887 depictus

109 2910 150 2974 sit
159 2909 300 2975 Sanctus
314 2909 541 2974 Bonavcntura
553 2908 668 2972 docens
681 2927 699 2971 e
712 2913 881 2991 suggesto3
897 2914 1019 2991 aparte
1031 2929 1107 2975 vero
1120 2912 1264 2975 interiori
1277 2914 1426 2975 cernatur
1439 2910 1548 2992 imago
1563 2910 1595 2975 S.
1612 2910 1709 2975 Fran-

107 3018 179 3082 cisci
192 3017 291 3097 signa
309 3016 421 3082 Christi
434 3015 643 3097 suscipientis.
663 3014 780 3079 Similis
795 3019 878 3079 certe
890 3015 1006 3093 Codex,
1022 3036 1057 3081 n.
1077 3016 1207 3097 DCCCV,
1218 3019 1337 3082 memb.
1350 3017 1469 3100 duplici
1489 3020 1639 3082 exaratus
1653 3036 1706 3083 co-

106 3124 218 3189 lamna
231 3123 305 3189 Sec.
318 3123 399 3204 XIV,
416 3126 561 3188 servatur
577 3122 613 3185 in
626 3121 705 3186 Bibl.
721 3121 822 3205 Regia
836 3122 1042 3204 Taurinensi,
1058 3129 1095 3189 ut
1107 3128 1258 3190 testatum
1273 3125 1395 3189 faciunt
1411 3124 1453 3202 ii,
1473 3124 1532 3207 qui
1545 3127 1707 3190 recentem

107 3230 295 3314 Catalogum
309 3231 390 3295 Ribi.
404 3231 550 3314 ejusdem
563 3232 724 3295 coniecere
733 3232 754 3294 ¹.
771 3230 833 3295 Sed
844 3250 941 3314 quam
956 3250 1072 3314 anceps
1086 3232 1273 3314 conJiciendi
1288 3232 1482 3308 heortasio,
1497 3233 1550 3296 vel
1562 3234 1707 3298 maxime

107 3341 317 3422 perspicuum
330 3342 367 3403 flt
379 3358 420 3404 ex
434 3359 493 3419 eo,
508 3339 595 3422 quod
607 3340 641 3402 in
654 3340 872 3422 compluribus
885 3339 959 3404 Mss.
981 3340 1164 3417 CodicibuS,
1184 3341 1298 3423 hisque
1311 3339 1554 3418 vetustissimis,
1575 3359 1640 3402 uon
1655 3359 1707 3404 se-

107 3448 170 3511 mel
184 3446 404 3530 conspiciatur
421 3447 552 3511 illorum
566 3446 707 3527 effigies,
728 3463 867 3529 quorum
880 3465 947 3511 non
960 3451 1034 3511 sunt
1048 3453 1204 3511 auctores.
1222 3447 1353 3527 Effigies
1366 3448 1453 3511 enim
1465 3447 1536 3526 hae,
1551 3465 1631 3529 quas
1644 3466 1706 3511 see-

99 3553 234 3635 ,pissime
248 3555 417 3618 intuemur
430 3554 464 3617 in
477 3553 551 3617 Mss.
570 3553 749 3633 codicibus,
766 3553 806 3618 ad
819 3573 933 3618 eorum
946 3558 1064 3618 nutum
1078 3556 1160 3618 flctae
1174 3559 1259 3633 sunt,
1272 3554 1329 3636 qui
1339 3553 1533 3618 vel-Codices
1545 3555 1706 3636 couscrip-

108 3666 228 3743 scrunt,
244 3663 299 3726 vel
313 3662 391 3725 falsa
404 3662 553 3744 opinione
566 3663 652 3728 ducti
663 3663 703 3727 ad
717 3679 771 3727 eos
783 3664 943 3745 pertinere
955 3662 1100 3742 credunt,
1114 3663 1171 3744 qui
1184 3663 1225 3724 ab
1236 3662 1313 3744 ipsis
1327 3661 1625 3724 comminiscuntur.
1641 3662 1705 3727 Nec

105 3787 181 3833 vero
195 3769 321 3852 aliquid
337 3767 433 3832 Nobis
446 3769 568 3851 negotii
581 3769 721 3848 incessit,
736 3770 823 3852 quod
837 3770 871 3832 hi
887 3769 1029 3850 Codices,
1045 3770 1101 3852 qui
1115 3769 1349 3834 Bonaventurae
1366 3770 1508 3849 effigiem
1526 3786 1594 3851 pree
1610 3787 1644 3834 se
1657 3771 1705 3834 fe-

18 3872 21 3876 ’
105 3879 196 3957 runt,
212 3877 325 3941 secedo
340 3875 408 3941 XIV
421 3877 542 3940 emrati
553 3877 694 3941 luerint:
710 3895 806 3953 nam,
827 3881 864 3941 ut
881 3876 1016 3942 inferius
1030 3877 1145 3942 dicturi
1159 3895 1291 3952 sumus,
1309 3876 1488 3959 complures
1503 3875 1630 3941 Codices
1642 3897 1703 3942 an-

105 3984 258 4065 tiquiores
275 3983 448 4061 habentur,
468 3985 525 4066 qui
539 3983 661 4047 hiberti
674 3982 801 4065 Magni,
822 3983 940 4065 AEgidii
954 3985 1110 4065 Romani,
1132 3985 1280 4066 Hugonis
1292 3983 1570 4065 Argentoratensis
1585 4003 1704 4050 nomen

105 4090 138 4153 in
150 4091 255 4155 hante
269 4094 397 4172 gerant.
420 4089 482 4155 Sed
494 4095 532 4155 ut
543 4090 739 4156 levissimam
755 4091 839 4154 hane
853 4093 1040 4175 conjiciendi
1053 4094 1141 4158 uam
1154 4093 1338 4171 mittamus,
1354 4092 1606 4175 peremptorium
1622 4093 1702 4157 atie-

105 4215 211 4262 remus
223 4203 477 4280 argumentum,
494 4215 634 4280 quocum
647 4198 820 4262 chrissime
832 4198 1106 4278 demonstremus,
1127 4199 1218 4263 nullo
1234 4199 1328 4262 modo
1341 4199 1411 4263 fleri
1425 4217 1537 4282 posse,
1554 4204 1592 4264 ut
1607 4200 1702 4265 Com-

104 4305 256 4385 pendium
274 4305 338 4370 hoc
350 4323 370 4369 a
380 4304 613 4370 Bonaventurae
630 4322 731 4369 manu
747 4306 909 4388 prodierit.
929 4306 992 4383 Qui
1008 4307 1044 4369 in
1061 4308 1157 4371 rebus
1175 4307 1261 4370 hisce
1277 4306 1329 4370 vel
1343 4306 1457 4370 leviter
1475 4312 1622 4372 versatus
1635 4312 1699 4389 est,

103 4409 187 4475 haud
205 4416 294 4477 certo
311 4413 458 4494 ignorat,
480 4413 632 4477 doctrinae
646 4413 889 4495 discrepantiam
903 4415 979 4478 satis
996 4414 1089 4478 nobis
1105 4414 1214 4477 indicii
1232 4431 1317 4490 esse,
1338 4417 1376 4477 ut
1394 4414 1596 4496 suppositum
1615 4414 1701 4498 Opus

101 4519 293 4598 iudicemus.
312 4519 400 4583 Hanc
413 4538 509 4602 porro
526 4519 678 4584 decuma
697 4521 926 4585 dissonantiam
944 4521 1109 4586 evidenter
1130 4520 1397 4602 deprehendimus
1411 4520 1446 4583 iu
1459 4520 1514 4583 lib.
1529 4520 1584 4585 Vl.
1607 4521 1699 4587 Com-

104 4625 205 4705 pendii
218 4627 322 4708 hujus
340 4625 484 4708 capilli
500 4649 507 4689 :
527 4625 749 4704 Sacramenta,
767 4628 874 4710 inqiut
889 4632 1018 4708 Auctor,
1037 4645 1129 4695 uoooe
1144 4627 1223 4710 lepis
1237 4628 1423 4708 justificant
1437 4632 1468 4694 ot
1481 4634 1639 4709 quonium
1654 4630 1699 4696 od

104 4746 180 4811 opus
190 4739 379 4815 operatum,
395 4741 425 4800 ct
438 4739 596 4815 quoniam
606 4734 651 4799 od
664 4750 743 4816 opus
757 4750 894 4816 operum
901 4757 916 4815 ;
929 4735 985 4800 scd
998 4736 1207 4802 Sooromeato
1219 4739 1334 4801 oeteis
1354 4735 1433 4816 lepis
1441 4734 1632 4815 justificant
1647 4754 1698 4804 so·

105 4836 167 4903 um
179 4848 339 4922 quomam
350 4840 396 4906 od
408 4856 487 4924 opus
499 4857 654 4923 metuas,
668 4844 749 4923 outo
764 4857 829 4906 nou
841 4841 989 4908 ootcboot
1003 4843 1216 4922 facientibus,
1230 4844 1300 4907 uisi
1314 4846 1471 4924 quonium
1482 4842 1613 4909 iliorum
1625 4845 1699 4911 oto·

105 4946 185 5011 titos
205 4954 236 5014 et
255 4947 384 5015 deuotio
408 4948 488 5029 ooo
504 4948 744 5015 caramentes.
770 4949 836 5016 lloo
855 4949 1051 5031 inteligitur
1071 4949 1109 5016 de
1128 4950 1380 5015 circumcisione.
1408 4949 1437 5012 A
1458 4967 1524 5031 qua
1543 4952 1699 5016 sentemm

105 5049 289 5134 longissime
308 5055 403 5119 distat
420 5055 646 5121 Bouaventura
657 5057 692 5120 in
706 5047 763 5121 lib.
777 5056 828 5124 lv.
847 5057 998 5136 sentent,
1014 5057 1088 5121 dist.
1104 5057 1136 5137 l,
1154 5062 1235 5139 part.
1248 5075 1293 5135 ιι,
1307 5060 1367 5120 art.
1383 5074 1427 5133 u,
1445 5060 1559 5139 quaest.
1574 5056 1638 5136 1113
1654 5058 1698 5121 si-

106 5159 232 5240 quidem
245 5162 380 5226 iilorum
393 5163 594 5246 opinionem,
609 5164 668 5246 qui
682 5164 954 5229 circumcisionem
968 5165 1125 5246 putabant
1137 5163 1290 5228 delevisse
1304 5163 1433 5245 quidem
1452 5164 1580 5246 culpam
1593 5165 1697 5247 origi·

107 5265 226 5346 nalem,
247 5268 304 5333 sed
319 5269 458 5350 grauun
476 5288 542 5335 non
556 5270 725 5335 contulisse
739 5291 797 5354 per
809 5292 862 5352 se,
883 5291 957 5336 cum
971 5272 1144 5351 refelleret,
1164 5276 1261 5353 atque
1276 5272 1472 5350 confutaret,
1487 5272 1532 5334 ita
1546 5273 1671 5356 scripsit
1686 5296 1694 5339 :

107 5369 179 5437 liic
189 5377 309 5455 positio
323 5379 428 5460 moon
441 5377 528 5444 ultro
537 5381 712 5462 prooessit,
729 5385 759 5449 ot
771 5379 884 5459 dicit,
899 5378 985 5463 quod
998 5381 1036 5445 io
1049 5380 1291 5446 urcoocietooc
1304 5377 1445 5446 wimar
1457 5381 1586 5462 oraio,
1600 5387 1630 5449 ct
1641 5379 1696 5447 de-

137 5497 213 5565 ¹Pag.
222 5503 279 5568 252,
294 5501 344 5553 col.
355 5506 378 5567 1,
393 5501 462 5555 diat.
477 5502 505 5552 in
519 5501 634 5567 Cotolop.
