4100 6300
356 472 438 520 χιιι
651 438 656 449 ’
944 451 1003 517 s.
1026 449 1330 517 noulvuuruen

355 589 400 654 tia
412 590 624 673 prosequente
637 585 800 651 reddidisti
816 590 850 650 te
865 585 1027 668 placidum
1040 591 1072 650 et
1090 588 1262 651 amabilem
1276 588 1371 669 qnasi
1384 588 1548 669 omnibus,
1563 591 1596 653 et
1613 588 1750 671 ubique,
1767 607 1804 653 ac
1820 591 1940 672 propter

355 695 417 760 hoc
436 698 599 779 sperantes
618 693 753 757 tirmiter
770 693 856 776 quod
876 692 971 775 pleno
991 694 1026 756 in
1045 696 1077 758 te
1100 711 1333 778 prosequemur
1352 695 1484 772 ellectu,
1506 694 1540 758 id
1556 697 1643 777 quod
1661 696 1744 760 circa
1765 701 1940 778 praetactam

355 803 519 868 ecclesiam
541 800 647 866 sedem
666 800 827 879 eamdem,
845 804 877 864 et
894 800 1002 882 ipsum
1021 818 1161 882 regnum
1179 803 1214 866 in
1235 804 1297 867 hac
1315 803 1458 886 ejusdem
1476 802 1614 867 ecclesiae
1634 803 1836 868 ordinatione
1856 803 1941 868 avide

353 911 550 988 affectamus,
563 910 602 974 de
618 927 754 993 persona
765 911 822 972 tua
835 907 896 992 ipsi
910 908 1068 986 Eralesiac,
1084 911 1274 975 auctoritate
1293 908 1474 993 apostolica
1487 908 1707 992 providemus,
1721 914 1753 974 et
1766 913 1797 974 te
1810 910 1853 974 illi
1866 923 1941 993 pra*

352 1019 479 1103 ficimus
492 1018 527 1081 in
540 1017 830 1099 archiepiscopum,
845 1020 877 1079 et
890 1020 1069 1099 pastorem,
1082 1017 1280 1083 absolventes
1291 1021 1323 1083 te
1334 1037 1354 1082 a
1365 1018 1496 1082 vinculo
1509 1016 1679 1081 ministerii
1693 1018 1854 1099 generalis
1865 1037 1939 1101 pre

351 1126 408 1191 lati
429 1126 586 1191 ordinis...
607 1124 675 1187 liat.
696 1122 838 1202 Perusii,
856 1127 876 1186 8
892 1124 952 1188 cal.
971 1126 1114 1191 decemb.
1133 1144 1186 1192 an.
1208 1124 1404 1190 16661111]
1423 1143 1489 1208 qua
1507 1128 1618 1188 tamen
1639 1142 1675 1188 re
1698 1143 1830 1207 quoquo
1853 1125 1939 1190 modo

351 1233 469 1314 potuit,
484 1232 716 1313 tergiversatus
732 1231 777 1293 ita
789 1234 836 1294 est
848 1228 1086 1314 Bonaventura,
1102 1239 1140 1300 ut
1158 1234 1245 1297 illius
1266 1234 1413 1315 precibus
1432 1232 1588 1296 adductus
1615 1232 1648 1296 S.
1664 1230 1700 1295 P.
1716 1233 1757 1295 ab
1768 1232 1938 1315 archicpis-

351 1344 482 1422 copatns
499 1357 596 1404 onere
613 1355 690 1402 eum
709 1338 850 1402 solverit.
871 1338 960 1403 Glara
977 1338 1012 1402 in
1030 1340 1092 1405 boc
1108 1341 1212 1407 extitit
1231 1339 1466 1405 Bonaventurae
1480 1339 1599 1419 virtus,
1618 1338 1676 1421 qui
1697 1358 1772 1403 cum
1787 1340 1939 1421 amplissi-

350 1464 442 1510 mum
470 1446 778 1529 archiepiscopatum
803 1449 916 1511 nactum
938 1452 1037 1526 esset,
1059 1450 1166 1530 magis
1189 1448 1235 1512 illi
1256 1447 1343 1511 cordi
1363 1446 1425 1510 luit
1444 1445 1569 1511 Ordinis
1591 1446 1644 1511 sui
1663 1446 1830 1528 regimen,
1848 1465 1939 1529 quam

349 1553 453 1632 gloria
466 1556 498 1617 et
511 1553 632 1618 divitiae
646 1553 771 1618 multae.

387 1658 462 1724 Post
478 1660 566 1741 baec,
582 1660 694 1725 relicta
710 1660 819 1735 ltalia,
835 1660 988 1736 Galliam,
1003 1662 1090 1727 unde
1109 1681 1194 1727 anno
1209 1665 1288 1726 lide
1303 1661 1442 1737 exierat,
1461 1659 1572 1739 rediit,
1594 1658 1728 1724 Lutetiae
1749 1659 1939 1724 Parisiorum

348 1765 532 1832 Generalem
545 1772 741 1833 conventum
754 1767 935 1833 habiturus.
955 1767 1001 1831 lbi
1016 1788 1091 1833 oum
1105 1770 1140 1833 in
1153 1770 1222 1835 dics
1236 1770 1341 1850 magis
1354 1787 1391 1832 ac
1404 1767 1508 1849 magis
1524 1766 1686 1831 Minorem
1699 1766 1852 1831 Ordinem
1870 1784 1939 1849 pro-

346 1873 473 1957 lapsum
486 1876 619 1954 videret,
628 1875 705 1938 huic
714 1880 751 1938 ut
764 1874 952 1950 consuleret,
967 1876 1235 1959 ClementisJ'ussu
1246 1877 1386 1940 decrevit
1398 1875 1439 1958 (u)
1451 1875 1563 1953 multa,
1572 1892 1647 1956 quae
1654 1875 1840 1958 procacium
1846 1873 1939 1937 auda·

347 1980 429 2046 ciam
441 1986 632 2046 resecarent.
647 1980 690 2046 De
703 2000 768 2063 qua
782 1999 816 2044 re
831 1999 986 2061 germane
999 1984 1201 2067 fraterneque
1215 1984 1340 2066 scripsit
1352 1983 1407 2047 Fr.
1422 1984 1459 2047 B.
1475 1982 1617 2048 Suuoete's
1632 1982 1814 2048 Provinciae
1827 1982 1938 2046 Minis·

349 2096 413 2169 tro,
429 2089 605 2171 ceterisque
619 2088 744 2154 Ordinis
762 2087 969 2165 proceribus,
985 2094 1023 2153 ut
1041 2091 1114 2157 illos
1134 2092 1286 2157 sollicitos
1304 2090 1452 2157 redderet
1469 2090 1514 2156 od
1532 2106 1584 2157 eos
1600 2090 1809 2171 potissimam
1826 2087 1939 2153 abusu

347 2196 499 2263 tobeudos
517 2196 557 2262 de
570 2196 690 2277 medio,
707 2195 823 2279 ouibus
841 2197 1013 2262 ciomrttoe
1026 2198 1205 2280 sareptena
1219 2198 1382 2279 inficitur,
1393 2199 1603 2281 perfectionis
1616 2194 1770 2262 celsitudo
1785 2195 1939 2277 opums-

348 2310 414 2381 tur,
428 2309 459 2369 et
473 2306 662 2371 sanctitutis
676 2305 809 2370 claritas
826 2301 1033 2386 offuscatur¹.
1055 2304 1141 2370 Pene
1160 2311 1244 2371 certe
1263 2306 1319 2370 hic
1335 2306 1510 2370 triennium
1529 2306 1596 2385 egit
1607 2303 1855 2379 Bonaventura,
1870 2303 1938 2384 qui,

346 2411 374 2474 si
383 2409 560 2493 Waddingo
572 2412 746 2489 credimus,
759 2430 851 2476 suam
865 2430 931 2477 non
944 2413 1054 2479 omisit
1067 2432 1198 2496 operam
1211 2414 1246 2477 iu
1259 2414 1381 2478 ciendis
1394 2431 1450 2496 per
1463 2430 1514 2488 se,
1527 2430 1665 2494 suosque
1678 2399 1724 2476 ad
1732 2429 1862 2474 sacrum
1877 2410 1939 2473 bel·

345 2517 417 2581 lum
431 2517 641 2602 Principibus.
655 2518 840 2584 Convocatis
852 2520 1060 2601 generalibus
1070 2521 1182 2585 Assisii
1195 2521 1332 2585 comitiis
1344 2538 1430 2584 anno
1444 2521 1533 2597 1269,
1548 2517 1742 2600 Reipublicae
1754 2516 1940 2581 Christiana

346 2624 517 2689 discrimen
532 2625 770 2691 commendavit
784 2627 1003 2692 consodalium
1021 2628 1177 2707 orationi,
1192 2631 1224 2691 et
1243 2628 1277 2691 in
1299 2627 1500 2710 praedicanda
1513 2625 1612 2689 Cruce
1634 2643 1691 2708 per
1704 2625 1875 2707 deputatos
1888 2623 1939 2688 Mi·

345 2732 468 2796 nistros
481 2732 695 2797 sollicitudini.
711 2731 833 2797 Tartari
847 2734 935 2798 enim
949 2734 1070 2817 ubique
1083 2737 1149 2800 lere
1162 2735 1311 2817 gentium
1324 2753 1392 2800 sese
1405 2734 1611 2799 diffuderant.

384 2837 507 2903 Verum
526 2842 562 2903 ut
578 2840 619 2903 ad
634 2838 826 2904 Parisienses
840 2840 1027 2922 Magistros,
1047 2861 1128 2925 quos
1144 2849 1219 2908 ante
1237 2842 1496 2917 nominavimus,
1507 2842 1579 2922 jam
1597 2842 1809 2915 revertamur,
1827 2858 1941 2922 quam-

347 2964 447 3028 quam
461 2945 591 3012 illorum
603 2947 708 3025 tactio,
724 2951 756 3012 ct
769 2946 942 3012 Pontitlciis
956 2948 1081 3026 litteris,
1094 2954 1126 3014 et
1139 2949 1171 3017 S.
1187 2950 1339 3016 Ludovici
1353 2947 1516 3013 Gallorum
1530 2946 1626 3027 Regis
1639 2965 1701 3030 ope
1714 2947 1816 3029 sopita
1830 2948 1939 3026 tuerit,

347 3052 408 3126 boc
421 3057 529 3118 tamen
547 3071 634 3118 anno
648 3059 727 3119 1669
741 3056 863 3121 renasci
880 3075 949 3121 non
961 3057 1103 3122 erubuit.
1123 3057 1269 3123 Surrexit
1285 3058 1373 3123 enim
1387 3054 1493 3121 nescio
1507 3054 1565 3137 qui
1578 3052 1763 3118 Parisiensis
1777 3053 1937 3137 Magister,

347 3159 505 3226 Gerardus
529 3160 567 3226 de
584 3162 820 3229 Abbatis-Villa
841 3165 960 3247 dictus,
981 3166 1038 3248 qui
1058 3165 1218 3233 GuiMelmi
1236 3187 1256 3232 a
1275 3165 1529 3232 Sancto-Amore
1550 3163 1707 3228 desertam
1730 3163 1940 3246 proscriptam

346 3285 491 3332 caussam
507 3270 713 3352 aggrediens,
731 3271 767 3335 in
785 3271 963 3354 Minoribus,
979 3291 1062 3357 quos
1079 3275 1189 3340 oderat
1206 3274 1309 3339 multo
1327 3275 1435 3357 peJ'us,
1453 3289 1553 3353 quam
1572 3268 1786 3335 Mendicantes
1804 3274 1938 3346 ceteros,

344 3373 493 3456 linguam
512 3381 544 3442 et
563 3377 723 3442 mlamum
743 3379 829 3444 acuit
852 3382 1019 3446 acerrime.
1038 3380 1095 3446 Cui
1113 3400 1190 3446 sane
1207 3379 1411 3446 obtrectatori
1432 3396 1568 3443 nervose
1588 3376 1762 3441 admodum
1780 3375 1940 3460 respondit

249 3497 253 3507 ·
345 3479 584 3565 Bonaventura,
606 3486 662 3550 sed
681 3486 742 3566 ita,
765 3492 803 3551 ut
820 3487 985 3552 charitatis
1004 3489 1135 3553 vincula
1152 3506 1323 3572 nunquam
1344 3485 1527 3571 disruperit.
1542 3483 1681 3549 Tametsi
1697 3482 1827 3548 Gerardi
1846 3485 1940 3548 verba

215 3630 218 3638 ·
344 3606 448 3671 usque
462 3591 541 3656 adeo
555 3610 668 3675 aspera
680 3592 818 3672 luerint,
833 3598 871 3658 ut
887 3594 1058 3675 ingenium
1072 3596 1280 3677 quantumvis
1297 3594 1378 3659 lorte
1390 3593 1516 3656 irritare
1528 3592 1691 3670 valerent,
1706 3591 1804 3655 bilem
1817 3595 1939 3667 tamen,

345 3697 377 3758 et
396 3696 595 3763 iracundiam
612 3700 770 3764 continuit
789 3700 850 3776 sic,
864 3703 902 3764 ut
921 3702 1012 3766 nulla
1029 3703 1065 3765 in
1080 3702 1257 3767 Gerardum
1276 3702 1359 3766 dicta
1371 3700 1456 3764 male
1471 3698 1605 3782 jecerit:
1619 3697 1706 3763 Suae
1724 3701 1805 3779 quio
1823 3698 1939 3780 btuur-

344 3802 434 3868 mocb'
445 3805 622 3883 fabricator
634 3808 766 3885 erroris,
779 3808 888 3888 iuquit
897 3808 921 3886 ³,
936 3824 1009 3874 eum
1020 3808 1125 3875 uultur
1138 3812 1183 3877 cit
1196 3813 1314 3888 ototor,
1328 3815 1365 3875 ut
1378 3806 1551 3885 credimus,
1564 3806 1686 3888 corripi
1698 3810 1802 3887 potest
1813 3822 1876 3888 per
1886 3805 1940 3870 lle·

344 3908 545 3977 clementium
549 3959 610 3976 .....
626 3913 701 3979 birro
720 3916 864 3995 proeocis
882 3915 1023 3984 bominis
1040 3928 1175 3985 ereetum
1188 3919 1342 3983 ceruicem
1355 3921 1474 3997 oportet
1488 3913 1575 3979 duro
1595 3915 1814 3994 increpatione
1829 3914 1939 3993 ferire,

344 4032 410 4082 eoo
424 4018 555 4100 quidem
569 4022 678 4086 amori
691 4020 799 4086 cordis
813 4019 900 4099 odio,
914 4022 973 4088 sert
987 4025 1173 4108 trououittae
1187 4027 1304 4092 uentis
1315 4023 1519 4089 emulatores
1532 4021 1702 4086 eduntote.

384 4123 460 4188 llaec
471 4144 546 4189 eum
557 4132 668 4207 ageret
679 4126 915 4209 Bonaventura,
927 4130 1082 4209 Clemens,
1093 4132 1233 4197 nominis
1244 4132 1342 4214 hujus
1352 4130 1403 4210 111,
1413 4128 1610 4194 sanctissime
1621 4125 1743 4192 devixit
1753 4144 1842 4190 anno
1852 4126 1938 4200 1668,

345 4231 437 4294 deal.
449 4232 635 4297 decembris.
650 4232 802 4299 Triennio
819 4236 919 4300 terme
933 4239 973 4300 ab
991 4241 1063 4321 ejus
1081 4240 1171 4303 obitu
1185 4241 1256 4321 jam
1270 4240 1378 4321 elapso
1391 4256 1494 4317 annu,
1513 4241 1585 4319 post
1601 4235 1789 4300 diuturnam
1802 4238 1835 4299 et
1854 4250 1938 4298 surn-

343 4355 431 4402 mam
446 4337 660 4404 Cardinalium
673 4341 918 4422 dissensionem,
936 4346 969 4408 in
984 4348 1055 4428 ejus
1068 4346 1175 4410 locum
1190 4347 1343 4410 suffectus
1356 4345 1419 4408 luit
1431 4342 1590 4408 Tbealdus
1602 4342 1706 4425 patria
1719 4340 1936 4416 Placentinus,

342 4446 538 4527 professione
549 4449 800 4513 archidiaconus
817 4450 1015 4530 leodiensis,
1035 4454 1093 4535 qui
1113 4460 1243 4517 nomine
1262 4456 1476 4530 commutato,
1492 4449 1665 4530 Gregorius
1678 4447 1705 4511 11
1719 4449 1826 4511 vocari
1847 4446 1938 4527 coepit

343 4552 500 4636 deinceps.
516 4554 554 4618 ln
566 4555 780 4620 Gurdinalium
793 4559 942 4638 consiliis,
956 4565 988 4624 et
999 4562 1230 4643 compromisso
1244 4560 1392 4624 faciundo
1403 4558 1549 4622 interluit
1559 4557 1690 4639 quidem
1702 4553 1936 4631 Bonaventura,

342 4660 397 4724 sed
409 4679 476 4725 non
488 4662 542 4741 ita,
557 4668 592 4727 ut
602 4663 681 4726 huic
692 4664 822 4729 dissidio
830 4667 933 4747 judex
947 4668 1121 4749 praeluerit.
1135 4666 1206 4732 iam
1220 4669 1275 4731 ubi
1287 4670 1471 4741 annolild,
1484 4669 1504 4727 l
1515 4665 1586 4727 idus
1598 4662 1750 4727 februarii
1759 4659 1934 4725 Viterbium

329 4786 359 4831 e
374 4769 467 4851 Syria
481 4768 654 4851 Gregorius
666 4772 754 4836 venit
769 4774 899 4851 (absens
911 4774 998 4838 enim
1010 4772 1144 4839 viterbii
1159 4777 1285 4839 creatus
1297 4772 1416 4855 luerat)
1432 4772 1520 4836 haud
1536 4771 1690 4852 ignorans
1703 4769 1936 4832 bonaventura

341 4877 547 4957 gravitatem,
563 4879 749 4955 consilium,
767 4881 987 4962 prudentiam,
1002 4886 1101 4964 atque
1113 4882 1307 4957 doctrinam,
1319 4880 1415 4962 jussit
1429 4884 1465 4943 ut
1478 4896 1587 4942 secum
1601 4875 1736 4940 Romam
1754 4875 1933 4957 proticisce-

341 4989 440 5064 retur,
462 4990 564 5067 utque
583 4986 718 5050 solemni
737 4989 934 5052 coronationi
950 4992 969 5051 l
986 4989 1046 5052 cal.
1068 4989 1179 5070 aprilis
1200 4989 1392 5071 peragendae
1408 4986 1540 5050 adesset.
1561 4983 1673 5048 Paruit
1690 4982 1821 5065 qrridem
1841 4980 1935 5063 jussis

340 5088 580 5171 Bonaventura,
600 5111 638 5156 ac
652 5092 787 5158 Romam
800 5113 875 5159 cum
894 5114 1016 5176 magno
1030 5095 1245 5160 Cardinalium
1259 5093 1497 5177 Procerumque
1510 5090 1659 5156 Ecclesia
1673 5091 1827 5154 comitatu
1840 5088 1932 5163 adiit;

374 5310 463 5359 ¹Tom.
474 5309 498 5358 ll
512 5307 615 5364 Annol..
630 5310 733 5361 adanu
747 5314 818 5373 1265,
831 5326 858 5375 p.
869 5314 924 5362 ael.

370 5380 416 5430 ²8.
432 5381 531 5430 Bonav.
545 5379 573 5428 in
587 5380 671 5444 Eput.
682 5383 817 5445 encyclica,
831 5388 895 5434 tom.
911 5384 930 5432 ll
945 5381 1053 5444 Ausul„
1067 5382 1099 5431 ad
1112 5395 1173 5432 ann·
1189 5385 1260 5447 1266,
1274 5395 1350 5447 n.v1‚
1364 5386 1455 5447 p.290.

265 5453 269 5461 '
370 5450 419 5500 ⁸ln
431 5450 539 5516 Proloqo
551 5450 686 5515 Opueeuli,
700 5454 774 5517 cujus
786 5453 888 5504 tibulus:
903 5452 1030 5519 Apologia
1040 5467 1189 5518 pauperum,
1201 5481 1232 5492 -
1248 5455 1283 5520 (a)
1299 5454 1372 5506 Edit.
1389 5453 1449 5504 Veo.
1460 5450 1586 5502 decernit
