4100 6300
815 478 865 543 DE
887 477 1060 544 SCRIPTIS
1082 477 1115 542 S.
1134 475 1450 543 BONAVENTURAE.

1089 777 1175 868 au.

512 978 551 1046 In
566 1000 702 1047 examen
720 968 880 1047 vocantur
896 999 935 1045 ea
951 999 1027 1068 quae
1045 975 1087 1045 ad
1106 984 1190 1044 recte
1204 973 1445 1067 componendos
1464 996 1570 1042 mores
1590 966 1748 1066 spectant.

378 1204 403 1268 Ι.
420 1202 879 1285 Deooonoopiriiuoliooatro
890 1199 1322 1282 septemremotooooitoiio.
1334 1199 1399 1263 Ino.
1411 1200 1581 1277 Eiorrorr,
1592 1200 1710 1266 milites
1721 1198 1860 1277 Christi,
1870 1202 1921 1262 eta

378 1312 417 1376 Il.
436 1311 566 1378 Godoiio
580 1311 619 1375 do
632 1317 811 1391 contempto
825 1308 935 1375 secoli.
951 1308 1017 1372 Ino.
1036 1310 1158 1390 Septem
1170 1314 1246 1373 suot
1259 1311 1296 1372 io
1309 1307 1439 1381 mundo,
1455 1311 1516 1371 ete.
1615 1298 1618 1302 ’

377 1419 432 1482 lll.
448 1420 613 1484 Erooitio
626 1416 775 1503 quiedam
787 1417 988 1501 spiritualia.
1005 1402 1070 1479 Ine.
1093 1417 1131 1481 Ut
1144 1416 1182 1480 io
1195 1415 1370 1480 virtutibus
1383 1415 1594 1491 conserveris,
1608 1418 1667 1478 ete.

376 1521 429 1585 IV.
444 1520 694 1589 Forciooiorios,
709 1522 747 1585 in
760 1536 820 1601 qao
835 1519 874 1584 cte
889 1522 1057 1585 exercitiis
1071 1523 1296 1601 spiritualibus
1312 1524 1434 1605 oqitur.
1450 1520 1515 1585 luo.
1535 1522 1620 1587 Scire
1633 1520 1737 1599 deba,
1756 1526 1817 1584 ete.

376 1628 414 1693 V.
436 1628 564 1711 Vioiuti
577 1630 717 1710 quiaque
730 1627 958 1693 memorabilia.
975 1626 1040 1691 Ino.
1057 1629 1095 1693 ln
1109 1630 1231 1727 Cirrisio
1244 1646 1302 1696 ruo
1315 1631 1440 1707 diario,
1453 1635 1512 1694 eto.
1529 1633 1550 1693 ¹.

375 1818 481 1900 Digna
492 1818 632 1901 profecto
645 1818 777 1882 Doetore
792 1821 911 1897 nostro,
929 1836 1031 1900 eaque
1044 1819 1078 1881 in
1092 1818 1279 1901 catalogum
1290 1820 1433 1915 ejusdem
1446 1789 1628 1895 referenda,
1648 1818 1675 1881 si
1687 1817 1740 1882 vel
1756 1817 1927 1900 antiquitas

335 1932 631 2002 monumentorum,
654 1925 705 1989 vel
719 1925 848 1989 testium
861 1926 1033 1989 auotoritas
1053 1932 1144 1991 extra
1156 1946 1252 1991 omne
1264 1928 1399 1991 dubium
1414 1928 1468 1991 illa
1488 1930 1629 2009 poneret.
1645 1924 1706 1990 Sed
1727 1943 1804 1997 oum
1821 1941 1926 2007 neque

336 2052 410 2117 pro,
424 2052 529 2116 neque
542 2038 663 2112 eontra,
678 2033 798 2116 aliquid
812 2033 927 2098 afferre
940 2035 1113 2115 possimus,
1125 2035 1294 2100 maturiori
1304 2035 1426 2119 judicio
1437 2033 1635 2098 discutienda
1645 2032 1871 2115 relinquimus.

1022 2266 1240 2309 OBSERVATIONS.
1367 2296 1369 2303 2

371 2405 424 2461 Ges
438 2403 595 2478 opuseules
609 2407 660 2460 ont
671 2404 715 2460 ete
727 2403 843 2460 donnas
856 2419 973 2461 eamme
986 2403 1093 2460 faisant
1105 2398 1199 2479 partie
1213 2404 1265 2460 des
1278 2420 1393 2461 oeuvres
1405 2403 1442 2460 de
1456 2403 1532 2460 saint
1544 2405 1758 2471 Bonaventure‚
1775 2417 1850 2459 aveo
1862 2400 1928 2458 lau-

335 2502 489 2562 torlsation
501 2503 539 2560 de
551 2502 630 2559 deux
642 2502 751 2574 maudo
764 2518 873 2577 papas,
888 2503 966 2562 Siste
980 2505 1002 2559 V
1016 2508 1045 2561 et
1058 2504 1187 2561 Clamant
1199 2505 1269 2562 vul.
1286 2503 1308 2562 ll
1321 2520 1358 2561 en
1367 2508 1410 2561 est
1421 2503 1459 2560 de
1470 2504 1566 2561 meme
1582 2502 1635 2560 des
1645 2502 1788 2558 siurants.

332 2817 338 2823 ¹
377 2734 429 2800 vl.
444 2738 488 2801 lle
503 2739 740 2819 preparatione
754 2736 957 2804 edidissem.
967 2738 1040 2831 lna.
1055 2738 1108 2805 Ad
1120 2740 1277 2818 hamram,
1292 2743 1351 2802 eto.
1576 2812 1579 2825 Ι

375 2843 443 2909 vu.
468 2847 511 2910 De
533 2846 745 2912 instructione
769 2845 949 2913 Sacerdotis
970 2846 1015 2914 od
1030 2848 1252 2915 crudiendam
1273 2848 1417 2913 Missam.
1442 2845 1508 2911 Ino.
1530 2844 1583 2912 Ad
1606 2845 1742 2911 Missam
1767 2842 1928 2911 eelebren-

336 2951 424 3032 dom,
440 2957 502 3017 eto.

376 3140 474 3207 Valde
484 3143 518 3205 in
527 3142 614 3207 hisee
626 3143 793 3227 Opusoulis
805 3143 968 3208 haeremus
981 3166 988 3208 :
1003 3163 1081 3209 nam
1096 3144 1174 3228 quid
1188 3150 1297 3209 contra
1307 3144 1463 3210 adducere
1471 3145 1640 3227 possimus,
1653 3142 1688 3206 in
1702 3146 1857 3225 promptu
1869 3158 1927 3204 non

336 3250 504 3315 habemus.
517 3249 640 3315 Horum
654 3258 762 3316 autem
776 3253 918 3334 primum
932 3257 1035 3317 exstat
1048 3254 1083 3315 in
1097 3251 1177 3317 Bibl.
1196 3253 1328 3316 Paulina
1340 3251 1438 3336 Lips,
1455 3251 1593 3336 Reposit.
1608 3249 1718 3315 Theoi.
1732 3248 1787 3328 ΙΙΙ,
1802 3268 1865 3314 ser.
1881 3246 1927 3327 ΙΙ,

337 3358 406 3422 ood.
421 3357 525 3437 XLVI,
541 3378 616 3441 pag.
632 3363 702 3437 136,
718 3366 789 3425 tum
802 3361 932 3442 ibidem,
949 3361 1018 3426 ood.
1031 3359 1071 3440 ΙΙ,
1084 3359 1222 3443 Reposit,
1238 3358 1346 3425 Theol.
1362 3360 1389 3426 X
1404 3358 1505 3441 seul,
1521 3378 1596 3442 pag.
1612 3359 1682 3423 333.

667 3602 748 3669 VIII.
759 3605 803 3669 De
814 3605 970 3686 redimine
982 3604 1111 3671 anime.
1122 3603 1211 3669 Prin.
1223 3605 1368 3670 Primum
1381 3606 1535 3683 omnium,
1548 3608 1608 3669 eto.

381 3818 450 3884 Duo
464 3823 541 3882 sunt
553 3820 590 3881 in
602 3819 790 3901 praesentia,
804 3836 878 3901 quae
892 3820 1096 3901 potissimum
1116 3820 1329 3885 examinanda
1344 3821 1504 3884 sumimus
1519 3839 1528 3883 :
1544 3837 1667 3898 unum,
1682 3837 1724 3883 an
1739 3819 1926 3901 opuseulum

340 3927 426 3990 istud
440 3926 632 4008 inscriptum
643 3927 684 3989 sii
696 3911 821 3990 Blaneae
835 3927 968 4008 Reginae
982 3927 1225 4009 Hispaniarum
1241 3928 1390 4006 alterum,
1404 3947 1446 3992 an
1458 3927 1623 4009 legitimus
1635 3926 1688 3990 hio
1700 3924 1928 3990 Bonaventura

339 4019 435 4097 fretus
447 4033 614 4096 habendus
628 4034 680 4096 sil.
706 4032 851 4097 Primum
873 4036 960 4116 quod
975 4039 1110 4117 spectat,
1130 4035 1336 4099 fidentissime
1349 4053 1507 4116 negamus
1524 4033 1720 4117 opusculum
1738 4034 1801 4098 hoo
1822 4035 1863 4098 ad
1877 4033 1928 4097 ali·

341 4159 439 4223 quum
453 4139 660 4203 erudiendam
675 4139 842 4205 mulierem
854 4142 1006 4224 seriptum
1021 4143 1116 4206 luisse
1132 4166 1140 4205 ι
1157 4143 1233 4207 illue
1244 4144 1331 4207 enim
1344 4144 1482 4225 respexit
1494 4142 1625 4219 Auctor,
1639 4146 1676 4206 ut
1688 4142 1848 4206 nimirum
1859 4141 1927 4206 reli·

340 4247 471 4329 giosum
484 4248 604 4323 virum,
619 4248 778 4311 nescimus
791 4266 900 4330 quem,
916 4249 951 4312 in
964 4250 1164 4332 perfeetionis
1177 4251 1232 4313 via
1245 4250 1465 4332 perlustranda
1483 4250 1724 4313 manuduceret.
1740 4248 1836 4312 Hune
1848 4249 1927 4313 enim

340 4355 489 4418 hortatur
505 4361 520 4415 α’
532 4358 569 4417 ut
578 4354 673 4417 horas
683 4356 842 4438 persolvat
850 4357 1029 4434 canonicas,
1042 4362 1073 4421 et
1086 4358 1271 4439 quotidiana
1282 4358 1471 4421 conssleatur
1480 4362 1607 4439 peecata
1620 4361 1653 4420 et
1664 4356 1818 4439 deploret,
1834 4374 1928 4420 sacra·

341 4466 496 4528 tissimum
510 4482 568 4545 pro
580 4467 723 4544 tempore
733 4461 964 4526 Eucharistiam
975 4469 1093 4543 sumat,
1108 4469 1140 4528 et
1152 4465 1292 4546 quotidie
1306 4463 1434 4527 Missam
1446 4465 1565 4529 audiat.
1579 4487 1595 4524 r
1610 4464 1659 4527 Ad
1671 4464 1821 4546 pietatem
1833 4464 1928 4527 salva·

341 4571 630 4646 tionisanimarum
640 4576 760 4650 monet,
773 4589 862 4634 uunc
874 4571 1056 4653 adjuvando
1072 4573 1129 4653 p'er
1142 4574 1325 4636 orationum
1339 4573 1561 4655 frequentiam,
1574 4568 1630 4654 pe'r
1638 4589 1825 4636 sermonum
1838 4571 1929 4634 infor·

342 4678 525 4757 malionem‚
541 4683 600 4743 eto.

383 4786 528 4851 Alterum
539 4786 728 4850 solvendum
741 4790 896 4866 remanet,
908 4805 987 4849 num
999 4805 1132 4866 verum,
1147 4807 1190 4851 an
1203 4789 1319 4854 falsum
1333 4789 1531 4874 opuseulum
1545 4790 1586 4854 sit
1599 4810 1607 4855 :
1623 4792 1658 4854 in
1671 4807 1736 4874 quo
1748 4787 1928 4854 stabiliendo

344 4894 400 4958 diu
420 4898 504 4957 eerte
515 4912 582 4957 non
594 4893 852 4970 immorabimur,
867 4895 1003 4977 eoquod
1016 4896 1189 4978 indignum
1203 4895 1427 4963 Bonaventura
1441 4916 1508 4962 non
1521 4898 1684 4963 videatur.
1757 4932 1768 4942 -

377 5018 498 5070 ¹Editum
511 5032 563 5068 una
577 5032 636 5069 oum
650 5018 815 5085 Ceniiloqoio,
830 5020 920 5085 Paria,
937 5024 1006 5086 1510,
1020 5022 1103 5073 ΙΙΙ-16.
