4100 6300
589 529 687 595 DIST.
707 528 746 595 X.
767 527 859 593 nni.
881 529 906 593 l.
928 527 1079 606 QUAEST.
1099 529 1122 593 l.
1594 528 1652 588 18⁸1

60 663 200 727 tenetur.
222 662 284 729 Sed
296 664 523 731 attendendum
541 666 628 750 quod
648 666 756 730 unitas
768 664 830 730 nli-
927 664 1020 748 ltesp.
1041 663 1214 731 Dicendum
1232 664 1319 748 quod
1333 658 1541 746 equivocam
1558 659 1654 725 estin

61 788 204 851 quorum
225 771 340 836 dicitur
358 772 547 855 dupliciter:
569 777 626 838 aut
645 791 711 856 qua
732 772 831 855 aliqui
884 772 1124 838 communitate.
1151 770 1232 837 Nam
1254 770 1456 853 Augustinus
1475 788 1541 833 non
1562 772 1655 833 vocat

59 880 139 941 suut
151 895 266 957 unum,
281 883 313 941 et
323 878 369 942 sic
380 877 482 943 Patris
492 883 524 944 et
536 879 607 944 Filii
620 899 685 944 uon
699 884 746 944 est
756 880 830 943 uni·
885 898 1056 945 commune
1068 880 1156 963 quod
1177 884 1225 944 est
1242 879 1277 942 in
1297 878 1443 962 pluribus
1457 882 1488 942 et
1500 878 1540 942 de
1552 876 1652 960 pluri-

58 987 110 1047 tas
122 985 313 1067 personalis,
329 989 386 1050 aut
405 1005 469 1068 qua
482 986 582 1069 aliqui
602 992 677 1051 sunt
690 988 784 1067 uniti,
799 992 831 1052 et
884 987 955 1064 hus,
973 986 1027 1051 sed
1040 986 1127 1069 quod
1146 1006 1167 1050 a
1185 986 1354 1069 pluribus:
1375 990 1406 1049 et
1423 986 1467 1050 ita
1481 1002 1652 1049 commune

56 1089 106 1153 sic
123 1088 216 1154 Pater
230 1095 262 1155 et
274 1091 374 1157 lhlius
387 1093 483 1157 unica
504 1110 640 1176 persona
659 1095 827 1175 uniuntur,
884 1093 999 1180 dicitur
1011 1093 1116 1175 magis
1128 1112 1148 1156 a
1162 1092 1399 1169 communione,
1418 1110 1516 1175 quam
1530 1109 1651 1157 acom-

55 1197 177 1263 scilicet
191 1198 232 1281 (a)
250 1218 387 1282 persona
406 1179 543 1284 Spiritus
561 1203 675 1282 sancti,
692 1220 766 1285 quaa
783 1207 830 1267 est
883 1201 1050 1277 munitate,
1070 1204 1109 1263 ut
1128 1202 1184 1265 liat
1196 1200 1246 1265 vis
1261 1200 1297 1263 in
1310 1200 1419 1278 verho,
1440 1198 1524 1264 sicut
1546 1200 1583 1262 lit
1599 1200 1652 1263 iu-

54 1322 151 1369 amor
172 1311 204 1370 et
220 1305 388 1370 vinculum
408 1311 547 1374 nectens.
569 1309 618 1375 Ad
637 1308 718 1373 illud
741 1309 829 1392 quod
881 1313 930 1373 ter
941 1310 1094 1374 unionem
1108 1313 1140 1373 et
1152 1310 1317 1374 unitatem.
1334 1309 1372 1372 Et
1383 1309 1535 1392 quoniam
1548 1308 1653 1372 chari·

52 1412 227 1495 quaeritur,
238 1415 397 1496 quomodo
411 1415 562 1480 differunt
572 1416 626 1480 illa
634 1417 706 1493 tria,
717 1417 827 1481 dicen·
881 1422 929 1482 tas
942 1436 1008 1482 non
1021 1421 1147 1482 mutum
1159 1417 1234 1482 dicit
1245 1417 1519 1497 communitatem,
1532 1416 1608 1499 qriia
1617 1416 1651 1480 in

53 1521 138 1584 dum
151 1521 237 1603 quod
249 1539 353 1586 unum
370 1522 456 1587 addit
467 1542 566 1607 supra
577 1524 714 1589 alterum
727 1545 736 1587 t
750 1542 826 1589 nam

52 1627 164 1691 unitas
178 1627 253 1693 dicit
261 1629 474 1694 conditionem
487 1631 594 1695 omnis
603 1630 732 1709 amoris,
743 1649 826 1714 quo·

881 1526 1037 1608 pluribus,
1060 1526 1115 1590 sed
1136 1526 1395 1590 communionem
1418 1543 1475 1607 per
1495 1525 1651 1588 unitatem

880 1633 1118 1711 distinctorum
1131 1633 1203 1698 ideo
1213 1632 1362 1715 quamvis
1371 1631 1494 1697 dicatur
1505 1630 1652 1695 essentia·

51 1734 146 1798 niam
158 1736 263 1800 amuis
277 1755 368 1801 amor
387 1741 435 1802 est
452 1737 503 1804 vis
520 1739 661 1819 unitiva3
677 1740 827 1805 nuditas
879 1739 961 1819 liter,
977 1738 1079 1821 potest
1094 1739 1307 1805 nihilominus
1320 1739 1380 1804 dici
1392 1738 1610 1822 personaliter.

50 1840 134 1905 dicit
146 1843 358 1908 conditionem
379 1845 497 1909 amoris
515 1847 608 1926 cmii,
625 1851 736 1911 contm
753 1847 826 1911 lihi-

50 1947 224 2024 dinosum,
238 1950 295 2033 qui
314 1969 379 2015 uon
396 1955 444 2017 est
457 1970 578 2035 purus;
601 1953 737 2017 charitas
752 1953 827 2018 dicit

50 2055 268 2122 conditionem
294 2059 413 2125 amoris
441 2060 614 2144 praecipui,
644 2061 715 2125 ideo
737 2061 824 2125 enim

50 2163 194 2229 charitas
206 2163 331 2241 dicitur,
350 2166 426 2248 quia
443 2170 490 2231 cat
505 2185 596 2231 amor
615 2168 824 2233 inestimabi-

49 2269 128 2334 liter
140 2269 259 2336 hahens
273 2271 406 2338 charum
423 2278 579 2338 amatum.

376 2461 446 2508 nuc.
470 2462 504 2509 v.
566 2511 569 2517 ,

249 2579 355 2645 Sintqus
366 2592 421 2630 non
434 2578 638 2645 participatione.

89 2705 224 2771 Videtur
233 2722 302 2769 nou
311 2704 739 2788 benedicerc,quiaservare
750 2706 823 2771 uui-

44 2817 151 2878 tatem
163 2811 306 2896 spiritus,
319 2816 366 2877 est
378 2811 552 2895 producere
566 2811 721 2895 Spiritum
731 2830 822 2878 senc-

43 2926 146 2985 tum:
167 2937 247 3002 ergo
263 2919 440 2985 secundum
461 2920 533 2997 hoc,
557 2919 650 2985 Pater
671 2925 703 2984 et
721 2920 822 2987 Filius

42 3028 209 3111 Spiritum
225 3033 371 3092 candum
391 3046 452 3092 sua
471 3028 608 3093 esserum
628 3028 819 3113 producunt,

42 3142 78 3202 et
91 3136 141 3202 ita
151 3135 301 3202 ridentur
316 3134 354 3220 (bi
369 3135 575 3202 essentialiter
589 3136 721 3219 spirare.

88 3245 173 3310 item
192 3244 318 3309 videtur
339 3244 435 3308 etiam
457 3244 573 3309 falsum
599 3245 685 3328 quod
706 3245 822 3311 dicitur

40 3370 115 3421 non
125 3353 386 3435 participatione,
402 3351 479 3435 quia
493 3351 586 3417 Pater
597 3357 629 3418 et
638 3351 739 3418 Filius
750 3372 821 3437 par·

40 3462 232 3544 ticipatione
245 3459 426 3543 spirationis
435 3463 567 3526 servant
578 3460 747 3526 unitatem.

86 3569 184 3651 Resp.
207 3568 381 3634 Dicendum
400 3570 486 3651 quod
507 3570 731 3651 Augustinus²
750 3570 820 3635 vult

37 3676 214 3743 ostendere
240 3676 399 3759 duplicem
430 3677 564 3742 modum
594 3677 726 3741 unitatis
751 3696 820 3743 esso

38 3789 131 3851 inter
146 3783 272 3849 Patrem
287 3790 319 3848 et
334 3783 463 3864 Filium,
479 3785 534 3867 qui
555 3789 602 3848 est
619 3785 703 3849 inter
716 3803 817 3850 mem·

40 3897 105 3960 bra
118 3894 248 3975 Christi,
263 3895 380 3959 scilicet
390 3899 515 3959 naturae
523 3897 555 3958 et
566 3895 750 3975 voluntatis,
764 3896 818 3960 scd

39 4003 246 4081 differentem
261 4002 337 4084 quia
352 4001 387 4064 iu
401 4002 492 4066 nohis
509 4005 557 4066 est
574 4003 681 4068 unitas
692 4006 818 4069 naturae

39 4130 103 4194 per
116 4110 393 4193 participationem
406 4112 504 4174 unius
517 4112 698 4175 communis
711 4129 818 4176 essen-

38 4219 110 4297 tiae,
142 4215 198 4281 sed
222 4235 289 4281 non
313 4234 427 4281 sumus
451 4218 520 4300 ipsa
543 4219 697 4283 essentia:
727 4217 819 4284 Pater

38 4326 138 4391 enim
163 4328 195 4389 et
221 4322 321 4389 Filius
345 4342 412 4387 nou
436 4323 624 4409 participant
650 4330 818 4392 essentiam

36 4433 141 4518 quasi
158 4432 336 4511 diversum3
351 4432 417 4496 imo
431 4435 508 4496 sunt
519 4432 590 4514 ipsa
606 4434 751 4498 manua.
765 4433 818 4498 Si-

36 4539 167 4604 militer
185 4538 220 4603 in
242 4539 334 4602 nohis
355 4542 402 4602 est
421 4538 623 4604 conformitas
642 4539 818 4605 voluntatis

34 4664 101 4730 per
113 4645 241 4710 donum
259 4644 314 4709 Dei
330 4644 417 4727 quod
430 4644 500 4709 uuit
518 4663 593 4725 nos;
609 4647 663 4711 sed
678 4645 770 4712 Pater
786 4651 818 4712 et

33 4752 322 4818 Flliusuniuntur
339 4771 405 4818 nou
427 4752 512 4818 dono
532 4757 660 4837 accepto
681 4754 723 4819 ah
742 4755 815 4836 alin

32 4861 97 4926 sed
119 4859 238 4942 spiritu
258 4858 412 4943 proprio:
434 4859 524 4925 etsie
538 4865 625 4942 patet
639 4863 815 4944 responsio.

363 5046 432 5093 DUB.
454 5046 499 5096 vl.

190 5165 239 5225 Qui
250 5164 318 5217 enim
331 5165 475 5218 mmmunis
488 5168 528 5219 est
536 5166 672 5218 ambobus.

1125 1974 1368 2044 ARTICULUS
1392 1977 1419 2045 Ι.

918 2168 967 2234 Ad
991 2169 1184 2234 evidentiam
1208 2187 1321 2233 eorum
1345 2188 1421 2255 quae
1440 2170 1591 2235 dicuutur
1612 2173 1651 2238 de

879 2277 998 2361 Spiritu
1008 2281 1127 2357 macto,
1140 2279 1174 2341 in
1186 2279 1246 2342 hac
1256 2283 1346 2363 parte
1357 2279 1423 2345 duo
1435 2280 1652 2364 principaliter

878 2376 1093 2468 queruntur:
1117 2385 1221 2467 primo
1239 2386 1396 2468 quaeritur
1412 2386 1452 2451 de
1466 2366 1562 2451 modo
1576 2405 1650 2470 pro-

877 2493 1008 2557 cedendi
1021 2492 1121 2576 ipsius
1135 2491 1289 2575 Spiritus3
1300 2494 1438 2558 secundo
1451 2494 1491 2560 de
1503 2495 1649 2576 proprie·

876 2602 940 2664 tate
954 2599 1066 2683 ipsius.
1090 2598 1179 2664 Circa
1196 2600 1339 2683 primum
1360 2604 1549 2683 queruntur
1565 2601 1646 2666 tria:

876 2706 1019 2789 primum
1044 2710 1102 2786 est,
1127 2712 1240 2772 utrum
1261 2708 1296 2771 in
1319 2708 1436 2773 dionis
1457 2707 1498 2773 sit
1520 2726 1647 2773 necesse

876 2832 994 2897 ponere
1016 2832 1185 2897 personam
1204 2816 1426 2898 procedentem
1444 2834 1502 2899 per
1516 2817 1649 2882 modum

875 2921 1089 3001 liberalitatis;
1111 2922 1305 3002 secundum,
1329 2926 1441 2987 uuum
1462 2923 1504 2987 sit
1522 2942 1649 2991 necesse

875 3047 993 3111 ponere
1012 3047 1182 3111 personam
1205 3029 1428 3113 procedentem
1441 3048 1499 3113 per
1514 3032 1648 3096 modum

874 3137 993 3203 amoris
1001 3160 1010 3218 3
1026 3137 1168 3218 tertium,
1181 3136 1209 3201 si
1221 3137 1262 3202 sit
1273 3157 1400 3204 uecaese
1412 3157 1529 3222 ponere
1538 3158 1647 3223 perac-

874 3264 951 3309 nam
973 3245 1142 3328 procedere
1163 3264 1220 3328 per
1242 3246 1377 3311 modum
1400 3251 1523 3313 mutuae
1542 3246 1649 3312 chari-

874 3353 957 3417 tatis.

1147 3492 1325 3572 QUAESTIO
1346 3494 1371 3558 Ι.

873 3648 921 3705 An
937 3650 969 3705 iu
985 3647 1088 3705 motuis
1101 3651 1246 3706 masurio
1266 3648 1392 3722 ponenda
1414 3653 1451 3707 sit
1468 3665 1586 3722 persona
1596 3665 1647 3722 per

943 3737 948 3740 ’
1013 3737 1120 3795 modam
1132 3739 1310 3794 liberalitatis
1323 3738 1465 3811 procedens
1477 3740 1499 3794 2.

913 3892 1003 3970 Quod
1016 3893 1057 3956 sit
1067 3911 1195 3958 neccsse
1213 3911 1331 3977 ponere
1346 3910 1514 3975 personam
1528 3910 1644 3976 prooe-
1678 3924 1764 3968 rum.

872 3995 999 4064 cientem
1020 4019 1078 4084 per
1096 4000 1228 4065 modum
1247 4000 1453 4076 liberalitatis,
1467 4000 1643 4066 ostenditur
1660 3991 1737 4032 Μ

872 4108 933 4173 hoc
957 4109 1063 4173 modo.
1093 4108 1259 4173 Perfectior
1284 4113 1331 4173 est
1361 4108 1485 4174 dilectio
1517 4112 1642 4191 mutua,

872 4234 971 4298 quam
996 4215 1130 4295 reflexa,
1155 4220 1188 4281 et
1211 4216 1377 4299 perfectior
1399 4217 1505 4281 adhuc
1529 4222 1643 4282 mutua

873 4324 1107 4389 communicate
1118 4342 1216 4406 quam
1226 4342 1293 4389 non
1305 4324 1553 4403 communicata,
1566 4325 1644 4407 quia

872 4431 954 4511 talis,
965 4432 1084 4496 scilicet
1097 4447 1165 4496 non
1183 4432 1431 4505 communicata,
1443 4432 1570 4498 videtur
1590 4450 1644 4496 sa-

872 4557 948 4622 pere
982 4557 1127 4604 amorem
1156 4538 1393 4604 libidinosum:
1428 4556 1518 4620 ergo,
1551 4539 1578 4602 si
1610 4538 1645 4601 in

872 4646 936 4711 Deo
954 4651 1002 4711 cst
1013 4663 1142 4710 summa
1155 4645 1292 4722 dilectio,
1314 4649 1347 4710 ct
1359 4663 1489 4711 summa
1508 4645 1644 4711 delecta-

905 4789 958 4840 ¹ne
972 4788 1072 4849 Trinit,
1086 4787 1130 4839 lib.
1142 4787 1175 4839 Vl
1184 4825 1193 4853 ‚
1203 4801 1225 4839 c.
1237 4798 1263 4852 v,
1277 4801 1304 4837 n.
1315 4790 1339 4839 7.
1355 4814 1389 4826 -
1403 4789 1415 4824 t
1428 4788 1469 4852 Cf.
1485 4788 1556 4840 Alex.
1569 4790 1645 4840 Alen-

872 4861 917 4925 sis‚
929 4876 956 4926 p.
973 4862 993 4925 i,
1008 4875 1034 4926 q.
1044 4871 1119 4923 mu,
1128 4859 1225 4910 memb.
1237 4861 1304 4923 138.
1315 4859 1435 4923 Thomas,
1450 4874 1478 4925 p.
1491 4861 1510 4925 l,
1523 4874 1549 4926 q.
1559 4873 1643 4928 uvir,

872 4938 919 4983 art.
929 4935 953 4997 3,
963 4933 996 4983 ad
1006 4934 1036 4994 b;
1052 4933 1132 4995 Scot,
1147 4931 1157 4980 l
1171 4930 1251 4989 Seni,
1262 4931 1321 4981 dist.
1342 4942 1368 4995 x,
1381 4944 1407 4995 q.
1420 4942 1445 4994 13
1461 4933 1602 4997 henricus,
1616 4934 1643 4984 in

872 5005 983 5067 Summa,
998 5006 1046 5054 ert.
1065 5014 1091 5066 v,
1107 5016 1133 5067 q.
1151 5004 1181 5063 6;
1199 5001 1285 5067 AEgid.
1303 5004 1390 5065 Rom,
1406 5003 1413 5052 Ι
1430 5003 1510 5068 Sect,
1531 5004 1590 5055 dist.
1609 5017 1641 5070 x,

872 5090 900 5142 q.
922 5088 930 5126 r
939 5091 949 5140 3
967 5074 1124 5137 Richardus,
1137 5075 1148 5124 l
1162 5075 1272 5136 Senten,
1285 5072 1343 5125 dist.
1362 5085 1394 5138 x,
1408 5089 1435 5140 q.
1453 5087 1462 5124 1
1470 5090 1480 5140 3
1497 5077 1643 5143 Durandus,

873 5151 882 5200 1
897 5148 976 5211 Seni,
991 5146 1051 5197 dist.
1069 5157 1097 5210 x,
1111 5160 1137 5211 q.
1158 5156 1183 5208 13
1205 5145 1356 5196 Franciscus
1374 5145 1406 5197 de
1420 5148 1512 5213 Mayr,
1530 5150 1538 5198 l
1561 5150 1643 5213 Sent,

871 5220 974 5284 distr,
986 5232 1012 5283 q.
1031 5227 1057 5283 13
1070 5217 1146 5268 ioan.
1167 5217 1290 5281 naccon,
1313 5217 1418 5280 lsenr,
1436 5217 1495 5270 dist.
1514 5231 1558 5284 xi,
1578 5234 1641 5286 q.1;

79 5292 222 5359 Contra:
236 5289 323 5372 argo
336 5292 513 5357 secundum
525 5293 598 5371 hoc,
613 5292 683 5377 puri
693 5294 816 5359 ratione
871 5291 1071 5356 mom.lrg.,1
1087 5289 1167 5352 senc,
1181 5289 1238 5340 dist.
1258 5301 1286 5352 ¹,
1299 5302 1325 5354 n·
1345 5301 1373 5352 1,
1388 5294 1435 5340 arr.
1446 5295 1475 5356 23
1492 5292 1586 5344 uaso.
1602 5296 1642 5345 m

870 5378 959 5430 guen,
979 5364 990 5413 l
1012 5363 1091 5423 Seni,
1114 5376 1139 5427 q.
1159 5372 1218 5426 xit,
1236 5365 1285 5412 art.
1305 5364 1335 5426 25
1356 5362 1433 5414 Gahr.
1452 5363 1548 5430 Biel,l
1570 5367 1641 5418 Seat.

33 5399 183 5484 Spiritus
200 5402 329 5464 mucuns
346 5398 463 5464 dicitur
476 5400 559 5466 Deus
580 5400 719 5485 proprie,
740 5420 816 5468 oum
871 5437 931 5488 di„
941 5447 969 5500 χ,
983 5449 1010 5499 q,
1022 5445 1053 5485 1„

32 5508 130 5574 Deus
142 5504 185 5571 sit
197 5522 368 5574 commuue
380 5507 547 5580 mnhohas.

905 5526 937 5596 tc)
954 5526 1014 5582 act.
1025 5523 1086 5576 edit.
1100 5523 1175 5578 sicut.
1186 5549 1213 5564 -
1227 5521 1261 5587 (b)
1279 5522 1340 5574 Cat.
1352 5522 1413 5576 edit.
1427 5523 1537 5582 ridetur.
