4100 6300
704 475 894 544 otsrtrtcr.
913 476 1019 543 mr.
1588 476 1648 539 489

79 618 294 709 augustinum,
306 640 374 708 qua
387 639 487 708 snpra
500 616 606 684 eidem
620 615 787 684 aeternitas
800 614 983 682 secundum
996 612 1167 682 Hilarium
1181 617 1212 697 ¹,
1228 610 1308 702 quia
1321 611 1471 682 videlicet
1485 610 1584 678 Pater
1601 609 1649 678 ita

41 787 44 793 -
82 746 133 824 εει,
146 743 177 804 ut
189 734 229 802 ab
243 733 307 801 alio
319 756 387 801 non
401 733 456 819 sit,
470 742 501 801 ct
516 733 594 825 quia
607 732 732 800 Filium
745 730 860 820 genuit
875 753 982 798 unum
996 752 1106 798 secum
1122 729 1242 813 Deum,
1256 736 1289 796 ct
1306 721 1449 819 Spiritus
1463 735 1593 794 sanctus
1606 727 1647 795 ab

78 876 108 923 eo
123 850 257 943 procedit
272 872 358 918 unus
371 873 447 917 cum
461 872 499 917 eo
518 849 617 917 Deus.
639 847 755 916 Unitas
769 869 847 936 ergo
867 847 902 913 in
920 846 1018 914 Patre
1040 869 1108 915 esse
1130 846 1263 930 dicitur,
1278 844 1358 937 quia
1380 867 1439 912 nec
1451 850 1499 911 est
1521 842 1648 934 aliquid

33 996 52 1045 g
77 970 156 1037 aliud
169 990 187 1034 a
199 989 264 1058 quo
278 966 330 1036 sit.
347 966 421 1035 Non
436 964 525 1034 enim
540 966 582 1033 ab
596 964 661 1033 alio
675 972 743 1050 cst,
760 986 820 1032 nec
832 964 874 1032 ab
887 986 925 1031 eo
940 963 1073 1054 aliquis,
1089 963 1143 1031 vel
1163 961 1288 1055 aliquid
1302 971 1350 1029 est
1367 962 1409 1029 nb
1423 968 1544 1029 esterno
1559 958 1647 1050 quod

76 1106 251 1152 onnmcum
265 1104 302 1150 eo
317 1104 385 1150 non
403 1082 468 1150 sit:
488 1081 595 1149 Filius
615 1082 704 1149 enim
727 1090 758 1148 et
779 1080 924 1174 Spiritus
947 1088 1079 1150 sanctus
1101 1103 1208 1149 unum
1230 1088 1309 1148 suut
1331 1102 1407 1147 cnm
1427 1079 1535 1146 Patre
1551 1076 1647 1146 Unde

40 1200 195 1270 Veritas
210 1199 280 1266 εὶι.
297 1226 314 1263 ε
329 1199 399 1287 Ego
413 1208 444 1265 ct
457 1198 519 1265 Pat
505 1207 555 1266 ter
568 1221 672 1266 unum
687 1220 813 1266 sumus.
833 1224 849 1263 s

33 1398 51 1409 .
110 1318 165 1385 Hic
176 1316 237 1383 dici
252 1324 378 1407 oportet
393 1316 481 1408 quod
495 1315 605 1400 Pater,
626 1325 658 1382 ει
680 1314 807 1399 Filius,
827 1323 859 1382 et
872 1313 1015 1406 Spiritus
1037 1322 1168 1382 sanctus
1194 1320 1279 1381 recte
1293 1312 1450 1381 dicuntur
1463 1334 1530 1379 esse
1543 1333 1648 1378 orrum
1675 1330 1746 1381 orara

1685 1393 1748 1435 Pater

71 1444 98 1504 et
109 1455 186 1503 uum
197 1435 296 1514 Deos,
313 1431 367 1500 sed
382 1454 448 1499 non
463 1440 579 1499 renus&
594 1430 659 1499 Res
672 1432 760 1499 enim
775 1430 863 1516 dnae,
879 1432 932 1500 vel
947 1432 1059 1521 plures
1072 1438 1158 1499 recte
1176 1438 1311 1520 possunt
1325 1429 1388 1497 dici
1403 1450 1506 1498 unum
1524 1450 1607 1514 esse,
1621 1427 1649 1494 si
1663 1460 1684 1497 a
1700 1454 1768 1497 ertia·

69 1552 127 1618 siut
146 1551 242 1617 unius
260 1548 424 1634 essentia,
446 1556 479 1615 ει
498 1571 611 1615 earnm
633 1570 700 1615 una
719 1548 761 1614 sit
782 1557 912 1615 natura.
934 1550 1022 1615 Uram
1043 1554 1166 1632 autem,
1182 1546 1236 1615 vel
1252 1568 1321 1613 una
1335 1568 1402 1613 non
1416 1553 1520 1636 potest
1532 1544 1596 1612 dici
1608 1544 1649 1612 da
1663 1518 1759 1682 ’ᾖξ’

67 1666 193 1733 ducrsrs
205 1665 316 1749 rebus
332 1664 396 1731 nisi
387 1664 549 1732 addatur
563 1663 644 1755 qnid
663 1687 768 1746 unus,
785 1663 838 1731 vel
853 1686 947 1730 ripa:
967 1686 1035 1755 quo
1048 1663 1158 1731 addi
1169 1671 1277 1746 ,recte
1292 1669 1396 1753 potest
1413 1661 1477 1728 dici
1498 1660 1538 1727 de
1552 1654 1724 1728 rebus
1663 1707 1697 1750 W,
1714 1672 1769 1745 „,’„

66 1790 94 1849 et
108 1782 201 1849 unius
215 1793 247 1847 et
259 1780 606 1848 diversaesubstantiae
623 1779 946 1869 Undergustinus,
964 1782 999 1847 iu
1013 1789 1102 1848 sexto
1116 1781 1201 1848 libro
1215 1779 1255 1848 de
1271 1779 1449 1861 Trinitas
1401 1779 1572 1869 capite
1587 1786 1651 1845 ter
1670 1773 1759 1882 ,Ἧι

65 1896 279 1983 tio³,s1cart
299 1895 1138 1987 «NesciorrtruminveniaturmScmpturrsdictum,
1159 1895 1297 1963 «Unum
1311 1903 1400 1979 suut,
1411 1920 1428 1959 a
1445 1916 1586 1986 quorum
1602 1904 1650 1961 est
1682 1912 1750 1953 ”¹¹⁰³

1668 1964 1718 2018 quia
1729 1973 1764 2004 rer

62 2013 183 2080 diversa
196 2019 326 2079 natura.
344 2011 380 2079 Si
398 2020 508 2079 antem
524 2020 556 2080 et
569 2013 682 2103 aliqua
696 2014 792 2103 plura
812 2020 890 2080 sunt
903 2012 1048 2104 ejusdem
1063 2022 1211 2098 naturae,
1224 2021 1256 2080 et
1269 2012 1398 2080 diversa
1411 2012 1564 2096 sentiant,
1580 2032 1648 2078 non
1668 2026 1764 2133 suffit

62 2138 253 2199 suntunum
276 2128 310 2194 in
333 2137 495 2218 quantum
510 2127 641 2195 diversa
654 2129 826 2197 sentiunt..
833 2129 941 2198 ‚Cum
957 2152 1036 2218 ergo
1049 2129 1224 2197 sicdicitur
1237 2151 1354 2210 unum,
1371 2136 1489 2196 utnon
1509 2128 1648 2195 addatur
1684 2158 1744 2196 aare

1672 2223 1759 2273 possunt

59 2245 136 2336 quid
150 2266 266 2325 onum
285 2251 317 2310 et
329 2243 426 2334 plura
444 2267 547 2311 unum
563 2244 727 2330 dicantur,
743 2244 856 2315 eadem
870 2254 990 2314 natura
1002 2258 1100 2337 atque
1114 2245 1273 2330 essentia
1289 2267 1355 2312 non
1369 2244 1528 2312 dissidens
1541 2266 1648 2335 neque
1692 2278 1736 2321 3,,

1681 2355 1746 2384 uuum

33 2360 248 2428 dissentiens
262 2359 478 2448 significatur.
494 2359 590 2427 Unde
603 2361 730 2429 Paulus
746 2370 777 2428 et
791 2361 911 2453 Apollo
925 2363 984 2453 qui
996 2370 1029 2429 et
1041 2362 1138 2430 ambo
1148 2360 1297 2429 homines
1311 2368 1415 2445 erant,
1431 2369 1463 2428 et
1476 2360 1563 2427 idem
1576 2383 1649 2427 scn-
1663 2404 1766 2459 mmm,

57 2477 190 2562 tiebant,
206 2476 854 2562 unumessedicuntur,cumdicitur⁸:
873 2479 918 2546 Et
939 2501 995 2570 qur
990 2478 1173 2569 plantat,
1190 2491 1221 2545 et
1243 2478 1414 2569 quiripot,
1436 2489 1644 2545 unumsurrt.
1664 2472 1767 2522 ¹⁰⁸⁸⁸⁰

1677 2536 1698 2572 el
1707 2542 1755 2572 ctttn

54 2592 136 2662 Cum
161 2616 241 2661 vero
263 2591 395 2660 additur
416 2592 497 2684 quid
521 2615 625 2661 unum
636 2601 765 2684 ,potest
784 2593 963 2683 significari
985 2594 1114 2685 aliquid
1135 2616 1176 2660 ex
1198 2593 1349 2684 pluribus
1374 2615 1479 2661 unum
1501 2594 1647 2678 lactum,
1663 2592 1767 2709 *2250203

33 2734 34 2737 ¹
55 2709 215 2800 quamvis
232 2708 360 2777 dirersa
379 2718 521 2777 natura:
543 2709 627 2777 sicut
650 2710 762 2778 anima
783 2718 814 2778 ει
837 2733 954 2803 corpus
971 2733 1040 2779 nun
1061 2717 1197 2801 possunt
1220 2709 1334 2800 utique
1348 2708 1413 2776 dici
1433 2732 1538 2777 unum
1542 2709 1648 2800 ,quid
1668 2716 1761 2822 iffi·

53 2825 142 2893 enim
157 2835 228 2893 tam
242 2825 484 2892 diversum‘.t
453 2848 517 2892 nrsr
506 2825 682 2910 addatur,
697 2826 749 2894 vel
763 2826 1032 2915 subintelligatur
1047 2825 1128 2917 quid
1144 2848 1270 2911 unum,
1287 2825 1409 2894 scilicet
1431 2848 1517 2893 unus
1535 2825 1646 2893 homo
1667 2848 1748 2886 natura

1693 2919 1736 2948 110ss

52 2940 148 3012 Unde
163 2942 392 3033 Apostolusr.
413 2942 477 3024 Qut
491 2941 640 3010 adhorret
627 2943 794 3034 t‚inquit,
809 2944 963 3026 Domino,
975 2944 1114 3035 speratus
1125 2964 1209 3010 unus
1219 2954 1277 3009 er
1254 2940 1367 3009 tNon
1382 2941 1477 3029 dixit,
1493 2963 1577 3012 unus
1587 2956 1646 3026 est,
1673 2974 1760 3026 possunt

83 3097 252 3161 ¹Hilarius,'
245 3112 272 3147 rn
285 3097 327 3148 lib.
343 3097 373 3146 de
386 3097 503 3163 Spnodte,
517 3114 623 3164 propos.
635 3111 716 3151 xxvr:
733 3100 852 3165 «Siquis
866 3100 1043 3152 innascibilem
1057 3103 1083 3151 et
1096 3098 1152 3148 sinc
1163 3097 1236 3150 initio
1246 3098 1314 3150 dicat
1326 3098 1428 3164 Filium,
1442 3100 1515 3165 qnasi
1529 3100 1613 3150 duo
1593 3114 1648 3152 arne

46 3171 193 3236 principio,
207 3175 234 3220 et
248 3171 298 3220 duo
313 3171 482 3231 innascibilia,
498 3177 524 3221 et
533 3173 584 3222 duo
598 3171 686 3221 innata
695 3172 793 3235 dicens,
806 3173 871 3222 duos
882 3173 957 3222 lactat
971 3174 1034 3223 deos
1041 3188 1049 3235 3
1065 3171 1202 3220 anathema
1214 3171 1255 3221 sit.
1270 3172 1352 3234 Caput
1361 3171 1440 3227 enim,
1451 3172 1521 3235 quod
1530 3177 1570 3222 εει
1581 3173 1651 3237 prin·

48 3243 148 3306 cipium
159 3243 291 3304 omnium,
301 3242 394 3291 Filius:
411 3247 591 3305 reputantem,
604 3244 673 3306 quod
685 3248 723 3293 est
732 3244 886 3307 principium
895 3244 1000 3306 Christi,
1010 3245 1086 3293 Deus
1094 3242 1136 3293 Sic
1147 3242 1216 3291 enim
1226 3242 1259 3291 ad
1270 3256 1350 3292 uuum
1362 3242 1521 3306 initiabilem,
1535 3245 1651 3294 omnium

47 3313 164 3372 initium,
172 3328 223 3377 per
231 3313 320 3362 Filium
330 3313 451 3362 universa
458 3314 621 3364 referimus.»
632 3316 709 3379 Tum,
724 3329 750 3365 n.
761 3317 791 3365 60
804 3330 810 3363 ε
821 3314 930 3364 «Filium
941 3314 1118 3364 innascibilem
1131 3313 1256 3377 confiteri,
1268 3313 1445 3377 impiissimum
1455 3319 1503 3364 eet.
1514 3317 1651 3366 tamenim

44 3399 100 3434 non
112 3386 165 3435 erit
178 3399 248 3435 unos
260 3386 345 3434 Deus:
361 3384 420 3448 quia
434 3386 516 3434 Deum
527 3399 606 3434 onom
619 3386 763 3448 praedicari,
775 3391 866 3436 natura
877 3386 953 3436 unius
965 3385 1123 3435 innascibilis
1136 3385 1183 3434 liei
1198 3384 1284 3449 erigit.
1296 3386 1358 3434 Cum
1371 3399 1433 3448 ergo
1450 3388 1516 3436 Deus
1526 3401 1592 3437 unus
1603 3388 1650 3451 sit,

45 3455 98 3504 diro
114 3455 288 3506 innascibiles
298 3469 353 3504 εεεε
365 3469 418 3505 non
430 3460 555 3519 possunt:
570 3471 628 3505 cnm
640 3456 736 3507 idcirco
749 3459 818 3507 Deus
827 3472 893 3506 unus
902 3457 943 3520 sit,
956 3471 1015 3507 cum
1031 3459 1105 3506 Pater
1120 3457 1188 3505 Deus
1198 3455 1244 3520 sit,
1256 3460 1282 3506 et
1293 3457 1370 3506 Filios
1384 3456 1429 3505 Dei
1445 3458 1513 3507 Deus
1524 3458 1569 3523 sit,
1591 3459 1651 3522 quia

45 3526 244 3577 innascibilitas
250 3527 305 3575 sola
314 3541 393 3590 penes
403 3539 482 3575 unum
492 3527 539 3576 sit:
550 3527 626 3575 iilius
635 3532 721 3577 autem
731 3527 826 3577 idcirco
836 3529 912 3590 Deus,
921 3528 981 3591 qnia
992 3543 1022 3578 ex
1029 3526 1173 3577 innascibili
1182 3527 1294 3577 essentia
1304 3532 1379 3577 natus
1390 3529 1489 3578 existat.
1500 3530 1604 3591 Respuit
1615 3531 1647 3591 (o)

43 3613 110 3659 ergo
126 3597 314 3647 innascibilem
330 3598 421 3647 Filium
433 3597 565 3661 praedicari
577 3598 640 3646 tides
653 3604 750 3661 sancta,
765 3603 793 3648 ut
806 3612 853 3661 per
865 3613 942 3648 unum
960 3599 1147 3662 intrascibitem,
1161 3600 1244 3648 Deum
1259 3612 1338 3648 unrrm
1351 3599 1482 3663 praedicet,
1494 3606 1521 3650 ut
1532 3606 1649 3651 natorum

42 3670 218 3732 unigenitam
230 3682 262 3717 er
273 3668 415 3717 innascibili
428 3669 551 3731 genitam,
566 3669 676 3718 essentia
689 3670 715 3718 in
726 3683 779 3718 uno
793 3669 951 3720 innascibilis
964 3671 1010 3720 Dei
1024 3670 1129 3719 noronte
1144 3669 1336 3733 complectatur.
1352 3672 1434 3734 Caput
1447 3672 1516 3720 cuim
1532 3672 1649 3722 omnimo

41 3740 127 3788 Filius
139 3745 183 3789 εει
194 3755 201 3788 :
215 3739 260 3788 sed
271 3745 347 3802 capnt
357 3739 413 3788 Filii
422 3741 492 3788 Deus
501 3743 556 3789 est:
569 3745 595 3788 at
603 3739 636 3788 ad
646 3754 725 3788 uuum
734 3742 815 3789 Deum
827 3740 970 3790 omniahoc
980 3741 1142 3805 graduatque
1152 3741 1200 3791 liae
1209 3741 1370 3791 confessione
1382 3741 1535 3805 referuntur,
1548 3758 1606 3792 cum
1617 3745 1649 3794 ab

37 3825 71 3860 eo
85 3814 205 3860 sumant
214 3810 335 3860 universa
344 3809 507 3873 principium,
516 3811 557 3860 cni
565 3811 780 3874 ipseprincipium
792 3811 833 3859 sit.
845 3828 858 3858 o
870 3811 971 3861 ldemlu
981 3813 1083 3874 eodem,
1092 3823 1276 3876 propostttrtV,
1285 3826 1311 3861 n.
1319 3814 1362 3862 58:
1375 3812 1519 3863 «Omnibus
1528 3815 1651 3865 creaturis

36 3882 227 3930 substantiam
239 3882 357 3930 voluutas
372 3881 417 3930 ttci
428 3881 510 3931 attulit
517 3897 526 3944 3
539 3882 584 3931 sed
594 3887 710 3931 naturam
723 3882 786 3932 Filio
798 3882 868 3931 dedit
883 3897 914 3932 err
925 3883 1069 3933 innascibili
1079 3897 1109 3933 ac
1120 3896 1173 3932 non
1182 3888 1243 3932 nata
1252 3883 1394 3932 substantia
1403 3883 1514 3947 perfecta
1523 3886 1649 3937 nativitas.

34 3952 111 4002 Talia
123 3953 204 4002 eninr
214 3957 306 4002 cuncta
317 3957 402 4002 creata
412 3958 479 4014 sunt,
495 3953 579 4015 qualia
593 3954 661 4002 Dens
675 3966 730 4001 esse
743 3953 825 4002 voluit
832 3968 840 4015 3
852 3954 928 4003 Filius
937 3960 1023 4004 autem
1036 3959 1110 4004 natus
1120 3968 1150 4003 ex
1164 3956 1217 4004 [)εο
1229 3954 1285 4003 talis
1293 3954 1416 4013 subsistit,
1428 3955 1508 4017 quatis
1518 3956 1586 4007 Deua
1597 3963 1635 4008 εει
1641 3974 1650 4022 3

32 4037 86 4073 nec
102 4024 271 4073 dissimilem
289 4023 327 4072 sui
341 4023 420 4073 edidit
433 4028 524 4072 natura
535 4028 669 4084 naturam,
683 4024 729 4073 sed
740 4037 772 4073 er
782 4024 924 4074 substantia
939 4025 985 4075 Dei
996 4025 1106 4088 genitos,
1118 4028 1217 4076 notorie
1230 4025 1371 4075 secundum
1381 4025 1507 4089 originem
1519 4029 1601 4078 attulit
1613 4044 1651 4079 cs·

32 4095 168 4158 seutiam,
183 4109 241 4144 uon
252 4095 390 4144 secuudum
401 4099 530 4144 creaturas
541 4095 681 4145 voluntatis
693 4096 838 4146 essentiam.
847 4114 861 4144 o

66 4133 231 4227 ’Hilaiius
244 4165 326 4214 inlib.
342 4165 372 4213 dc
389 4165 510 4228 synoda,
526 4180 553 4215 n.
569 4171 596 4214 31
605 4166 812 4229 aquuanulum
829 4172 888 4216 ante
900 4168 1034 4230 synodum
1047 4167 1222 4218 contuentem
1232 4183 1339 4232 propos
1355 4180 1449 4219 xxvu:
1467 4170 1575 4220 «Minus
1587 4171 1651 4222 torte

32 4251 171 4318 expresse
181 4203 288 4286 videtur
297 4236 328 4285 de
340 4235 494 4286 indifferenti
502 4202 666 4286 similitudine
680 4233 759 4288 Patris
772 4245 797 4287 et
805 4239 858 4288 Filii
867 4238 929 4288 tides
938 4238 1096 4300 locutaesse,
1106 4238 1216 4289 maxime
1224 4254 1283 4289 cum
1293 4240 1324 4290 dc
1335 4241 1441 4290 Patrcet
1449 4241 1512 4291 Filio
1522 4246 1548 4291 et
1556 4243 1651 4305 Spiritu

32 4313 132 4357 sancto
143 4297 186 4356 ita
197 4307 308 4356 senserit
315 4307 495 4368 significatam
489 4322 516 4355 m
521 4307 669 4358 nommrbus
675 4323 805 4373 propriam
815 4310 1013 4373 uniuscnjusque
1021 4310 1210 4360 nominatorum
1218 4311 1395 4370 substantiam,
1405 4315 1430 4361 et
1440 4312 1557 4362 ordinem
1564 4321 1589 4362 et
1598 4314 1651 4378 glo·

33 4379 111 4441 iarn,
127 4384 161 4427 ut
174 4378 344 4441 smtqurdem
356 4392 418 4439 per
407 4378 574 4427 substantiam
585 4379 696 4442 trra,per
706 4380 900 4430 consonantiam
913 4393 1073 4430 verounum
1083 4398 1097 4427 o
1112 4382 1190 4444 Tum,
1199 4395 1226 4430 n
1241 4384 1286 4430 32:
1297 4382 1543 4462 «Volenserpocon
1547 4390 1651 4448 gregata

32 4455 206 4499 iunctorum
218 4450 337 4514 Synodus
347 4449 504 4512 impietatem
516 4463 572 4498 earu
580 4450 714 4513 perimere,
728 4465 785 4514 qua
800 4451 922 4501 unitatem
937 4450 1028 4513 Patris,
1038 4455 1064 4500 ct
1076 4451 1133 4500 Filii
1144 4456 1169 4501 et
1183 4451 1291 4515 Spiritus
1302 4452 1384 4502 sancti
1394 4454 1530 4504 nominum
1541 4469 1649 4507 numero

32 4522 182 4581 eluderet,
201 4525 231 4570 nt
248 4534 302 4570 nou
316 4520 470 4569 subsistente
483 4535 559 4570 cansa
573 4521 770 4585 uniuscujusque
781 4522 903 4582 nominis,
917 4521 1009 4584 triplex
1020 4522 1177 4585 nuncupatio
1192 4522 1320 4573 obtineret
1333 4523 1380 4573 sub
1395 4523 1501 4574 falsitate
1515 4527 1651 4578 norrrinum

31 4593 186 4654 urionem,
203 4595 229 4640 et
243 4591 318 4640 Pater
328 4592 398 4640 sotus
411 4595 487 4654 atque
499 4605 565 4640 unus
574 4591 641 4640 idem
654 4594 742 4655 etipse
752 4593 858 4642 haberet
871 4597 897 4642 ει
909 4593 1018 4655 Spiritus
1029 4593 1109 4642 sancti
1125 4607 1220 4643 nomen
1232 4599 1257 4644 et
1269 4595 1342 4656 ritit3
1357 4595 1452 4645 idcirco
1464 4600 1515 4645 tres
1529 4598 1651 4648 substau-

33 4666 159 4714 insessa
173 4663 302 4712 dixerunt
309 4700 317 4726 ,
330 4663 522 4712 subsistentium
537 4678 661 4725 personas
675 4679 722 4726 per
733 4665 886 4714 substantias
897 4664 1045 4727 edocentes,
1058 4677 1112 4714 non
1127 4665 1295 4715 substantiam
1310 4667 1391 4717 Patris
1404 4672 1430 4716 ει
1440 4667 1496 4717 Filii
1508 4673 1534 4718 et
1544 4670 1652 4731 Spiritus

33 4735 120 4784 uncti
138 4733 301 4783 diversitate
317 4733 446 4783 dissimilis
458 4735 577 4783 essentiae
589 4741 746 4797 separantes.
766 4735 840 4794 Quod
851 4738 937 4785 autem
952 4734 1049 4784 dictum
1067 4738 1119 4798 est,
1128 4741 1158 4786 ut
1171 4736 1223 4786 sint
1235 4736 1339 4800 quidem
1353 4751 1399 4799 per
1411 4739 1580 4789 substantiam
1594 4741 1651 4804 trio,

32 4822 73 4856 ·er
84 4804 309 4855 consonantiam
318 4819 381 4854 vero
397 4819 494 4867 unum,
509 4819 562 4854 non
573 4805 650 4854 habet
662 4805 815 4854 calumniam
822 4821 831 4868 ;
843 4805 903 4869 quia
913 4805 1096 4871 cognominato
1108 4807 1217 4869 Spiritu,
1227 4807 1252 4856 id
1264 4812 1311 4870 est,
1324 4807 1463 4872 Paracleto,
1477 4812 1652 4862 consonantias

32 4877 125 4926 ·0tius
143 4889 236 4940 quam
250 4876 368 4924 assentite
384 4889 430 4938 per
445 4874 635 4925 similitudinem
645 4875 794 4926 substantia
805 4875 936 4937 predicari
947 4876 1069 4925 convenit
1082 4877 1240 4926 unitatem.»
1254 4878 1282 4926 ln
1296 4877 1397 4942 eodem,
1409 4892 1435 4927 n.
1452 4883 1491 4934 tt.
1502 4883 1531 4929 tr
1547 4896 1553 4929 ε
1566 4898 1579 4927 o
1589 4883 1652 4931 ltem

32 4962 86 4997 uin
103 4949 212 4997 Deum
224 4947 324 4995 Patrem
338 4947 498 5002 confitemur,
514 4946 675 4996 erchrecum
692 4947 737 4996 itei
752 4947 830 4996 fitium
841 4947 1011 5009 predicamus
1018 4983 1028 5009 ,
1043 4952 1069 4997 et
1080 4947 1147 4997 inter
1157 4948 1214 4997 haec
1224 4948 1334 4998 duorum
1346 4948 1454 4998 deorum
1466 4950 1499 4999 sit
1512 4949 1653 5014 irreligiosa

32 5018 180 5068 onlessio
205 5031 213 5065 ε
233 5029 287 5066 non
303 5021 411 5079 possunt
425 5018 566 5066 secundum
581 5021 679 5066 naturae
697 5016 908 5079 indifferentiam,
924 5022 950 5066 et
963 5031 1059 5066 nomen
1079 5018 1237 5082 indifferens,
1257 5033 1313 5069 non
1327 5033 1406 5069 unum
1422 5033 1478 5070 esse
1497 5020 1523 5070 in
1535 5024 1652 5073 esseutiae

33 5109 135 5144 encre
142 5132 154 5158 ,
173 5107 292 5156 quorum
307 5093 424 5142 essentiae
438 5107 535 5142 nornen
548 5093 739 5143 nonlicetesse
751 5093 933 5144 alsianum...
949 5095 1008 5143 Non
1021 5093 1091 5143 enim
1101 5094 1222 5158 religiosa
1236 5095 1319 5144 unitas
1333 5095 1453 5160 nominis,
1466 5110 1498 5146 ex
1508 5097 1653 5149 indifferen-

32 5183 47 5216 s
66 5169 204 5215 naturae
220 5164 328 5213 esssntia
352 5164 490 5214 constituta
511 5178 648 5228 personam
671 5164 763 5228 genita
788 5165 883 5215 ademit
901 5163 1028 5228 essentiae,
1044 5169 1072 5214 ut
1088 5165 1162 5215 unice
1182 5180 1212 5215 ac
1229 5165 1364 5230 singularis
1381 5166 1427 5216 tlei
1447 5168 1589 5219 substantia
1607 5185 1653 5234 per

32 5239 173 5288 aionem
200 5235 315 5285 nominis
330 5234 495 5299 intelligatur,
514 5250 573 5285 eom
591 5235 723 5298 utriusque
736 5235 853 5285 essentia
865 5249 960 5285 nomeu
974 5248 1068 5298 uuum,
1080 5236 1106 5285 id
1118 5239 1156 5286 est
1170 5250 1237 5287 unus
1251 5239 1329 5300 Deus,
1344 5237 1378 5287 ob
1390 5237 1533 5291 indiscretas
1544 5240 1570 5291 in
1585 5247 1651 5292 utro·

32 5324 72 5358 ue
98 5313 227 5356 naturae
237 5307 413 5356 indissimilem
425 5307 591 5356 substantiam
607 5306 767 5370 praedicetur.
783 5323 797 5353 o

42 5383 56 5415 ³
72 5385 181 5444 Aug„
202 5377 620 5442 deli-in.,lib.V,c.11r‚n.i.-
637 5379 662 5426 ‘l
677 5375 1024 5440 eor.1o,e.-⁵tota.,n,
1039 5379 1076 5428 t'l.

37 5516 80 5574 (a)
98 5515 179 5559 Coer.
193 5512 251 5556 edit.
262 5513 370 5569 Respicit,
384 5514 459 5558 otenel.
