4100 6300
361 511 380 566 6
1007 497 1294 563 ARGUMENTUM.

361 637 542 706 nebulones
563 634 730 720 exaurit,
754 643 792 702 ut
810 632 1017 725 nequissimis
1034 632 1196 702 haeresum
1210 632 1283 701 telis
1295 641 1439 701 sanctam
1453 633 1628 701 &eteniam
1642 646 1885 724 oppugnarent.
1900 641 1943 706 ht

361 763 449 832 Deus
466 770 499 829 et
518 761 676 830 Dominus
690 766 798 828 noster
814 757 991 828 adversarii
1012 758 1154 850 impetus
1171 759 1320 851 ictusque
1333 781 1447 828 omues
1460 757 1583 826 mandit
1599 780 1636 825 ac
1654 759 1787 850 rejecit,
1803 771 1939 830 mustus

362 886 460 974 fregit
486 908 522 953 ac
553 882 734 951 debilitavit
756 883 910 951 omnibus
930 883 1213 975 oppugnationum
1246 883 1447 975 temporibus
1472 884 1525 951 vel
1551 884 1852 954 turbulentissimis.
1880 888 1942 956 vix

364 1031 474 1078 recens
493 1007 601 1076 adhuc
623 1007 743 1078 Christi
765 1030 884 1075 nomen
904 1016 976 1076 erat
988 1007 1024 1076 in
1037 1008 1151 1095 terris,
1166 1009 1254 1101 quod
1267 1009 1455 1094 Cerinthos,
1470 1008 1623 1093 Ebiones,
1637 1008 1811 1094 Basilidas,
1825 1011 1944 1100 Carpo

364 1143 486 1219 crates,
500 1132 710 1218 Valentinos,
724 1131 903 1200 Maeona
922 1141 955 1200 et
976 1134 1054 1202 talia
1070 1134 1244 1203 hominum
1262 1143 1407 1203 monstra
1419 1133 1583 1224 permulta
1595 1133 1729 1220 devicit,
1742 1157 1821 1202 cum
1832 1144 1945 1202 muta

365 1260 500 1352 impiam
518 1259 654 1328 illorum
667 1259 787 1345 adem,
801 1259 1053 1351 sapientissimos
1072 1259 1257 1329 christianas
1270 1258 1415 1329 veritatis
1429 1260 1528 1327 duces
1541 1258 1721 1348 paraverit,
1736 1260 1943 1327 instmxerit-

365 1408 429 1476 que
451 1384 572 1453 divinis
591 1383 706 1470 armis,
730 1382 968 1475 Polycarpum,
982 1384 1163 1474 ignatium,
1178 1385 1374 1477 Dionysium
1387 1384 1634 1476 Areopagitam,
1648 1391 1681 1451 et
1692 1361 1788 1471 alins,
1802 1407 1945 1477 qtmrum

365 1509 543 1578 virtutibus
555 1508 692 1599 depulsa
704 1516 753 1575 est
763 1507 893 1577 iuneste
905 1531 1019 1577 eomm
1029 1510 1137 1599 pestis.
1153 1509 1219 1577 Nec
1231 1532 1310 1578 vero
1323 1508 1436 1578 multis
1448 1516 1521 1599 post
1533 1507 1636 1577 sactis
1647 1508 1690 1597 (α)
1705 1508 1786 1575 item
1798 1508 1946 1577 Christus

367 1636 509 1726 optimus
525 1634 699 1721 maximus,
715 1633 803 1717 Arii,
817 1633 988 1715 Eunomii,
1003 1632 1203 1721 Macedonii,
1218 1634 1437 1725 Apollinaris,
1452 1634 1593 1703 Nestorii
1611 1633 1779 1723 peshleros
1791 1633 1946 1701 nefarios-

367 1744 432 1849 que
444 1723 580 1827 condius
596 1757 735 1842 delevit,
749 1779 823 1825 cum
838 1757 873 1825 in
886 1780 957 1826 earn
972 1759 1268 1849 profligatissimam
1282 1762 1412 1828 turbam
1426 1758 1570 1827 incitarit
1583 1758 1685 1826 robur
1697 1757 1784 1826 illud
1798 1756 1945 1826 firmiss-

368 1905 461 1951 mum
482 1882 585 1951 nostri
608 1881 783 1964 exercitus,
807 1880 1041 1969 Athanasium,
1064 1884 1240 1970 Basiliam,
1257 1884 1452 1973 Gregorium
1472 1882 1734 1968 Nazianzenum,
1750 1881 1944 1970 Gmgerium

368 2007 571 2098 Nyssenum,
594 2007 831 2098 Epiphanium,
847 2006 1028 2098 Cyrillum,
1051 2007 1223 2094 Proclum3
1247 2030 1288 2076 ex
1304 2007 1429 2076 Latinis
1448 2030 1526 2076 vero
1547 2006 1753 2093 hominihus,
1768 2007 1945 2089 Hilarium

368 2132 596 2216 Ambrosium,
618 2131 860 2219 Augustinum,
883 2131 1143 2223 Hieronymum,
1166 2131 1381 2222 Gregorium,
1405 2154 1521 2224 nempe
1542 2133 1616 2201 illos
1634 2132 1737 2224 ipsos,
1753 2132 1791 2199 in
1807 2131 1945 2223 quibus,

368 2257 548 2326 secundum
568 2256 693 2340 Deum,
707 2256 912 2347 potissimum
932 2258 1050 2327 nititur
1064 2268 1175 2328 nostra
1191 2258 1307 2348 religio
1323 2283 1331 2327 :
1346 2282 1387 2327 ex
1401 2281 1544 2350 quorum
1554 2256 1728 2342 doctrinis,
1742 2256 1860 2325 divina
1871 2278 1944 2323 rero

369 2403 430 2471 ope
437 2433 447 2466 ‚
460 2380 559 2449 deleti
580 2381 748 2472 fugatique
760 2387 838 2448 sunt
851 2380 1014 2467 heretici,
1029 2405 1209 2475 eorumque
1222 2383 1333 2452 omnia
1344 2383 1512 2451 mulctata
1524 2388 1728 2469 argumenta.

414 2503 541 2572 Horam
572 2526 777 2571 summorum
798 2503 920 2572 ducum
947 2505 1088 2594 vigiliis,
1114 2517 1147 2575 et
1164 2507 1259 2600 quasi
1280 2508 1421 2576 cohortis
1447 2506 1607 2598 praetoria
1626 2504 1814 2588 laboribus,
1838 2504 1947 2573 divino

371 2632 407 2697 in
419 2623 534 2719 primis
545 2627 698 2711 consilio,
714 2649 833 2716 magna
850 2650 889 2696 ex
904 2636 994 2720 parte
1007 2628 1165 2699 instructa
1181 2639 1258 2699 sunt
1277 2641 1435 2722 tanquam
1454 2628 1643 2698 firmissima
1655 2637 1762 2697 castra
1780 2629 1948 2717 thesim

371 2753 585 2823 aholasaeae:
598 2773 673 2845 quae
686 2775 762 2820 cum
775 2753 810 2820 in
819 2752 939 2822 divinae
952 2761 1079 2823 naturae
1089 2755 1358 2846 contemplatione
1367 2756 1528 2846 primum,
1539 2753 1656 2821 deinde
1670 2753 1705 2820 in
1715 2776 1833 2822 earum
1843 2775 1946 2821 rerum

373 2877 515 2961 actione,
531 2885 629 2968 atque
642 2899 756 2948 earum
769 2877 931 2946 virtutum
944 2878 1061 2948 officiis
1077 2888 1237 2967 versatur,
1258 2902 1333 2971 quae
1346 2879 1534 2948 necessariae
1545 2878 1676 2947 suntad
1695 2878 1781 2946 hene
1794 2878 1946 2969 beateque

378 3005 578 3092 vivendum5
601 3012 673 3072 tum
692 3006 808 3092 etiam,
824 3014 986 3097 quantum
1003 3005 1216 3096 amajorihus
1232 3004 1430 3095 accepimus,
1445 3004 1542 3072 sacris
1554 3003 1685 3071 Litteris
1701 3002 1906 3095 divinisque,
1918 3011 1947 3071 ct

375 3130 559 3225 apostolicis
574 3133 731 3202 instructa
744 3129 989 3218 traditionibus,
1004 3140 1191 3202 sanctorum
1203 3129 1398 3199 Pontificum
1415 3138 1541 3198 mmata
1552 3128 1794 3216 sanctionibus,
1809 3130 1947 3199 eteonci·

374 3259 496 3329 liorum
513 3258 651 3327 suffulta
662 3256 816 3343 decretis,
832 3265 865 3326 et
881 3257 1016 3327 Petrum
1029 3310 1040 3344 ,
1055 3265 1093 3326 ut
1112 3279 1188 3325 mox
1201 3256 1292 3341 diri,
1315 3257 1516 3325 communita
1527 3254 1702 3341 doctrinis,
1718 3277 1788 3325 non
1801 3256 1897 3324 modo
1912 3256 1945 3322 in

374 3389 523 3474 apertarm
545 3382 683 3473 profert,
698 3403 774 3472 qum
789 3382 1003 3451 sanctioribus
1021 3381 1185 3473 mysteriis
1199 3382 1326 3449 occulta
1337 3381 1457 3467 latent,
1473 3381 1742 3450 ceremoniarum
1760 3380 1846 3448 ritus
1859 3379 1946 3447 ratic

376 3528 500 3598 necque
515 3504 676 3597 explicat,
690 3512 723 3572 et
734 3505 1051 3592 conscientiaecasus,
1064 3506 1124 3597 qui
1140 3504 1289 3573 difficiles
1300 3505 1478 3596 explicatus
1490 3504 1623 3590 habent,
1637 3503 1806 3572 involutos
1818 3501 1944 3583 evolat,

374 3630 527 3699 obscuros
548 3630 669 3721 aperit;
684 3629 748 3699 sed·
757 3628 877 3698 Christi
895 3629 1036 3699 scelestis
1050 3630 1196 3721 magistri
1220 3629 1435 3721 Ecclesiaeque
1452 3629 1652 3714 doctrinam,
1670 3628 1781 3720 quoad
1795 3627 1867 3719 ejus
1880 3627 1944 3695 lieri

375 3760 494 3845 potest,
507 3751 688 3842 disciplinis
700 3752 968 3844 philosophorum
986 3755 1147 3841 illustrat,
1162 3763 1220 3824 aut
1239 3753 1421 3822 confirmat.
1436 3754 1542 3839 Nam,
1557 3762 1596 3822 ut
1609 3753 1686 3822 scite
1698 3752 1812 3822 docuit
1824 3756 1944 3842 Augus-

375 3877 464 3949 tinus
483 3877 705 3946 smetimimus
725 3887 750 3963 ¹,
769 3899 847 3946 vasa
873 3887 1026 3967 argentea
1048 3888 1080 3947 et
1102 3902 1221 3965 aurea,
1245 3887 1427 3968 ceteraque
1453 3877 1687 3969 [Egyptiorum
1714 3878 1942 3959 instrumenta,

376 4001 502 4070 &amn
522 4001 724 4071 commodato
745 4002 981 4094 acceperimus,
996 4002 1072 4094 jure
1099 4004 1194 4096 quasi
1214 4011 1326 4072 nostra
1344 4003 1449 4072 facere
1470 4025 1658 4094 ροεευηιιιε,
1678 4010 1778 4094 atque
1801 4003 1839 4071 in
1856 4022 1943 4070 unam

376 4124 526 4194 fidelium
538 4124 721 4193 vendicare.
737 4125 873 4195 Discunt
886 4126 1028 4217 theologi
1042 4127 1222 4196 scholastici
1237 4150 1257 4195 a
1269 4127 1373 4197 David
1386 4135 1577 4217 extorquere
1590 4126 1630 4196 de
1645 4128 1798 4196 manibus
1809 4126 1943 4195 hostium

377 4248 538 4339 gladium,
554 4257 586 4316 et
597 4248 700 4317 Golia
712 4249 983 4341 importunissimi
998 4250 1100 4319 hostis
1115 4260 1212 4343 caput
1224 4253 1359 4343 proprio
1370 4273 1526 4320 mucrone
1538 4252 1725 4320 abscindere
1738 4257 1763 4317 ¹.
1779 4251 1909 4319 Discunt
1925 4270 1943 4314 a

378 4374 472 4442 heato
480 4373 585 4445 Paulo
603 4373 748 4465 apostolo
761 4374 859 4441 etiam
872 4373 1040 4442 samnitem
1050 4374 1290 4465 inscriptionem
1300 4385 1369 4445 arte
1382 4384 1534 4468 torquere
1547 4376 1584 4444 in
1596 4383 1833 4465 argumentum
1845 4371 1916 4442 fidei
1933 4421 1942 4453 ,

322 4557 326 4566 .
377 4507 410 4568 et
421 4521 498 4591 quae
509 4500 545 4567 in
553 4499 657 4569 alium
669 4521 767 4568 usum
779 4497 898 4589 scripta
907 4507 997 4584 sunt,
1009 4518 1048 4566 ea
1059 4498 1102 4567 ad
1114 4499 1372 4569 emolumentum
1385 4500 1552 4569 catholica
1563 4498 1744 4589 disciplinae
1755 4505 1941 4566 convertere.

421 4623 487 4693 Sed
500 4625 578 4694 nolo
590 4624 754 4716 pluribus,
768 4645 843 4694 cum
856 4646 908 4692 res
922 4623 999 4691 satis
1012 4631 1111 4714 etque
1123 4623 1200 4691 satis
1212 4624 1247 4691 in
1261 4633 1415 4715 promptu
1427 4625 1470 4692 sit
1485 4649 1494 4691 :
1512 4623 1597 4693 iDud
1610 4631 1719 4691 autem
1741 4623 1875 4691 tacitum
1887 4639 1943 4687 non

378 4748 583 4841 relinquam,
603 4749 698 4841 quod
719 4748 762 4817 ad
779 4756 910 4818 caeteras
931 4747 1106 4834 utilitates,
1122 4771 1206 4839 quas
1222 4748 1373 4817 Ecclesiae
1391 4748 1451 4821 Dei
1471 4748 1631 4841 plurimas
1651 4746 1874 4838 maximasque
1892 4744 1944 4811 fet

379 4873 574 4945 scholasticas
597 4873 769 4963 theologie
790 4872 958 4959 studium,
979 4872 1101 4940 accedit
1118 4873 1215 4941 etiam
1238 4873 1314 4955 hoc,
1337 4872 1427 4964 quod
1442 4872 1746 4963 praestantissimum
1773 4878 1843 4957 est,
1867 4864 1942 4960 quod

378 4997 492 5067 doceat
505 5019 581 5065 cum
593 5019 799 5088 propugnare
812 4995 934 5082 fidem,
950 5005 1021 5064 urm
1036 4994 1174 5065 hareses
1185 5018 1385 5087 expugnare.
1406 4996 1557 5065 Sescenti
1568 5048 1579 5082 ,
1592 4995 1647 5064 vel
1659 4994 1769 5088 potius
1790 4988 1941 5065 innumeri

380 5122 487 5214 clypei
498 5145 540 5191 ex
558 5144 597 5190 ea
611 5121 774 5213 pendent,
789 5130 822 5190 et
833 5121 940 5190 omnis
952 5129 1121 5189 armature
1132 5129 1329 5189 sanctorum.
1343 5120 1468 5190 Verum
1479 5172 1488 5207 ,
1500 5120 1570 5212 jam
1588 5119 1778 5189 summatim
1797 5140 1835 5187 ac
1846 5112 1941 5207 paucis
2042 5192 2043 5199 ἵ

383 5267 451 5313 rem
464 5267 595 5313 omnem
608 5248 802 5337 complectar
817 5271 825 5312 :
841 5255 890 5315 est
904 5244 1068 5333 theologia
1088 5244 1296 5332 scholastica,
1319 5268 1395 5337 quae
1408 5253 1475 5313 tam
1489 5246 1666 5336 praeclara,
1685 5253 1724 5313 ut
1737 5243 1826 5329 dixi,
1842 5241 1937 5319 docet,

414 5418 547 5482 ¹hugust.,
561 5416 592 5467 de
605 5418 689 5467 Doctr.
700 5417 797 5481 christ,
811 5417 855 5467 lib.
869 5419 906 5478 ll,
922 5432 945 5469 c.
959 5428 1001 5478 xc,
1016 5430 1043 5464 n.
1056 5418 1094 5466 61.
1104 5443 1135 5453 -
1150 5416 1179 5466 ¹1
1196 5415 1609 5480 ltey,xv11,5t.-⁸Act.,1vu,
1623 5418 1662 5465 23.

415 5526 445 5585 (a)
460 5524 533 5576 Edit.
543 5526 619 5591 Luqd.
634 5525 742 5577 seculis.
