4100 6300
616 400 714 467 bist.
736 401 802 467 llll.
825 403 915 468 Ant.
939 405 964 469 l.
985 402 1134 481 QUAEST.
1158 402 1208 468 IV.
1639 411 1699 471 ers

94 535 274 603 secundam
295 535 453 602 rationem
481 536 695 620 intelligendi;
722 542 755 604 ct
780 540 867 623 quod
921 558 1002 618 sam,
1030 541 1094 604 nisi
1116 539 1249 605 intentio
1275 539 1450 606 voluntatis
1472 542 1610 625 applicet
1629 544 1696 609 vim

94 644 263 728 generatio
283 643 365 723 Filii,
380 643 557 710 ostenditur
576 645 644 711 sic:
664 645 702 710 ln
724 646 867 729 imagine
921 653 1168 731 cognoscentem
1192 648 1252 732 ipsi
1279 648 1488 730 cognoscibili
1497 649 1520 729 ⁸,
1552 653 1589 713 ut
1612 656 1699 733 patet

92 757 203 818 creata
220 753 336 831 sicest,
351 751 437 835 quod
458 752 634 817 secundum
650 753 795 819 ordinem
815 756 865 821 in-
921 756 961 820 de
973 756 1105 820 bomine
1118 759 1215 820 eunte
1230 754 1402 838 perviam,
1422 756 1478 839 qni
1492 775 1568 821 cum
1582 757 1651 836 ivit,
1668 762 1699 823 et

93 860 260 942 telligendi
270 859 358 943 prior
365 862 413 923 cst
421 859 580 925 emanatio
593 862 864 941 notitiaeamente,
921 863 995 927 alibi
1008 863 1171 946 cogitavit,
1184 863 1320 946 perfecte
1330 863 1432 927 nescit
1443 883 1508 946 quo
1522 865 1696 946 transierit,

92 988 197 1052 quam
216 968 344 1045 amoris,
365 968 448 1033 sicut
466 969 538 1033 vult
556 969 775 1052 Augustinus3
791 971 868 1055 quia
921 973 1003 1037 sicut
1022 973 1098 1037 dicit
1119 971 1346 1053 Augustinus⁸
1359 971 1394 1034 in
1406 970 1447 1035 Xl
1461 971 1501 1038 dc
1524 973 1696 1041 mattae.

92 1076 260 1159 incognita
272 1094 339 1141 non
357 1095 529 1159 possumus
542 1077 686 1160 diligere,
699 1079 781 1144 sicut
793 1080 868 1145 dicit
922 1080 1008 1163 Ergo
1018 1079 1168 1146 voluntas
1180 1079 1329 1162 praecedit
1341 1079 1446 1161 ipsam
1456 1080 1695 1162 cognitionem:

92 1185 343 1268 Augustinus1:
367 1203 462 1268 ergo,
484 1187 511 1249 si
537 1187 615 1252 ordo
640 1187 813 1253 attenditur
831 1189 867 1253 in
920 1207 1000 1270 ergo
1012 1207 1103 1253 amor
1115 1187 1257 1253 Verbum
1277 1187 1313 1251 in
1334 1187 1509 1252 creaturis:
1533 1206 1611 1270 crgo
1626 1191 1698 1272 pari

90 1294 240 1377 imagine
253 1294 429 1358 secundum
443 1295 696 1360 conformitatem
709 1295 750 1361 ad
759 1294 867 1360 Trini-
921 1298 1043 1363 ratione
1053 1298 1088 1360 in
1098 1297 1171 1376 lleo,
1179 1297 1292 1361 saltem
1301 1297 1479 1361 secundnm
1486 1296 1695 1363 intellectum.

91 1405 197 1465 tatem
209 1401 399 1480 increatam3
421 1421 500 1485 ergo
517 1403 694 1468 secundnm
712 1401 868 1467 rationem
961 1410 991 1469 3.
1007 1404 1098 1479 ltem,
1113 1404 1195 1469 sicut
1204 1404 1276 1470 vult
1289 1401 1503 1485 Philosophus
1511 1403 1534 1483 ⁶,
1551 1405 1695 1487 primum

91 1508 297 1591 intelligendi
316 1510 404 1592 prior
421 1516 468 1576 est
484 1529 649 1594 processus
661 1511 751 1576 verbi
769 1529 867 1594 quarn
921 1516 954 1577 et
972 1511 1195 1576 immediatum
1212 1513 1261 1576 est
1276 1509 1373 1574 idom.
1394 1508 1483 1575 Unde
1500 1511 1580 1592 ipsc,
1602 1511 1636 1577 in
1656 1513 1697 1577 li-

92 1615 262 1680 amorisin
279 1617 407 1696 divinis,
428 1617 570 1682 maxime
583 1638 658 1682 cum
678 1636 734 1700 per
751 1617 867 1700 imagi-
922 1619 988 1683 bris
1010 1621 1239 1697 Posteriotum,
1264 1616 1424 1681 diffiniens
1447 1618 1697 1701 propositionem

92 1741 176 1786 nem
196 1728 334 1789 creatam
356 1725 575 1808 intelligamus
600 1725 787 1791 Trinitatem
815 1726 869 1789 in-
921 1726 1151 1805 immodiatam,
1165 1725 1240 1789 dicit
1252 1724 1338 1806 quod
1348 1725 1533 1789 immediata
1547 1729 1697 1809 proposi-

94 1834 249 1895 creatam.
922 1834 967 1898 tio
986 1838 1034 1899 est
1052 1833 1121 1911 illa,
1150 1852 1215 1916 qua
1235 1850 1303 1897 non
1321 1835 1369 1896 cst
1390 1831 1489 1896 altera
1512 1833 1610 1916 prior.
1635 1834 1696 1901 Sed

142 1939 229 2017 ltcm,
253 1941 336 2005 sicut
357 1941 427 2007 vult
453 1940 666 2025 Philosophus
673 1943 697 2022 ³,
721 1943 869 2008 voluntas
923 1959 1017 2024 mque
1033 1940 1215 2005 immediate
1230 1937 1367 2022 Spiritus
1384 1945 1512 2005 sanctus
1525 1942 1699 2024 procedito

94 2053 148 2112 est
160 2049 459 2132 annsprincipium
471 2055 519 2115 est
532 2051 567 2115 in
581 2052 649 2134 ipso
660 2056 870 2133 cognoscente
924 2047 1028 2126 Patre,
1048 2052 1085 2111 ut
1108 2047 1229 2111 Filius:
1252 2064 1331 2128 ergo
1352 2064 1445 2130 aeque
1466 2047 1595 2130 primo:
1617 2068 1698 2132 ergo

93 2156 277 2238 singularia
289 2179 297 2221 :
309 2174 388 2239 ergo
398 2158 557 2238 voluntas,
569 2163 605 2224 ut
614 2160 772 2238 voluntas,
787 2178 868 2242 prae·
923 2175 983 2221 nec
994 2157 1172 2221 secundum
1188 2173 1268 2234 rem,
1282 2172 1342 2219 nec
1354 2156 1532 2221 secundum
1542 2155 1698 2223 rationem

94 2266 250 2347 supponit
272 2264 511 2347 cognitionem:
533 2283 612 2349 ergo
634 2265 870 2331 emanationem
923 2263 1121 2346 intelligendi
1144 2263 1307 2346 generatio
1322 2261 1394 2326 Filii
1408 2263 1559 2346 praecedit
1571 2282 1699 2347 proces-

95 2374 193 2438 verbi
206 2374 365 2439 emanatio
377 2376 505 2440 amoris.
924 2370 1047 2435 sionem
1062 2369 1199 2468 Spiritus
1212 2371 1327 2436 sancti.

58 2535 63 2543 .
143 2481 232 2561 ltem,
253 2501 347 2547 omne
368 2484 565 2573 principium·
582 2483 759 2548 secundum
776 2483 870 2548 ratio-
963 2482 994 2542 l.
1009 2478 1100 2558 ltem,
1115 2482 1235 2561 quanto
1248 2478 1368 2561 aliquid
1377 2477 1593 2556 communius,
1609 2481 1699 2545 tanto

16 4346 30 4388 rl
40 4357 85 4401 op·

96 2608 178 2654 nem
196 2590 393 2674 intelligendi
406 2591 496 2675 prius
508 2596 566 2667 est,
581 2609 679 2674 quam
699 2590 871 2674 principia·
925 2585 1015 2667 prius
1030 2589 1077 2649 est
1096 2584 1274 2650 secundum
1291 2584 1447 2650 rationem
1469 2585 1695 2669 intelligendi:

98 2701 195 2761 tum:
229 2698 283 2762 scd
312 2697 412 2763 Filius
440 2703 487 2762 est
516 2699 709 2781 principium
735 2696 872 2779 Spiritus
924 2693 978 2756 sed
989 2693 1120 2775 spiratio
1133 2697 1180 2757 est
1192 2693 1395 2757 communior
1408 2711 1509 2776 quam
1521 2694 1699 2775 generatio,

97 2804 201 2868 sancti
214 2827 221 2868 :
234 2823 313 2886 ergo
322 2806 498 2870 secundum
506 2808 663 2870 rationem
674 2805 871 2886 intelligendi
925 2801 999 2883 quia
1020 2801 1171 2865 convenit
1191 2799 1278 2865 Patri
1298 2803 1329 2864 et
1353 2799 1450 2877 Filio,
1466 2800 1521 2865 sed
1535 2802 1700 2882 generatio

97 2915 225 2994 oportet
241 2912 485 2995 praeintelligere
500 2912 629 2993 Filium,
652 2931 750 2996 quam
770 2914 871 2995 Spiri-
924 2907 983 2971 soli
996 2906 1105 2972 Patri:
1128 2926 1207 2991 ergo
1226 2908 1316 2992 prior
1334 2911 1381 2973 est
1398 2907 1576 2972 secundum
1598 2909 1699 2974 ratio·

97 3021 174 3082 tum
190 3023 354 3084 sanctum:
373 3038 452 3101 ergo
472 3024 504 3092 et
523 3019 775 3102 generationem,
796 3037 871 3104 quae
922 3032 998 3080 nem
1010 3014 1209 3098 intelligendi
1223 3015 1369 3097 spiratio,
1383 3033 1482 3098 quam
1497 3017 1676 3098 generatio.

97 3127 407 3209 estemanatiolilii,
417 3130 613 3214 prinsquam
621 3124 868 3216 processionem,

97 3254 175 3319 quae
189 3241 236 3301 est
249 3235 385 3321 Spiritus
395 3239 505 3303 sancti
1200 3255 1424 3323 conclusio.

92 3343 379 3424 ‚ltem,inomni
390 3350 506 3429 agente
519 3364 576 3430 per
593 3346 727 3411 modum
744 3351 869 3413 naturae
972 3420 976 3433 ⁵
1396 3422 1402 3434 ι
1507 3422 1513 3434 ,
1588 3423 1594 3433 ·
1670 3423 1675 3433 ¹

97 3454 132 3516 et
145 3451 330 3531 voluntatis,
344 3453 509 3535 productio
522 3470 579 3536 per
594 3453 726 3518 modum
744 3458 869 3520 naturae
923 3422 1065 3527 amu?
1077 3423 1165 3525 Filii,
1179 3419 1321 3524 &mum
1343 3424 1478 3564 ’ΨΜ
1490 3418 1694 3564 'Intellectum

97 3561 291 3644 intelligitur
316 3566 389 3627 ante
412 3563 652 3646 productionem
674 3562 867 3630 voluntatis:
957 3513 1698 3675 {gfflsffifflfffiffmmmmm

98 3686 192 3751 ergo,
202 3687 278 3733 cum
289 3669 380 3734 Pater
390 3670 432 3734 sit
443 3675 557 3736 natura
567 3671 788 3736 intellectualis
798 3690 871 3755 pro·

98 3777 221 3842 ducens
233 3777 353 3843 Filium
365 3779 604 3844 connaturalem
619 3784 651 3844 et
666 3799 722 3863 per
737 3781 870 3846 modum
964 3774 1056 3858 Resp.
1073 3775 1114 3840 ad
1133 3774 1213 3855 Arg.
1228 3771 1404 3839 Dicendum
1424 3772 1526 3856 qnod,
1542 3772 1699 3856 quidquid

97 3891 242 3964 naturae,
265 3890 297 3952 et
315 3887 470 3971 Spiritum
488 3892 634 3953 sanctum
657 3908 714 3972 per
736 3889 869 3953 modum
923 3883 963 3947 sit
986 3884 1025 3948 de
1051 3881 1164 3946 ordine
1184 3881 1282 3957 reali,
1307 3881 1346 3945 de
1366 3898 1432 3964 quo
1449 3880 1534 3945 infra
1558 3880 1698 3960 dicetur,

98 3993 285 4073 voluntatis,
300 3998 338 4059 ut
351 4013 449 4079 supra
460 3999 581 4060 tactum
597 4000 661 4074 est;
682 4015 761 4078 ergo
781 4015 870 4061 ema·
923 3991 1100 4055 secundum
1128 3989 1287 4052 rationem
1312 3987 1513 4069 intelligendi
1541 3987 1629 4070 prior
1653 3994 1701 4055 cst

99 4104 189 4167 natio
200 4103 274 4168 Filii
285 4105 373 4188 prior
384 4110 442 4185 est,
458 4105 635 4169 secundum
648 4104 805 4169 rationem
819 4106 868 4169 in·
923 4098 1081 4163 emanatio
1094 4095 1190 4161 Verbi
1205 4115 1214 4156 t
1228 4099 1299 4159 tum
1319 4094 1395 4178 quia
1410 4091 1552 4159 Verbum
1565 4097 1612 4158 cst
1625 4092 1700 4177 Spi-

99 4210 277 4293 telligendi,
292 4193 490 4276 emanatione
503 4211 638 4295 Spiritus
648 4213 759 4276 sancti.
923 4207 1005 4271 ritus
1029 4203 1129 4269 sancti
1157 4203 1368 4286 principium;
1399 4201 1593 4266 tumeliam
1621 4202 1700 4285 quia

142 4317 276 4384 Contra:
301 4324 331 4383 l.
352 4318 413 4384 Per
424 4319 687 4401 Angustinum⁸:
713 4318 870 4384 «Portum
923 4313 1065 4380 Verbum
1085 4311 1226 4395 procedit
1246 4328 1303 4392 per
1319 4309 1454 4374 modum
1471 4313 1619 4388 naturas,
1643 4309 1698 4374 sed

102 4427 220 4491 mentis
240 4426 387 4509 praecedit
408 4426 568 4509 appetitus
585 4426 728 4509 quidam,
750 4444 816 4508 quo
837 4425 870 4492 id
923 4420 1062 4505 Spiritus
1070 4422 1198 4484 sanctus
1208 4436 1266 4501 per
1280 4418 1415 4482 modum
1428 4417 1566 4482 liberalis
1577 4417 1700 4483 volun-

101 4534 188 4618 quod
199 4551 292 4599 nosse
299 4534 450 4600 volumus
459 4535 631 4616 quaerendo
639 4533 870 4598 etinvenicndo
921 4529 1013 4608 tatis;
1026 4532 1097 4593 tum
1116 4528 1214 4592 etiam
1235 4525 1311 4609 qnia
1332 4524 1542 4607 intelligimus
1562 4544 1697 4590 emana-

101 4642 245 4706 nascitur
263 4640 367 4724 proles
379 4640 449 4724 ipsa
461 4641 593 4706 notitia:
607 4662 623 4700 ιι
640 4659 719 4722 ergo
732 4645 806 4705 ante
823 4644 871 4725 est
922 4637 1024 4700 tiones
1037 4636 1073 4699 in
1085 4634 1228 4718 personis
1245 4651 1302 4716 per
1320 4633 1537 4698 emanationes
1553 4636 1695 4715 repertas

101 4750 138 4813 in
151 4748 293 4832 imagine
306 4753 409 4814 creata
420 4748 588 4832 appetitus,
602 4768 701 4832 quam
714 4748 755 4811 sit
767 4749 871 4831 proles
923 4744 956 4807 in
970 4744 1112 4826 imagine
1129 4765 1136 4806 ε
1153 4743 1188 4805 in
1200 4740 1342 4823 imagine
1353 4745 1462 4805 antem
1477 4744 1599 4804 constet
1609 4741 1700 4823 quod

101 4859 235 4922 nolitia:
260 4876 339 4941 ergo
363 4862 438 4922 ante
459 4877 562 4937 amor,
591 4876 690 4941 quam
711 4858 868 4923 verbum:
923 4852 1065 4934 cognitio
1079 4854 1110 4915 et
1122 4849 1333 4931 intelligentia
1343 4847 1493 4930 praecedit
1505 4864 1649 4911 amorem
1664 4849 1696 4910 et

103 4985 183 5050 ergo
196 4971 227 5031 et
239 4965 395 5049 processio
408 4969 482 5031 ante
494 4966 745 5048 generationem.
923 4962 1133 5028 voluntatem.
1149 4956 1220 5023 Non
1233 4962 1341 5022 tamen
1355 4955 1429 5021 volo
1440 4955 1544 5020 dicere
1564 4955 1649 5037 quod
1663 4953 1700 5018 in

143 5078 174 5137 2.
189 5072 280 5151 ltem,
298 5073 407 5138 nullus
421 5073 533 5138 videns
550 5091 621 5136 rem
640 5070 802 5154 cognoscit
817 5072 870 5154 ip·
923 5068 1041 5132 divinis
1058 5068 1099 5132 sit
1115 5067 1274 5132 emanatio
1292 5068 1409 5130 natura
1428 5064 1583 5147 posterior
1610 5080 1700 5126 ema-

925 5176 1070 5254 natione,
1085 5175 1167 5239 sicut
1182 5173 1360 5258 reperimus
1372 5173 1407 5235 in
1419 5171 1564 5254 imagine
1579 5174 1696 5235 creata.

136 5270 145 5306 ¹
160 5270 277 5335 August,
289 5267 319 5319 de
329 5269 429 5328 llicit,
439 5267 483 5320 lib.
494 5271 531 5333 X,
545 5284 568 5320 c.
579 5280 598 5335 1,
613 5283 641 5319 n.
652 5274 708 5319 l.-
719 5269 729 5300 ²
741 5268 828 5332 Arist,
841 5266 872 5318 de
1626 5331 1632 5344 ι

105 5342 192 5393 ltotib.
202 5340 485 5406 animat-umam„
497 5341 528 5391 dc
537 5341 613 5402 Tria,
627 5341 673 5390 lib.
686 5342 732 5405 itt,
746 5356 769 5391 c.
781 5353 828 5405 ιιι,
843 5354 870 5390 ιι.
926 5338 1004 5398 Tria,
1014 5337 1060 5387 lib.
1072 5339 1116 5402 lll,
1131 5347 1262 5400 c.r1n,n.
1275 5334 1371 5397 ¹5·l-‘
1380 5333 1601 5398 amnt.,rcster.
1614 5332 1661 5383 lrb.
1676 5332 1697 5396 l,

106 5411 872 5478 lb.-⁸Artst.‚deSeacuetSemato.—⁸Angust,dc
929 5411 1049 5461 cont-13.
