4100 6300
390 493 451 554 202
962 480 1275 549 sententialiter
1301 480 1375 546 LlB.
1394 480 1419 546 l.

431 624 532 704 ltem,
556 626 659 706 major
678 621 874 705 germanitas
893 620 1158 700 atiniarum,
1215 621 1296 701 pato
1314 617 1354 684 dc
1378 616 1601 698 mamper.
1617 611 1941 696 Exquoarssuitrrsict

391 732 519 817 quando
539 749 625 796 unus
646 729 786 813 procedit
800 729 841 792 ab
860 727 960 792 altero
983 731 1015 791 et
1034 728 1161 792 ambos
1215 726 1366 810 Quisquis
1389 729 1436 790 est
1458 743 1554 790 omne
1578 723 1665 807 quod
1677 722 1796 799 hana,
1820 725 1861 784 ed
1877 739 1942 785 orne

391 841 496 918 tertio,
510 856 607 922 quam
623 838 650 899 si
665 854 751 900 unus
762 834 843 898 nihil
856 834 971 899 habeat
983 834 1024 898 ab
1039 834 1157 914 altero,
1215 834 1302 918 quod
1318 834 1452 915 accipit:
1470 832 1523 895 sed
1540 830 1677 914 Spiritus
1697 832 1840 903 sanctim,
1853 830 1942 892 camd

391 948 462 1011 haec
474 951 522 1011 est
533 963 590 1028 per
604 963 637 1008 se
649 948 724 1007 nota
740 965 747 1007 :
764 960 843 1023 ergo
852 942 878 1005 si
886 941 1023 1024 Spiritus
1033 946 1161 1006 sanctus
1216 940 1298 1005 Deus
1311 959 1438 1005 summe
1451 938 1599 1022 simplex,
1612 942 1660 1002 est
1670 953 1767 1000 omne
1777 935 1941 1017 quodhalet:

392 1073 455 1118 non
470 1058 549 1118 esta
563 1053 654 1131 Filio,
669 1070 728 1116 nec
743 1067 938 1129 econverso,
954 1055 1074 1114 necest
1088 1069 1160 1133 per·
1216 1065 1294 1129 ergo
1318 1066 1416 1112 omne
1442 1047 1529 1130 qnod
1549 1045 1661 1127 accipit
1679 1066 1687 1107 ε
1707 1061 1806 1124 crgo,
1826 1042 1850 1105 si
1867 1043 1943 1126 scripit

391 1162 470 1224 lecta
494 1161 591 1225 unio:
606 1177 686 1241 crgo
703 1177 762 1223 nec
774 1177 923 1238 summa,
945 1176 1005 1224 nec
1025 1160 1162 1243 perlecta
1216 1156 1336 1238 aliquid
1356 1156 1396 1219 ab
1422 1155 1540 1237 aliquo,
1567 1153 1680 1235 accipit
1701 1168 1770 1216 esse
1786 1150 1857 1214 :sed
1872 1170 1887 1213 r
1902 1169 1944 1231 qm

392 1268 564 1333 beatitudo.
1216 1263 1329 1345 accipit
1342 1280 1420 1340 csse,
1435 1263 1476 1324 ab
1489 1260 1545 1325 illo
1557 1260 1722 1344 procedit:
1739 1257 1944 1340 ergastulari

433 1375 531 1456 ltem,
546 1374 713 1457 perfectior
729 1377 776 1437 est
789 1373 950 1456 expressio
966 1373 1094 1456 quando
1108 1392 1162 1454 gc·
1216 1370 1329 1452 accipit
1341 1388 1360 1434 a
1373 1368 1463 1446 Filio,
1481 1367 1621 1452 procedit
1634 1387 1654 1430 a
1666 1366 1760 1430 Filio.

393 1501 509 1547 ncrans
520 1482 735 1546 communicat
747 1481 857 1562 genito
869 1498 934 1544 non
943 1484 1070 1544 tantum
1083 1482 1174 1544 sub-¹
1259 1477 1292 1541 Si
1305 1478 1391 1542 dicas
1403 1477 1491 1559 quod
1504 1477 1648 1558 occipere
1664 1474 1757 1552 illud,
1772 1477 1818 1538 est
1828 1477 1945 1556 ternpore

392 1590 559 1666 stantiam,
573 1589 626 1652 sed
641 1589 738 1652 etiam
758 1593 865 1652 actum
884 1589 941 1670 qui
957 1593 1083 1652 naturae
1102 1606 1162 1669 ge·
1218 1584 1308 1664 liter;
1323 1589 1400 1648 tunc
1415 1586 1566 1666 objicitur
1576 1600 1617 1647 ex
1630 1584 1701 1661 hoc,
1711 1582 1790 1664 quia
1803 1581 1946 1663 omucqmd

392 1697 452 1762 niti
474 1714 541 1759 non
561 1699 723 1778 repugnat
738 1718 745 1759 :
761 1696 815 1760 sed
828 1699 917 1759 actrrs
936 1695 1076 1777 spirandi
1098 1713 1164 1758 uon
1218 1691 1432 1774 temporaliter
1445 1692 1559 1775 accipit
1577 1690 1699 1773 adquiri
1719 1689 1762 1753 ab
1775 1689 1947 1771 aliquem

392 1808 552 1886 repugnat
564 1804 573 1839 ¹
587 1802 680 1878 Filio,
696 1802 772 1885 quia
784 1801 912 1866 nullum
924 1820 963 1865 ex
978 1802 1039 1866 hoc
1052 1803 1165 1865 incon·
1218 1803 1313 1879 tatur,
1327 1804 1386 1865 etc.

394 1910 527 1975 veniens
544 1911 708 1992 sequitur,
723 1909 750 1973 si
764 1911 863 1993 spiret
883 1931 890 1973 ι
909 1927 1005 1991 ergo,
1027 1909 1054 1972 si
1073 1908 1166 1973 Pater
1491 1934 1719 2003 CONCLUSIO·

394 2018 481 2081 hunc
493 2022 601 2080 actum
616 2017 647 2081 ei
662 2035 729 2081 non
742 2017 969 2096 communicat,
985 2016 1086 2080 Filius
1098 2034 1166 2080 non

395 2128 443 2190 est
456 2125 593 2207 perlecta
605 2125 726 2206 imago.

279 2259 376 2302 luaoe.
436 2232 516 2295 ltem
527 2233 588 2295 hoc
596 2232 705 2313 ipsum
717 2230 895 2295 ostenditur
905 2231 1163 2310 auctoritatibus3
1260 2230 1677 2314 Resp.adllrg.llicendum
1686 2229 1786 2312 quod,
1794 2229 1947 2292 dertosae

277 2327 382 2440 m?
396 2343 428 2402 et
447 2340 552 2422 primo
572 2339 757 2403 auctoritate
771 2338 957 2421 Apostoli’:
975 2339 1070 2405 Misit
1083 2340 1167 2405 Deus
1220 2358 1295 2403 sum
1319 2343 1367 2403 est
1383 2337 1623 2403 auctoritatibus
1644 2341 1677 2401 et
1700 2337 1884 2411 rationibus,
1901 2336 1947 2397 fida'

279 2446 383 2490 imit*
398 2447 556 2528 Spiritum
570 2446 650 2512 riti
661 2447 725 2524 sui,
740 2448 799 2510 etc.
814 2444 900 2527 Ergo
910 2464 986 2510 cum
999 2445 1093 2510 Pater
1102 2465 1167 2511 non
1221 2447 1339 2511 veritas
1350 2451 1415 2522 est,
1428 2446 1516 2528 quod
1528 2444 1667 2528 Spiritus
1680 2449 1810 2508 sanctus
1820 2441 1947 2526 procedis

397 2555 503 2617 mittat
516 2551 672 2636 Spiritum
690 2554 752 2617 niel
765 2552 855 2630 Filii,
868 2554 951 2617 idem
966 2558 1014 2618 est
1028 2552 1168 2636 Spiritus
1222 2552 1313 2618 Patre
1331 2557 1364 2617 et
1385 2552 1465 2617 Filio
1486 2554 1508 2616 ⁸.
1539 2552 1587 2616 Ad
1616 2551 1856 2634 intelligentiam
1874 2553 1947 2613 ared

399 2659 630 2726 Patrisetrilii
646 2682 654 2724 ι
671 2660 727 2725 sed
744 2662 815 2742 ejus
837 2664 885 2725 est
905 2660 1042 2743 Spiritus
1063 2679 1083 2724 a
1102 2679 1168 2743 quo
1222 2661 1446 2726 controversie
1472 2660 1658 2724 Latinorum
1686 2663 1719 2723 et
1740 2658 1947 2733 Graecorumel

397 2767 540 2851 pmcedit
561 2790 568 2833 :
588 2785 667 2850 ergo
686 2767 822 2850 Spiritus
843 2767 1013 2850 procedite
1028 2768 1120 2833 Patre
1137 2771 1170 2832 et
1222 2769 1357 2851 originis
1377 2768 1414 2852 (bl
1430 2770 1519 2849 ejus,
1534 2766 1714 2831 notandum
1734 2770 1782 2830 est
1803 2765 1876 2848 quod
1896 2765 1948 2828 dra

399 2874 492 2939 Filio.
1223 2876 1455 2959 processionem
1468 2873 1606 2956 Spiritus
1617 2873 1721 2937 sancti
1733 2872 1773 2938 de
1782 2871 1948 2937 Filioastdm

440 2981 474 3046 Si
493 2983 578 3047 dicas
592 2983 678 3065 quod
691 3000 758 3047 non
772 2983 927 3066 sequitur,
948 2983 1024 3066 quia
1039 3001 1105 3047 non
1119 2983 1170 3046 di·
1223 2985 1436 3063 considerare,
1451 2982 1569 3047 scilicet
1580 2982 1709 3046 articuli
1721 2981 1947 3064 mgmdouana*

400 3090 484 3154 citur
496 3089 578 3166 Filii,
594 3092 670 3173 quia
681 3092 819 3175 procedit
834 3091 955 3172 sFilio,
970 3091 1024 3156 sed
1037 3091 1171 3175 quiaest
1223 3092 1367 3176 ejusdem
1395 3089 1515 3173 cogniti
1542 3088 1775 3173 professionem
1799 3107 1809 3152 t
1829 3090 1859 3152 in
1879 3088 1948 3170 prim

400 3199 436 3261 in
446 3197 543 3278 Filio;
559 3217 638 3280 crgo
648 3200 759 3264 eadem
771 3201 914 3279 ratione,
928 3218 1003 3263 cum
1016 3199 1119 3263 Filius
1131 3200 1171 3264 sit
1224 3207 1293 3266 orta
1318 3205 1365 3265 est
1393 3198 1593 3276 differentia3
1617 3198 1653 3261 in
1683 3198 1839 3274 secundo,
1861 3201 1947 3261 mato

400 3305 435 3369 in
450 3303 570 3387 Spiritu
583 3312 691 3372 sancto
702 3356 711 3384 ,
724 3312 826 3391 potest
843 3307 905 3372 dici
919 3306 1018 3372 Filius
1032 3306 1172 3390 Spiritus
1223 3308 1338 3374 versia.

400 3414 513 3478 sancti.
1265 3415 1411 3497 Cognitio
1423 3418 1533 3479 autem
1546 3413 1647 3496 hujus
1663 3413 1793 3478 articuli
1808 3412 1947 3477 larana

383 3573 389 3586 ·
440 3520 520 3584 stem
541 3540 599 3604 W
621 3521 775 3587 J⁰³¹¹¹¹effl
794 3524 830 3587 ¹³
857 3524 951 3597 Quem
969 3540 1022 3607 epo
1044 3526 1172 3591 mittam
1225 3528 1297 3587 tum
1310 3520 1946 3605 habetaScriptura,proiectumvelirac
2001 3589 2002 3614 ἶ

400 3629 489 3695 velim
513 3629 672 3710 Spiritum
695 3631 853 3697 veritatis.
875 3630 924 3694 Ex
940 3631 1010 3695 hoe
1023 3631 1173 3713 arguitur
1226 3636 1372 3696 mentum
1393 3649 1414 3694 a
1434 3630 1576 3706 radone,
1598 3630 1654 3693 sed
1680 3629 1947 3695 mnservatonear
2001 3631 2002 3678 l

1264 2085 1387 2157 Spiritus
1400 2088 1509 2140 scaena
1524 2082 1643 2156 prooedit
1656 2099 1675 2135 o
1690 2082 1776 2137 Putre
1794 2081 1919 2137 dalila
2003 2118 2004 2135 l

401 3737 465 3799 sic:
480 3734 594 3800 Nullus
614 3737 711 3801 mittit
729 3738 841 3817 alium,
856 3738 920 3801 uisi
931 3738 1048 3803 habeat
1061 3744 1171 3802 aucto·
1226 3738 1430 3808 revelatione.
1452 3735 1489 3800 ln
1504 3734 1679 3818 Scripturas
1697 3737 1872 3802 auctoritate
1883 3730 1946 3796 tired

401 3842 529 3907 ritatem
552 3863 650 3925 supra
669 3845 763 3909 illurn
785 3867 792 3908 :
815 3845 925 3909 nullus
949 3825 1057 3910 autem
1079 3845 1174 3909 habet
1227 3852 1258 3912 et
1279 3846 1381 3910 Latini
1403 3845 1616 3923 conveniunt,
1641 3864 1720 3926 quae
1743 3846 1817 3909 dicit
1839 3841 1946 3926 Spiritus

402 3950 624 4015 auctoritatem
642 3971 740 4035 snpra
757 3953 873 4028 alium,
893 3953 956 4015 nisi
976 3952 1097 4034 aliquid
1114 3953 1173 4015 tri-
1228 3959 1373 4019 sanetum
1394 3972 1461 4018 esse
1479 3951 1568 4027 Filii,
1583 3959 1616 4015 et
1634 3952 1721 4016 mitti
1739 3972 1756 4016 a
1776 3952 1858 4030 Filio,
1875 3944 1945 4012 sair

401 4058 482 4121 hunt
507 4059 537 4122 ei
560 4080 568 4122 ε
598 4059 653 4123 sed
675 4059 763 4124 nulla
789 4078 926 4142 persona
955 4060 1090 4136 tribuit,
1114 4059 1176 4123 nisi
1228 4063 1351 4127 ratione
1370 4065 1403 4126 et
1421 4060 1613 4125 revelatione
1633 4059 1796 4124 ditl'errmt
1818 4059 1849 4121 ln
1865 4055 1946 4119 utor

401 4165 488 4246 quod
508 4167 547 4247 (o)
567 4167 607 4229 ab
627 4167 696 4248 ipsa
716 4168 865 4250 procedat
886 4190 894 4230 ι
917 4185 996 4249 crgo
1019 4186 1039 4232 a
1059 4167 1173 4249 primo,
1228 4169 1360 4252 quidem
1387 4167 1584 4250 intelligendi
1607 4186 1616 4230 τ
1637 4185 1716 4231 nam
1742 4187 1813 4231 cum
1832 4163 1947 4244 Scriptis

402 4271 539 4355 Spiritus
555 4278 683 4338 sanctus
695 4274 864 4356 procedite
880 4273 970 4339 Filio.
1229 4278 1312 4342 dicat
1344 4276 1499 4360 Spiritum
1521 4279 1666 4338 sanctum
1689 4275 1863 4358 procedam,
1882 4265 1946 4332 drot
1999 4353 2000 4370 χ

443 4380 476 4443 Si
495 4379 582 4444 dicas
604 4382 689 4462 quod
714 4400 734 4445 a
758 4381 837 4447 Filio
860 4383 1000 4447 mittitur
1024 4402 1067 4448 ex
1091 4389 1176 4449 tem·
1230 4385 1269 4449 ad
1303 4383 1547 4465 intelligendum
1572 4382 1625 4446 usi
1654 4388 1733 4446 sunt
1760 4382 1818 4447 alio
1841 4377 1945 4443 modos

402 4505 496 4570 pore,
512 4491 543 4552 et
559 4506 599 4552 ex
617 4493 759 4572 tempore
783 4490 939 4572 procedit;
963 4495 1099 4556 contra:
1123 4492 1177 4556 Fi·
1231 4491 1294 4556 alia
1322 4491 1528 4555 similitudine
1566 4490 1793 4573 processionis,
1813 4488 1865 4552 alia
1885 4479 1944 4546 nsit

401 4595 465 4659 lius
498 4612 565 4659 non
591 4596 662 4660 ideo
696 4596 792 4661 habet
823 4597 1073 4676 auctoritatem,
1096 4600 1174 4682 quia
1231 4598 1343 4662 Latini.
1361 4596 1443 4662 Nem
1456 4615 1532 4661 cum
1547 4598 1706 4680 processio
1726 4593 1945 4662 dicaturinsa·
1999 4581 2000 4584 '

404 4702 520 4782 mittit;
538 4705 593 4769 sed
612 4704 683 4770 ideo
706 4705 821 4784 mittit,
844 4706 921 4788 quia
946 4705 1045 4771 habet
1066 4710 1176 4770 aucto·
1231 4706 1313 4770 turis
1334 4711 1441 4770 motus
1470 4705 1579 4769 localis
1606 4705 1646 4768 ab
1673 4724 1741 4770 uno
1764 4706 1795 4768 in
1818 4697 1943 4773 ultuma

406 4812 534 4876 ritatem
563 4830 573 4874 ε
598 4830 679 4894 ergo
711 4816 786 4876 ante
813 4814 909 4877 habet
937 4814 1176 4892 auctoritatem,
1232 4813 1355 4878 dicatur
1374 4817 1481 4878 motus
1494 4812 1629 4877 causalis
1646 4813 1745 4877 unius
1758 4830 1796 4875 ex
1806 4809 1867 4884 alio,
1877 4797 1942 4867 tired
1998 4813 1999 4816 ’

409 4936 508 5001 quam
526 4919 631 4985 mittat
645 4920 862 5003 temporaliter
881 4940 890 4985 ε
914 4939 993 5003 ergo
1006 4925 1178 5004 antequem
1232 4919 1457 4984 intellexerunt
1477 4919 1712 5001 processionem
1726 4919 1822 5001 primo
1833 4902 1941 4985 meent

407 5023 511 5087 mittat
541 5024 781 5106 temporaliter,
805 5043 932 5089 necesse
951 5029 999 5089 est
1022 5024 1179 5109 Spiritum
1233 5046 1300 5092 uno
1321 5028 1356 5091 in
1375 5027 1492 5105 alium;
1506 5025 1610 5092 Latini
1632 5046 1710 5092 vero
1728 5024 1851 5092 meando
1866 5013 1940 5081 n⁰l⁰³

407 5133 553 5193 sanctum
572 5132 772 5212 procederes
785 5131 867 5197 Filio
880 5151 981 5215 tergo,
998 5138 1058 5198 etc.
1233 5136 1314 5199 etin
1336 5135 1399 5199 hoc
1415 5135 1528 5199 melius
1545 5135 1771 5201 intellexerunt
1786 5129 1869 5197 latini
1879 5135 1940 5207 qun
1998 5077 1999 5160 1

447 5236 525 5302 ltem
543 5257 601 5322 per
617 5239 773 5305 loannem
786 5241 798 5276 ⁸
812 5264 819 5306 :
834 5240 891 5308 Ille
910 5258 958 5309 mc
975 5241 1179 5324 clorificabit,

1236 5300 1275 5349 tt.
1286 5323 1317 5335 -
1329 5298 1340 5332 ⁸
1350 5297 1443 5348 Omnia
1455 5297 1509 5348 tere
1526 5310 1557 5347 ex
1579 5296 1667 5348 llens.
1680 5296 1714 5348 dc
1726 5294 1790 5358 Ales,
1801 5307 1824 5358 p·
1834 5292 1855 5353 Ι,
1865 5287 1938 5352 iffi*

441 5402 516 5453 ¹lloc
526 5403 589 5455 dicit
600 5409 800 5468 propterrctom
809 5407 1015 5473 generandi„qui
1028 5407 1092 5459 Filio
1101 5421 1179 5473 repn-
1235 5370 1332 5421 memh'
1342 5372 1368 5421 ⁴⁹

408 5474 965 5545 goat-²Galaa,1v,o.-⁸Jom.,xv,ro.
976 5480 1179 5544 -*1m.‚xu,
1266 5475 1302 5541 (a)
1315 5476 1376 5528 Cat.
1390 5476 1521 5529 edomet
1531 5460 1937 5543 quodoriginsmrlllltfflffl
1997 5523 1998 5568 ,
