<?xml version="1.0" encoding="UTF-8"?>
<!DOCTYPE html PUBLIC "-//W3C//DTD XHTML 1.0 Transitional//EN"
    "http://www.w3.org/TR/xhtml1/DTD/xhtml1-transitional.dtd">
<html xmlns="http://www.w3.org/1999/xhtml" xml:lang="en" lang="en">
 <head>
  <title>
</title>
<meta http-equiv="Content-Type" content="text/html;charset=utf-8" />
  <meta name='ocr-system' content='tesseract 3.04.00' />
  <meta name='ocr-capabilities' content='ocr_page ocr_carea ocr_par ocr_line ocrx_word'/>
</head>
<body>
  <div class='ocr_page' id='page_1' title='image "./srecardinalissb00peltgoog_0527.png"; bbox 0 0 4100 6300; ppageno 0'>
   <div class='ocr_carea' id='block_1_1' title="bbox 730 524 1672 593">
    <p class='ocr_par' dir='ltr' id='par_1_1' title="bbox 730 524 1672 593">
     <span class='ocr_line' id='line_1_1' title="bbox 730 524 1672 593; baseline -0.001 -3"><span class='ocrx_word' id='word_1_1' title='bbox 730 524 920 593; x_wconf 77' lang='lat' dir='ltr'>lllS&#39;l&#39;lNGT.</span> <span class='ocrx_word' id='word_1_2' title='bbox 942 525 1007 591; x_wconf 81' lang='lat' dir='ltr'>XX.</span> <span class='ocrx_word' id='word_1_3' title='bbox 1615 530 1672 590; x_wconf 72' lang='lat' dir='ltr'>dli</span> 
     </span>
    </p>
   </div>
   <div class='ocr_carea' id='block_1_2' title="bbox 79 658 1806 4280">
    <p class='ocr_par' dir='ltr' id='par_1_2' title="bbox 90 658 1678 747">
     <span class='ocr_line' id='line_1_2' title="bbox 90 658 1678 747; baseline -0.004 -15"><span class='ocrx_word' id='word_1_4' title='bbox 90 671 132 732; x_wconf 87' lang='lat' dir='ltr'>est</span> <span class='ocrx_word' id='word_1_5' title='bbox 141 665 183 730; x_wconf 87' lang='lat' dir='ltr'>ihi</span> <span class='ocrx_word' id='word_1_6' title='bbox 192 678 251 747; x_wconf 81' lang='lat' dir='ltr'>quo</span> <span class='ocrx_word' id='word_1_7' title='bbox 261 668 319 743; x_wconf 80' lang='lat' dir='ltr'>eat,</span> <span class='ocrx_word' id='word_1_8' title='bbox 332 667 364 727; x_wconf 86' lang='lat' dir='ltr'>et</span> <span class='ocrx_word' id='word_1_9' title='bbox 377 662 462 746; x_wconf 74' lang='lat' dir='ltr'>quod</span> <span class='ocrx_word' id='word_1_10' title='bbox 470 667 527 742; x_wconf 81' lang='lat' dir='ltr'>eet,</span> <span class='ocrx_word' id='word_1_11' title='bbox 540 664 698 744; x_wconf 85' lang='lat' dir='ltr'>quantum</span> <span class='ocrx_word' id='word_1_12' title='bbox 707 679 748 725; x_wconf 82' lang='lat' dir='ltr'>ex</span> <span class='ocrx_word' id='word_1_13' title='bbox 758 664 848 744; x_wconf 84' lang='lat' dir='ltr'>parte</span> <span class='ocrx_word' id='word_1_14' title='bbox 942 666 973 727; x_wconf 73' lang='lat' dir='ltr'>t.</span> <span class='ocrx_word' id='word_1_15' title='bbox 993 661 1043 726; x_wconf 82' lang='lat' dir='ltr'>Ad</span> <span class='ocrx_word' id='word_1_16' title='bbox 1064 661 1144 727; x_wconf 89' lang='lat' dir='ltr'>illud</span> <span class='ocrx_word' id='word_1_17' title='bbox 1161 660 1247 744; x_wconf 83' lang='lat' dir='ltr'>quod</span> <span class='ocrx_word' id='word_1_18' title='bbox 1265 658 1404 725; x_wconf 69' lang='lat' dir='ltr'>mcundo</span> <span class='ocrx_word' id='word_1_19' title='bbox 1417 658 1575 742; x_wconf 84' lang='lat' dir='ltr'>objicitur,</span> <span class='ocrx_word' id='word_1_20' title='bbox 1590 660 1678 743; x_wconf 83' lang='lat' dir='ltr'>quod</span> 
     </span>
    </p>

    <p class='ocr_par' dir='ltr' id='par_1_3' title="bbox 87 766 1679 1391">
     <span class='ocr_line' id='line_1_3' title="bbox 90 766 1677 852; baseline -0.004 -14"><span class='ocrx_word' id='word_1_21' title='bbox 90 773 142 838; x_wconf 85' lang='lat' dir='ltr'>rei.</span> <span class='ocrx_word' id='word_1_22' title='bbox 155 770 193 835; x_wconf 87' lang='lat' dir='ltr'>Et</span> <span class='ocrx_word' id='word_1_23' title='bbox 205 771 276 835; x_wconf 92' lang='lat' dir='ltr'>ideo</span> <span class='ocrx_word' id='word_1_24' title='bbox 291 769 373 834; x_wconf 82' lang='lat' dir='ltr'>sieut</span> <span class='ocrx_word' id='word_1_25' title='bbox 386 784 448 852; x_wconf 81' lang='lat' dir='ltr'>quo</span> <span class='ocrx_word' id='word_1_26' title='bbox 462 776 511 835; x_wconf 81' lang='lat' dir='ltr'>eat</span> <span class='ocrx_word' id='word_1_27' title='bbox 523 771 571 832; x_wconf 88' lang='lat' dir='ltr'>est</span> <span class='ocrx_word' id='word_1_28' title='bbox 583 766 849 832; x_wconf 67' lang='lat' dir='ltr'>communicabile</span> <span class='ocrx_word' id='word_1_29' title='bbox 902 787 1040 834; x_wconf 89' lang='lat' dir='ltr'>numero</span> <span class='ocrx_word' id='word_1_30' title='bbox 1060 769 1212 834; x_wconf 88' lang='lat' dir='ltr'>differunt</span> <span class='ocrx_word' id='word_1_31' title='bbox 1229 785 1267 832; x_wconf 89' lang='lat' dir='ltr'>ea</span> <span class='ocrx_word' id='word_1_32' title='bbox 1280 785 1354 850; x_wconf 80' lang='lat' dir='ltr'>quae</span> <span class='ocrx_word' id='word_1_33' title='bbox 1369 769 1602 845; x_wconf 88' lang='lat' dir='ltr'>numerantur;</span> <span class='ocrx_word' id='word_1_34' title='bbox 1623 767 1677 832; x_wconf 92' lang='lat' dir='ltr'>di·</span> 
     </span>
     <span class='ocr_line' id='line_1_4' title="bbox 89 874 1678 963; baseline -0.003 -20"><span class='ocrx_word' id='word_1_35' title='bbox 89 878 239 963; x_wconf 78' lang='lat' dir='ltr'>pluribus,</span> <span class='ocrx_word' id='word_1_36' title='bbox 265 877 414 960; x_wconf 89' lang='lat' dir='ltr'>quamvis</span> <span class='ocrx_word' id='word_1_37' title='bbox 436 894 503 940; x_wconf 93' lang='lat' dir='ltr'>non</span> <span class='ocrx_word' id='word_1_38' title='bbox 529 874 778 957; x_wconf 83' lang='lat' dir='ltr'>multiplicabile,</span> <span class='ocrx_word' id='word_1_39' title='bbox 805 875 850 938; x_wconf 89' lang='lat' dir='ltr'>ita</span> <span class='ocrx_word' id='word_1_40' title='bbox 902 876 1041 941; x_wconf 90' lang='lat' dir='ltr'>cendum</span> <span class='ocrx_word' id='word_1_41' title='bbox 1060 876 1146 959; x_wconf 88' lang='lat' dir='ltr'>quod</span> <span class='ocrx_word' id='word_1_42' title='bbox 1159 893 1275 942; x_wconf 90' lang='lat' dir='ltr'>verum</span> <span class='ocrx_word' id='word_1_43' title='bbox 1294 878 1352 955; x_wconf 91' lang='lat' dir='ltr'>est,</span> <span class='ocrx_word' id='word_1_44' title='bbox 1368 874 1444 957; x_wconf 88' lang='lat' dir='ltr'>quia</span> <span class='ocrx_word' id='word_1_45' title='bbox 1457 893 1495 940; x_wconf 93' lang='lat' dir='ltr'>eo</span> <span class='ocrx_word' id='word_1_46' title='bbox 1508 874 1678 940; x_wconf 89' lang='lat' dir='ltr'>mododil·</span> 
     </span>
     <span class='ocr_line' id='line_1_5' title="bbox 88 980 1677 1071; baseline -0.004 -19"><span class='ocrx_word' id='word_1_47' title='bbox 88 988 187 1071; x_wconf 89' lang='lat' dir='ltr'>ipsum</span> <span class='ocrx_word' id='word_1_48' title='bbox 197 985 283 1068; x_wconf 77' lang='lat' dir='ltr'>quod</span> <span class='ocrx_word' id='word_1_49' title='bbox 295 991 351 1052; x_wconf 79' lang='lat' dir='ltr'>eat.</span> <span class='ocrx_word' id='word_1_50' title='bbox 365 983 454 1049; x_wconf 83' lang='lat' dir='ltr'><strong>Unde</strong></span> <span class='ocrx_word' id='word_1_51' title='bbox 465 999 636 1066; x_wconf 86' lang='lat' dir='ltr'>possumus</span> <span class='ocrx_word' id='word_1_52' title='bbox 646 981 749 1045; x_wconf 79' lang='lat' dir='ltr'>dicere</span> <span class='ocrx_word' id='word_1_53' title='bbox 763 980 850 1064; x_wconf 88' lang='lat' dir='ltr'>quod</span> <span class='ocrx_word' id='word_1_54' title='bbox 901 983 1019 1062; x_wconf 85' lang='lat' dir='ltr'>ierunt,</span> <span class='ocrx_word' id='word_1_55' title='bbox 1037 1002 1103 1066; x_wconf 87' lang='lat' dir='ltr'>qno</span> <span class='ocrx_word' id='word_1_56' title='bbox 1115 983 1211 1047; x_wconf 91' lang='lat' dir='ltr'>modo</span> <span class='ocrx_word' id='word_1_57' title='bbox 1224 985 1437 1047; x_wconf 80' lang='lat' dir='ltr'>numerantur</span> <span class='ocrx_word' id='word_1_58' title='bbox 1451 1000 1460 1045; x_wconf 74' lang='grc' dir='ltr'><strong>ε</strong></span> <span class='ocrx_word' id='word_1_59' title='bbox 1476 982 1531 1046; x_wconf 87' lang='lat' dir='ltr'>sed</span> <span class='ocrx_word' id='word_1_60' title='bbox 1541 1000 1608 1047; x_wconf 92' lang='lat' dir='ltr'>non</span> <span class='ocrx_word' id='word_1_61' title='bbox 1618 1000 1677 1046; x_wconf 92' lang='lat' dir='ltr'>nu·</span> 
     </span>
     <span class='ocr_line' id='line_1_6' title="bbox 88 1087 1678 1177; baseline -0.004 -20"><span class='ocrx_word' id='word_1_62' title='bbox 88 1091 242 1177; x_wconf 86' lang='lat' dir='ltr'>pluralitas</span> <span class='ocrx_word' id='word_1_63' title='bbox 262 1109 473 1174; x_wconf 86' lang='lat' dir='ltr'>personarum</span> <span class='ocrx_word' id='word_1_64' title='bbox 494 1088 637 1155; x_wconf 87' lang='lat' dir='ltr'>medium</span> <span class='ocrx_word' id='word_1_65' title='bbox 657 1090 745 1153; x_wconf 89' lang='lat' dir='ltr'>tenet</span> <span class='ocrx_word' id='word_1_66' title='bbox 766 1088 850 1152; x_wconf 88' lang='lat' dir='ltr'>inter</span> <span class='ocrx_word' id='word_1_67' title='bbox 903 1093 1070 1154; x_wconf 88' lang='lat' dir='ltr'>merantur</span> <span class='ocrx_word' id='word_1_68' title='bbox 1085 1090 1149 1154; x_wconf 90' lang='lat' dir='ltr'>nisi</span> <span class='ocrx_word' id='word_1_69' title='bbox 1165 1092 1323 1172; x_wconf 90' lang='lat' dir='ltr'>quantum</span> <span class='ocrx_word' id='word_1_70' title='bbox 1343 1088 1383 1151; x_wconf 87' lang='lat' dir='ltr'>ad</span> <span class='ocrx_word' id='word_1_71' title='bbox 1403 1107 1566 1172; x_wconf 82' lang='lat' dir='ltr'>personas,</span> <span class='ocrx_word' id='word_1_72' title='bbox 1585 1087 1678 1153; x_wconf 84' lang='lat' dir='ltr'>etita</span> 
     </span>
     <span class='ocr_line' id='line_1_7' title="bbox 88 1196 1679 1280; baseline -0.003 -15"><span class='ocrx_word' id='word_1_73' title='bbox 88 1202 166 1268; x_wconf 90' lang='lat' dir='ltr'>idem</span> <span class='ocrx_word' id='word_1_74' title='bbox 180 1217 326 1280; x_wconf 87' lang='lat' dir='ltr'>numero,</span> <span class='ocrx_word' id='word_1_75' title='bbox 345 1203 377 1265; x_wconf 89' lang='lat' dir='ltr'>et</span> <span class='ocrx_word' id='word_1_76' title='bbox 395 1200 581 1266; x_wconf 89' lang='lat' dir='ltr'>diversum:</span> <span class='ocrx_word' id='word_1_77' title='bbox 601 1197 750 1280; x_wconf 86' lang='lat' dir='ltr'>quamvis</span> <span class='ocrx_word' id='word_1_78' title='bbox 762 1196 850 1260; x_wconf 91' lang='lat' dir='ltr'>enim</span> <span class='ocrx_word' id='word_1_79' title='bbox 902 1216 968 1262; x_wconf 91' lang='lat' dir='ltr'>non</span> <span class='ocrx_word' id='word_1_80' title='bbox 988 1197 1151 1276; x_wconf 82' lang='lat' dir='ltr'>differunt,</span> <span class='ocrx_word' id='word_1_81' title='bbox 1172 1196 1236 1261; x_wconf 88' lang='lat' dir='ltr'>nisi</span> <span class='ocrx_word' id='word_1_82' title='bbox 1256 1214 1391 1261; x_wconf 89' lang='lat' dir='ltr'>numero</span> <span class='ocrx_word' id='word_1_83' title='bbox 1408 1196 1631 1280; x_wconf 83' lang='lat' dir='ltr'>hypostasum,</span> <span class='ocrx_word' id='word_1_84' title='bbox 1646 1199 1679 1261; x_wconf 87' lang='lat' dir='ltr'>et</span> 
     </span>
     <span class='ocr_line' id='line_1_8' title="bbox 87 1305 1107 1391; baseline -0.002 -20"><span class='ocrx_word' id='word_1_85' title='bbox 87 1309 187 1391; x_wconf 86' lang='lat' dir='ltr'>ipsum</span> <span class='ocrx_word' id='word_1_86' title='bbox 200 1306 286 1390; x_wconf 76' lang='lat' dir='ltr'>quod</span> <span class='ocrx_word' id='word_1_87' title='bbox 298 1316 345 1375; x_wconf 81' lang='lat' dir='ltr'>eat</span> <span class='ocrx_word' id='word_1_88' title='bbox 360 1325 427 1372; x_wconf 94' lang='lat' dir='ltr'>non</span> <span class='ocrx_word' id='word_1_89' title='bbox 447 1307 645 1385; x_wconf 84' lang='lat' dir='ltr'>numeretur,</span> <span class='ocrx_word' id='word_1_90' title='bbox 661 1306 851 1368; x_wconf 88' lang='lat' dir='ltr'>numeratur</span> <span class='ocrx_word' id='word_1_91' title='bbox 902 1305 1107 1389; x_wconf 77' lang='lat' dir='ltr'>proprietate.</span> 
     </span>
    </p>

    <p class='ocr_par' dir='ltr' id='par_1_4' title="bbox 86 1402 1761 1605">
     <span class='ocr_line' id='line_1_9' title="bbox 88 1402 1761 1499; baseline -0.002 -21"><span class='ocrx_word' id='word_1_92' title='bbox 88 1420 188 1479; x_wconf 87' lang='lat' dir='ltr'>lamen</span> <span class='ocrx_word' id='word_1_93' title='bbox 205 1415 274 1498; x_wconf 88' lang='lat' dir='ltr'>ipse</span> <span class='ocrx_word' id='word_1_94' title='bbox 289 1417 347 1499; x_wconf 82' lang='lat' dir='ltr'>qui</span> <span class='ocrx_word' id='word_1_95' title='bbox 363 1420 421 1481; x_wconf 78' lang='lat' dir='ltr'>eat.</span> <span class='ocrx_word' id='word_1_96' title='bbox 441 1411 529 1478; x_wconf 89' lang='lat' dir='ltr'>Unde</span> <span class='ocrx_word' id='word_1_97' title='bbox 549 1416 625 1477; x_wconf 87' lang='lat' dir='ltr'>sunt</span> <span class='ocrx_word' id='word_1_98' title='bbox 644 1410 689 1474; x_wconf 88' lang='lat' dir='ltr'>ibi</span> <span class='ocrx_word' id='word_1_99' title='bbox 709 1411 757 1496; x_wconf 75' lang='lat' dir='ltr'>(a)</span> <span class='ocrx_word' id='word_1_100' title='bbox 775 1410 848 1494; x_wconf 91' lang='lat' dir='ltr'>plu·</span> <span class='ocrx_word' id='word_1_101' title='bbox 945 1416 975 1476; x_wconf 90' lang='grc'>3.</span> <span class='ocrx_word' id='word_1_102' title='bbox 996 1413 1046 1477; x_wconf 77' lang='lat' dir='ltr'>Ad</span> <span class='ocrx_word' id='word_1_103' title='bbox 1059 1412 1138 1477; x_wconf 89' lang='lat' dir='ltr'>illud</span> <span class='ocrx_word' id='word_1_104' title='bbox 1149 1411 1237 1495; x_wconf 85' lang='lat' dir='ltr'>quod</span> <span class='ocrx_word' id='word_1_105' title='bbox 1250 1411 1411 1494; x_wconf 89' lang='lat' dir='ltr'>objicitur,</span> <span class='ocrx_word' id='word_1_106' title='bbox 1428 1409 1514 1492; x_wconf 88' lang='lat' dir='ltr'>quod</span> <span class='ocrx_word' id='word_1_107' title='bbox 1527 1427 1601 1492; x_wconf 81' lang='lat' dir='ltr'>quae</span> <span class='ocrx_word' id='word_1_108' title='bbox 1618 1409 1678 1474; x_wconf 87' lang='lat' dir='ltr'>dii-</span> <span class='ocrx_word' id='word_1_109' title='bbox 1758 1402 1761 1411; x_wconf 82' lang='lat'>&#39;</span> 
     </span>
     <span class='ocr_line' id='line_1_10' title="bbox 86 1517 1679 1605; baseline -0.003 -20"><span class='ocrx_word' id='word_1_110' title='bbox 86 1540 133 1586; x_wconf 91' lang='lat' dir='ltr'>res</span> <span class='ocrx_word' id='word_1_111' title='bbox 144 1523 210 1605; x_wconf 82' lang='lat' dir='ltr'>qui.</span> <span class='ocrx_word' id='word_1_112' title='bbox 904 1519 1023 1596; x_wconf 89' lang='lat' dir='ltr'>lerunt,</span> <span class='ocrx_word' id='word_1_113' title='bbox 1042 1522 1122 1599; x_wconf 87' lang='lat' dir='ltr'>eto.;</span> <span class='ocrx_word' id='word_1_114' title='bbox 1145 1518 1409 1601; x_wconf 80' lang='lat' dir='ltr'>distinguendum</span> <span class='ocrx_word' id='word_1_115' title='bbox 1424 1520 1471 1582; x_wconf 88' lang='lat' dir='ltr'>est</span> <span class='ocrx_word' id='word_1_116' title='bbox 1489 1518 1526 1581; x_wconf 93' lang='lat' dir='ltr'>in</span> <span class='ocrx_word' id='word_1_117' title='bbox 1537 1517 1599 1582; x_wconf 89' lang='lat' dir='ltr'>hoc</span> <span class='ocrx_word' id='word_1_118' title='bbox 1616 1535 1679 1582; x_wconf 92' lang='lat' dir='ltr'>nc-</span> 
     </span>
    </p>

    <p class='ocr_par' dir='ltr' id='par_1_5' title="bbox 79 1625 1806 4280">
     <span class='ocr_line' id='line_1_11' title="bbox 124 1625 1804 1710; baseline -0.001 -18"><span class='ocrx_word' id='word_1_119' title='bbox 124 1634 151 1693; x_wconf 83' lang='lat' dir='ltr'>l.</span> <span class='ocrx_word' id='word_1_120' title='bbox 174 1627 212 1693; x_wconf 85' lang='lat' dir='ltr'>Et</span> <span class='ocrx_word' id='word_1_121' title='bbox 229 1628 292 1693; x_wconf 90' lang='lat' dir='ltr'>hoc</span> <span class='ocrx_word' id='word_1_122' title='bbox 312 1629 384 1694; x_wconf 88' lang='lat' dir='ltr'>vult</span> <span class='ocrx_word' id='word_1_123' title='bbox 404 1628 507 1694; x_wconf 89' lang='lat' dir='ltr'>dicere</span> <span class='ocrx_word' id='word_1_124' title='bbox 528 1627 752 1702; x_wconf 87' lang='lat' dir='ltr'>Damasceuus,</span> <span class='ocrx_word' id='word_1_125' title='bbox 775 1642 851 1688; x_wconf 87' lang='lat' dir='ltr'>eum</span> <span class='ocrx_word' id='word_1_126' title='bbox 905 1627 993 1692; x_wconf 89' lang='lat' dir='ltr'>mine</span> <span class='ocrx_word' id='word_1_127' title='bbox 1013 1644 1056 1706; x_wconf 86' lang='lat' dir='ltr'>re,</span> <span class='ocrx_word' id='word_1_128' title='bbox 1080 1627 1158 1710; x_wconf 89' lang='lat' dir='ltr'>quia</span> <span class='ocrx_word' id='word_1_129' title='bbox 1177 1630 1281 1710; x_wconf 86' lang='lat' dir='ltr'>potest</span> <span class='ocrx_word' id='word_1_130' title='bbox 1304 1626 1409 1691; x_wconf 86' lang='lat' dir='ltr'>dicere</span> <span class='ocrx_word' id='word_1_131' title='bbox 1431 1629 1591 1707; x_wconf 86' lang='lat' dir='ltr'>naturam,</span> <span class='ocrx_word' id='word_1_132' title='bbox 1611 1625 1679 1691; x_wconf 90' lang='lat' dir='ltr'>slve</span> <span class='ocrx_word' id='word_1_133' title='bbox 1800 1684 1804 1690; x_wconf 89' lang='lat'>.</span> 
     </span>
     <span class='ocr_line' id='line_1_12' title="bbox 86 1731 1679 1818; baseline -0.003 -16"><span class='ocrx_word' id='word_1_134' title='bbox 86 1736 171 1802; x_wconf 87' lang='lat' dir='ltr'>dicit¹</span> <span class='ocrx_word' id='word_1_135' title='bbox 186 1755 195 1800; x_wconf 76' lang='lat' dir='ltr'><strong><em>z</em></strong></span> <span class='ocrx_word' id='word_1_136' title='bbox 215 1734 396 1817; x_wconf 74' lang='lat' dir='ltr'>«Numero,</span> <span class='ocrx_word' id='word_1_137' title='bbox 407 1754 474 1800; x_wconf 90' lang='lat' dir='ltr'>non</span> <span class='ocrx_word' id='word_1_138' title='bbox 485 1739 613 1814; x_wconf 86' lang='lat' dir='ltr'>natura,</span> <span class='ocrx_word' id='word_1_139' title='bbox 623 1732 776 1798; x_wconf 81' lang='lat' dir='ltr'>differunt</span> <span class='ocrx_word' id='word_1_140' title='bbox 789 1731 851 1814; x_wconf 87' lang='lat' dir='ltr'>hy·</span> <span class='ocrx_word' id='word_1_141' title='bbox 906 1735 1085 1814; x_wconf 86' lang='lat' dir='ltr'>essentiam,</span> <span class='ocrx_word' id='word_1_142' title='bbox 1100 1739 1132 1798; x_wconf 89' lang='lat' dir='ltr'>et</span> <span class='ocrx_word' id='word_1_143' title='bbox 1144 1737 1246 1818; x_wconf 90' lang='lat' dir='ltr'>potest</span> <span class='ocrx_word' id='word_1_144' title='bbox 1257 1734 1361 1798; x_wconf 90' lang='lat' dir='ltr'>dicere</span> <span class='ocrx_word' id='word_1_145' title='bbox 1372 1751 1543 1817; x_wconf 87' lang='lat' dir='ltr'>personam</span> <span class='ocrx_word' id='word_1_146' title='bbox 1559 1753 1568 1798; x_wconf 74' lang='grc' dir='ltr'>ε</span> <span class='ocrx_word' id='word_1_147' title='bbox 1583 1733 1610 1797; x_wconf 90' lang='lat' dir='ltr'>si</span> <span class='ocrx_word' id='word_1_148' title='bbox 1627 1734 1679 1797; x_wconf 91' lang='lat' dir='ltr'>di-</span> 
     </span>
     <span class='ocr_line' id='line_1_13' title="bbox 85 1839 1679 1927; baseline -0.002 -20"><span class='ocrx_word' id='word_1_149' title='bbox 85 1846 227 1927; x_wconf 86' lang='lat' dir='ltr'>poslases.</span> <span class='ocrx_word' id='word_1_150' title='bbox 238 1865 255 1904; x_wconf 82' lang='grc'>»</span> <span class='ocrx_word' id='word_1_151' title='bbox 277 1841 339 1908; x_wconf 89' lang='lat' dir='ltr'>Per</span> <span class='ocrx_word' id='word_1_152' title='bbox 356 1844 440 1908; x_wconf 87' lang='lat' dir='ltr'>hanc</span> <span class='ocrx_word' id='word_1_153' title='bbox 456 1843 544 1908; x_wconf 92' lang='lat' dir='ltr'>enim</span> <span class='ocrx_word' id='word_1_154' title='bbox 557 1839 763 1917; x_wconf 86' lang='lat' dir='ltr'>additionem,</span> <span class='ocrx_word' id='word_1_155' title='bbox 786 1855 852 1906; x_wconf 83' lang='lat' dir='ltr'>oon</span> <span class='ocrx_word' id='word_1_156' title='bbox 907 1845 957 1905; x_wconf 85' lang='lat' dir='ltr'>eat</span> <span class='ocrx_word' id='word_1_157' title='bbox 969 1842 1139 1906; x_wconf 87' lang='lat' dir='ltr'>essentiam</span> <span class='ocrx_word' id='word_1_158' title='bbox 1149 1844 1180 1905; x_wconf 87' lang='lat' dir='ltr'>et</span> <span class='ocrx_word' id='word_1_159' title='bbox 1193 1845 1354 1920; x_wconf 88' lang='lat' dir='ltr'>naturam,</span> <span class='ocrx_word' id='word_1_160' title='bbox 1369 1858 1485 1904; x_wconf 91' lang='lat' dir='ltr'>verum</span> <span class='ocrx_word' id='word_1_161' title='bbox 1495 1843 1560 1918; x_wconf 84' lang='lat' dir='ltr'>est;</span> <span class='ocrx_word' id='word_1_162' title='bbox 1574 1840 1601 1902; x_wconf 91' lang='lat' dir='ltr'>si</span> <span class='ocrx_word' id='word_1_163' title='bbox 1612 1859 1679 1924; x_wconf 89' lang='lat' dir='ltr'>per·</span> 
     </span>
     <span class='ocr_line' id='line_1_14' title="bbox 85 1946 1680 2034; baseline -0.004 -16"><span class='ocrx_word' id='word_1_164' title='bbox 85 1956 209 2031; x_wconf 64' lang='lat' dir='ltr'>umaro,</span> <span class='ocrx_word' id='word_1_165' title='bbox 232 1949 300 2034; x_wconf 88' lang='lat' dir='ltr'>ipse</span> <span class='ocrx_word' id='word_1_166' title='bbox 325 1951 484 2015; x_wconf 85' lang='lat' dir='ltr'>contraxit</span> <span class='ocrx_word' id='word_1_167' title='bbox 504 1949 716 2015; x_wconf 84' lang='lat' dir='ltr'>differentiam</span> <span class='ocrx_word' id='word_1_168' title='bbox 738 1966 852 2012; x_wconf 90' lang='lat' dir='ltr'>secun-</span> <span class='ocrx_word' id='word_1_169' title='bbox 907 1966 1030 2030; x_wconf 89' lang='lat' dir='ltr'>sonam,</span> <span class='ocrx_word' id='word_1_170' title='bbox 1050 1950 1169 2013; x_wconf 86' lang='lat' dir='ltr'>falsum</span> <span class='ocrx_word' id='word_1_171' title='bbox 1186 1951 1243 2029; x_wconf 90' lang='lat' dir='ltr'>est,</span> <span class='ocrx_word' id='word_1_172' title='bbox 1265 1951 1297 2014; x_wconf 89' lang='lat' dir='ltr'>et</span> <span class='ocrx_word' id='word_1_173' title='bbox 1314 1965 1382 2012; x_wconf 92' lang='lat' dir='ltr'>non</span> <span class='ocrx_word' id='word_1_174' title='bbox 1394 1947 1492 2012; x_wconf 87' lang='lat' dir='ltr'>habet</span> <span class='ocrx_word' id='word_1_175' title='bbox 1504 1946 1612 2013; x_wconf 87' lang='lat' dir='ltr'>locum</span> <span class='ocrx_word' id='word_1_176' title='bbox 1625 1947 1680 2012; x_wconf 89' lang='lat' dir='ltr'>illa</span> 
     </span>
     <span class='ocr_line' id='line_1_15' title="bbox 85 2055 1031 2138; baseline 0.001 -16"><span class='ocrx_word' id='word_1_177' title='bbox 85 2055 853 2138; x_wconf 78' lang='lat' dir='ltr'>dumnumerum,sivedistraxitaddifferentiam</span> <span class='ocrx_word' id='word_1_178' title='bbox 907 2057 1031 2123; x_wconf 90' lang='lat' dir='ltr'>divisio.</span> 
     </span>
     <span class='ocr_line' id='line_1_16' title="bbox 85 2161 1681 2249; baseline 0.001 -20"><span class='ocrx_word' id='word_1_179' title='bbox 85 2166 213 2245; x_wconf 89' lang='lat' dir='ltr'>ratione,</span> <span class='ocrx_word' id='word_1_180' title='bbox 222 2170 261 2230; x_wconf 85' lang='lat' dir='ltr'>nt</span> <span class='ocrx_word' id='word_1_181' title='bbox 271 2166 340 2248; x_wconf 91' lang='lat' dir='ltr'>ipse</span> <span class='ocrx_word' id='word_1_182' title='bbox 348 2165 467 2231; x_wconf 86' lang='lat' dir='ltr'>dicitiu</span> <span class='ocrx_word' id='word_1_183' title='bbox 479 2164 712 2248; x_wconf 78' lang='lat' dir='ltr'>libroprimo²z</span> <span class='ocrx_word' id='word_1_184' title='bbox 728 2161 853 2245; x_wconf 70' lang='lat' dir='ltr'>stipor·</span> <span class='ocrx_word' id='word_1_185' title='bbox 947 2169 978 2230; x_wconf 80' lang='lat' dir='ltr'>l.</span> <span class='ocrx_word' id='word_1_186' title='bbox 1001 2165 1051 2231; x_wconf 81' lang='lat' dir='ltr'>Ad</span> <span class='ocrx_word' id='word_1_187' title='bbox 1072 2165 1150 2230; x_wconf 90' lang='lat' dir='ltr'>illud</span> <span class='ocrx_word' id='word_1_188' title='bbox 1173 2165 1258 2249; x_wconf 84' lang='lat' dir='ltr'>quod</span> <span class='ocrx_word' id='word_1_189' title='bbox 1279 2165 1442 2248; x_wconf 87' lang='lat' dir='ltr'>objicitur,</span> <span class='ocrx_word' id='word_1_190' title='bbox 1466 2164 1552 2248; x_wconf 89' lang='lat' dir='ltr'>qnod</span> <span class='ocrx_word' id='word_1_191' title='bbox 1573 2164 1681 2245; x_wconf 81' lang='lat' dir='ltr'>unitas</span> 
     </span>
     <span class='ocr_line' id='line_1_17' title="bbox 85 2271 1678 2357; baseline -0.001 -20"><span class='ocrx_word' id='word_1_192' title='bbox 85 2275 137 2349; x_wconf 89' lang='lat' dir='ltr'>tet,</span> <span class='ocrx_word' id='word_1_193' title='bbox 159 2273 277 2357; x_wconf 87' lang='lat' dir='ltr'>inquit,</span> <span class='ocrx_word' id='word_1_194' title='bbox 298 2273 378 2340; x_wconf 85' lang='lat' dir='ltr'>scire</span> <span class='ocrx_word' id='word_1_195' title='bbox 397 2272 482 2356; x_wconf 79' lang='lat' dir='ltr'>quod</span> <span class='ocrx_word' id='word_1_196' title='bbox 496 2271 582 2337; x_wconf 84' lang='lat' dir='ltr'>eliud</span> <span class='ocrx_word' id='word_1_197' title='bbox 601 2275 648 2336; x_wconf 88' lang='lat' dir='ltr'>est</span> <span class='ocrx_word' id='word_1_198' title='bbox 667 2271 793 2336; x_wconf 77' lang='lat' dir='ltr'>‹lill&#39;erre</span> <span class='ocrx_word' id='word_1_199' title='bbox 805 2288 851 2350; x_wconf 90' lang='lat' dir='ltr'>re,</span> <span class='ocrx_word' id='word_1_200' title='bbox 907 2274 1035 2338; x_wconf 91' lang='lat' dir='ltr'>numeri</span> <span class='ocrx_word' id='word_1_201' title='bbox 1059 2274 1104 2357; x_wconf 81' lang='lat' dir='ltr'>(b)</span> <span class='ocrx_word' id='word_1_202' title='bbox 1132 2274 1260 2357; x_wconf 86' lang='lat' dir='ltr'>respicit</span> <span class='ocrx_word' id='word_1_203' title='bbox 1284 2273 1483 2339; x_wconf 83' lang='lat' dir='ltr'>identitatem</span> <span class='ocrx_word' id='word_1_204' title='bbox 1513 2273 1678 2355; x_wconf 89' lang='lat' dir='ltr'>suppositi,</span> 
     </span>
     <span class='ocr_line' id='line_1_18' title="bbox 86 2376 1680 2464; baseline 0 -22"><span class='ocrx_word' id='word_1_205' title='bbox 86 2378 167 2443; x_wconf 86' lang='lat' dir='ltr'>aliud</span> <span class='ocrx_word' id='word_1_206' title='bbox 178 2380 314 2445; x_wconf 88' lang='lat' dir='ltr'>ratione.</span> <span class='ocrx_word' id='word_1_207' title='bbox 335 2378 373 2444; x_wconf 94' lang='lat' dir='ltr'>ln</span> <span class='ocrx_word' id='word_1_208' title='bbox 394 2379 545 2444; x_wconf 90' lang='lat' dir='ltr'>omnibus</span> <span class='ocrx_word' id='word_1_209' title='bbox 565 2378 728 2458; x_wconf 88' lang='lat' dir='ltr'>creaturis,</span> <span class='ocrx_word' id='word_1_210' title='bbox 745 2376 852 2460; x_wconf 90' lang='lat' dir='ltr'>hypo·</span> <span class='ocrx_word' id='word_1_211' title='bbox 907 2378 1078 2444; x_wconf 86' lang='lat' dir='ltr'>dicendum</span> <span class='ocrx_word' id='word_1_212' title='bbox 1097 2380 1196 2464; x_wconf 87' lang='lat' dir='ltr'>qnod,</span> <span class='ocrx_word' id='word_1_213' title='bbox 1220 2379 1248 2443; x_wconf 89' lang='lat' dir='ltr'>si</span> <span class='ocrx_word' id='word_1_214' title='bbox 1266 2379 1470 2464; x_wconf 88' lang='lat' dir='ltr'>suppositum</span> <span class='ocrx_word' id='word_1_215' title='bbox 1487 2378 1611 2444; x_wconf 83' lang='lat' dir='ltr'>dicatur</span> <span class='ocrx_word' id='word_1_216' title='bbox 1627 2379 1680 2462; x_wconf 92' lang='lat' dir='ltr'>ip-</span> 
     </span>
     <span class='ocr_line' id='line_1_19' title="bbox 85 2484 1680 2572; baseline 0.001 -22"><span class='ocrx_word' id='word_1_217' title='bbox 85 2489 201 2551; x_wconf 86' lang='lat' dir='ltr'>stasum</span> <span class='ocrx_word' id='word_1_218' title='bbox 214 2488 333 2554; x_wconf 82' lang='lat' dir='ltr'>divisio</span> <span class='ocrx_word' id='word_1_219' title='bbox 346 2506 381 2553; x_wconf 89' lang='lat' dir='ltr'>re</span> <span class='ocrx_word' id='word_1_220' title='bbox 396 2487 625 2568; x_wconf 82' lang='lat' dir='ltr'>consideratur,</span> <span class='ocrx_word' id='word_1_221' title='bbox 640 2484 854 2551; x_wconf 81' lang='lat' dir='ltr'>communitas</span> <span class='ocrx_word' id='word_1_222' title='bbox 907 2506 981 2554; x_wconf 87' lang='lat' dir='ltr'>snm</span> <span class='ocrx_word' id='word_1_223' title='bbox 999 2489 1085 2572; x_wconf 82' lang='lat' dir='ltr'>quod</span> <span class='ocrx_word' id='word_1_224' title='bbox 1101 2494 1159 2570; x_wconf 86' lang='lat' dir='ltr'>est,</span> <span class='ocrx_word' id='word_1_225' title='bbox 1175 2492 1253 2553; x_wconf 85' lang='lat' dir='ltr'>tune</span> <span class='ocrx_word' id='word_1_226' title='bbox 1267 2489 1434 2554; x_wconf 89' lang='lat' dir='ltr'>veritatem</span> <span class='ocrx_word' id='word_1_227' title='bbox 1451 2487 1562 2568; x_wconf 82' lang='lat' dir='ltr'>habet3</span> <span class='ocrx_word' id='word_1_228' title='bbox 1578 2488 1605 2552; x_wconf 86' lang='lat' dir='ltr'>si</span> <span class='ocrx_word' id='word_1_229' title='bbox 1618 2507 1680 2552; x_wconf 90' lang='lat' dir='ltr'>au-</span> 
     </span>
     <span class='ocr_line' id='line_1_20' title="bbox 84 2595 1680 2681; baseline 0.001 -21"><span class='ocrx_word' id='word_1_230' title='bbox 84 2612 158 2660; x_wconf 90' lang='lat' dir='ltr'>vero</span> <span class='ocrx_word' id='word_1_231' title='bbox 178 2595 303 2662; x_wconf 84' lang='lat' dir='ltr'>ratione</span> <span class='ocrx_word' id='word_1_232' title='bbox 309 2617 318 2674; x_wconf 92' lang='lat'>;</span> <span class='ocrx_word' id='word_1_233' title='bbox 343 2595 379 2659; x_wconf 92' lang='lat' dir='ltr'>in</span> <span class='ocrx_word' id='word_1_234' title='bbox 399 2613 527 2660; x_wconf 89' lang='lat' dir='ltr'>summa</span> <span class='ocrx_word' id='word_1_235' title='bbox 538 2612 627 2675; x_wconf 90' lang='lat' dir='ltr'>vero,</span> <span class='ocrx_word' id='word_1_236' title='bbox 650 2598 681 2658; x_wconf 92' lang='lat' dir='ltr'>et</span> <span class='ocrx_word' id='word_1_237' title='bbox 694 2595 728 2659; x_wconf 91' lang='lat' dir='ltr'>in</span> <span class='ocrx_word' id='word_1_238' title='bbox 742 2613 854 2680; x_wconf 89' lang='lat' dir='ltr'>super·</span> <span class='ocrx_word' id='word_1_239' title='bbox 906 2601 973 2662; x_wconf 88' lang='lat' dir='ltr'>tem</span> <span class='ocrx_word' id='word_1_240' title='bbox 986 2597 1110 2662; x_wconf 87' lang='lat' dir='ltr'>dicatur</span> <span class='ocrx_word' id='word_1_241' title='bbox 1129 2598 1197 2681; x_wconf 90' lang='lat' dir='ltr'>ipse</span> <span class='ocrx_word' id='word_1_242' title='bbox 1214 2598 1273 2681; x_wconf 88' lang='lat' dir='ltr'>qui</span> <span class='ocrx_word' id='word_1_243' title='bbox 1292 2601 1349 2678; x_wconf 76' lang='lat' dir='ltr'>est,</span> <span class='ocrx_word' id='word_1_244' title='bbox 1368 2598 1436 2662; x_wconf 91' lang='lat' dir='ltr'>sive</span> <span class='ocrx_word' id='word_1_245' title='bbox 1453 2615 1600 2681; x_wconf 87' lang='lat' dir='ltr'>persona,</span> <span class='ocrx_word' id='word_1_246' title='bbox 1614 2615 1680 2662; x_wconf 93' lang='lat' dir='ltr'>nou</span> 
     </span>
     <span class='ocr_line' id='line_1_21' title="bbox 85 2700 1681 2791; baseline 0.004 -27"><span class='ocrx_word' id='word_1_247' title='bbox 85 2701 279 2766; x_wconf 80' lang='lat' dir='ltr'>substantiali</span> <span class='ocrx_word' id='word_1_248' title='bbox 289 2700 454 2780; x_wconf 84' lang='lat' dir='ltr'>Trinitate‚</span> <span class='ocrx_word' id='word_1_249' title='bbox 468 2704 515 2765; x_wconf 89' lang='lat' dir='ltr'>est</span> <span class='ocrx_word' id='word_1_250' title='bbox 526 2719 544 2765; x_wconf 91' lang='lat' dir='ltr'>e</span> <span class='ocrx_word' id='word_1_251' title='bbox 555 2719 746 2767; x_wconf 77' lang='lat' dir='ltr'>conversor</span> <span class='ocrx_word' id='word_1_252' title='bbox 764 2702 853 2770; x_wconf 88' lang='lat' dir='ltr'>Unde</span> <span class='ocrx_word' id='word_1_253' title='bbox 907 2705 1004 2771; x_wconf 86' lang='lat' dir='ltr'>habet</span> <span class='ocrx_word' id='word_1_254' title='bbox 1015 2707 1193 2787; x_wconf 88' lang='lat' dir='ltr'>veritatem,</span> <span class='ocrx_word' id='word_1_255' title='bbox 1206 2707 1268 2771; x_wconf 90' lang='lat' dir='ltr'>nisi</span> <span class='ocrx_word' id='word_1_256' title='bbox 1280 2707 1315 2771; x_wconf 93' lang='lat' dir='ltr'>in</span> <span class='ocrx_word' id='word_1_257' title='bbox 1332 2707 1382 2771; x_wconf 89' lang='lat' dir='ltr'>his</span> <span class='ocrx_word' id='word_1_258' title='bbox 1395 2706 1560 2791; x_wconf 88' lang='lat' dir='ltr'>inquibus</span> <span class='ocrx_word' id='word_1_259' title='bbox 1575 2705 1681 2772; x_wconf 83' lang='lat' dir='ltr'>dillert</span> 
     </span>
     <span class='ocr_line' id='line_1_22' title="bbox 86 2808 1677 2898; baseline 0.005 -27"><span class='ocrx_word' id='word_1_260' title='bbox 86 2825 157 2871; x_wconf 88' lang='lat' dir='ltr'>enm</span> <span class='ocrx_word' id='word_1_261' title='bbox 174 2808 342 2874; x_wconf 88' lang='lat' dir='ltr'>diversitas</span> <span class='ocrx_word' id='word_1_262' title='bbox 364 2809 540 2873; x_wconf 86' lang='lat' dir='ltr'>secundum</span> <span class='ocrx_word' id='word_1_263' title='bbox 553 2827 728 2874; x_wconf 91' lang='lat' dir='ltr'>numerum</span> <span class='ocrx_word' id='word_1_264' title='bbox 748 2810 852 2891; x_wconf 82' lang='lat' dir='ltr'>iaciat,</span> <span class='ocrx_word' id='word_1_265' title='bbox 908 2829 969 2896; x_wconf 76' lang='lat' dir='ltr'>quo</span> <span class='ocrx_word' id='word_1_266' title='bbox 981 2822 1039 2894; x_wconf 84' lang='lat' dir='ltr'>est,</span> <span class='ocrx_word' id='word_1_267' title='bbox 1053 2818 1084 2879; x_wconf 89' lang='lat' dir='ltr'>et</span> <span class='ocrx_word' id='word_1_268' title='bbox 1095 2814 1181 2898; x_wconf 83' lang='lat' dir='ltr'>quod</span> <span class='ocrx_word' id='word_1_269' title='bbox 1193 2821 1249 2882; x_wconf 80' lang='lat' dir='ltr'>est.</span> <span class='ocrx_word' id='word_1_270' title='bbox 1263 2812 1352 2879; x_wconf 89' lang='lat' dir='ltr'>Unde</span> <span class='ocrx_word' id='word_1_271' title='bbox 1365 2814 1494 2898; x_wconf 91' lang='lat' dir='ltr'>proprie</span> <span class='ocrx_word' id='word_1_272' title='bbox 1504 2814 1677 2898; x_wconf 85' lang='lat' dir='ltr'>loquendo,</span> 
     </span>
     <span class='ocr_line' id='line_1_23' title="bbox 84 2914 1680 3008; baseline 0.005 -30"><span class='ocrx_word' id='word_1_273' title='bbox 84 2914 147 2980; x_wconf 90' lang='lat' dir='ltr'>sive</span> <span class='ocrx_word' id='word_1_274' title='bbox 171 2919 273 2994; x_wconf 86' lang='lat' dir='ltr'>notet,</span> <span class='ocrx_word' id='word_1_275' title='bbox 303 2915 520 2980; x_wconf 83' lang='lat' dir='ltr'>diversitatem</span> <span class='ocrx_word' id='word_1_276' title='bbox 549 2915 585 3008; x_wconf 77' lang='lat' dir='ltr'>ip</span> <span class='ocrx_word' id='word_1_277' title='bbox 608 2933 642 2980; x_wconf 90' lang='lat' dir='ltr'>re</span> <span class='ocrx_word' id='word_1_278' title='bbox 665 2919 697 2981; x_wconf 89' lang='lat' dir='ltr'>et</span> <span class='ocrx_word' id='word_1_279' title='bbox 723 2921 851 3000; x_wconf 88' lang='lat' dir='ltr'>natura,</span> <span class='ocrx_word' id='word_1_280' title='bbox 908 2922 1073 2989; x_wconf 88' lang='lat' dir='ltr'>diversitas</span> <span class='ocrx_word' id='word_1_281' title='bbox 1090 2924 1266 2989; x_wconf 86' lang='lat' dir='ltr'>secundnm</span> <span class='ocrx_word' id='word_1_282' title='bbox 1279 2941 1455 2988; x_wconf 91' lang='lat' dir='ltr'>numerum</span> <span class='ocrx_word' id='word_1_283' title='bbox 1468 2922 1613 3006; x_wconf 87' lang='lat' dir='ltr'>sequitur</span> <span class='ocrx_word' id='word_1_284' title='bbox 1626 2922 1680 3006; x_wconf 90' lang='lat' dir='ltr'>ip-</span> 
     </span>
     <span class='ocr_line' id='line_1_24' title="bbox 83 3021 1680 3113; baseline 0.006 -27"><span class='ocrx_word' id='word_1_285' title='bbox 83 3021 205 3106; x_wconf 90' lang='lat' dir='ltr'>proprie</span> <span class='ocrx_word' id='word_1_286' title='bbox 216 3023 391 3106; x_wconf 86' lang='lat' dir='ltr'>loquendo,</span> <span class='ocrx_word' id='word_1_287' title='bbox 403 3022 466 3086; x_wconf 88' lang='lat' dir='ltr'>uisi</span> <span class='ocrx_word' id='word_1_288' title='bbox 477 3037 595 3087; x_wconf 90' lang='lat' dir='ltr'>nomen</span> <span class='ocrx_word' id='word_1_289' title='bbox 608 3021 797 3090; x_wconf 86' lang='lat' dir='ltr'>diversitatis</span> <span class='ocrx_word' id='word_1_290' title='bbox 806 3045 853 3091; x_wconf 91' lang='lat' dir='ltr'>se-</span> <span class='ocrx_word' id='word_1_291' title='bbox 907 3048 981 3094; x_wconf 88' lang='lat' dir='ltr'>sum</span> <span class='ocrx_word' id='word_1_292' title='bbox 1000 3030 1086 3113; x_wconf 83' lang='lat' dir='ltr'>quod</span> <span class='ocrx_word' id='word_1_293' title='bbox 1106 3039 1171 3113; x_wconf 83' lang='lat' dir='ltr'>est,</span> <span class='ocrx_word' id='word_1_294' title='bbox 1193 3036 1224 3095; x_wconf 89' lang='lat' dir='ltr'>et</span> <span class='ocrx_word' id='word_1_295' title='bbox 1242 3030 1279 3095; x_wconf 94' lang='lat' dir='ltr'>in</span> <span class='ocrx_word' id='word_1_296' title='bbox 1296 3031 1414 3096; x_wconf 88' lang='lat' dir='ltr'>divinis</span> <span class='ocrx_word' id='word_1_297' title='bbox 1430 3049 1498 3095; x_wconf 91' lang='lat' dir='ltr'>non</span> <span class='ocrx_word' id='word_1_298' title='bbox 1518 3029 1615 3095; x_wconf 90' lang='lat' dir='ltr'>habet</span> <span class='ocrx_word' id='word_1_299' title='bbox 1632 3030 1680 3096; x_wconf 93' lang='lat' dir='ltr'>lo-</span> 
     </span>
     <span class='ocr_line' id='line_1_25' title="bbox 84 3131 1601 3203; baseline 0.007 -7"><span class='ocrx_word' id='word_1_300' title='bbox 84 3132 221 3197; x_wconf 85' lang='lat' dir='ltr'>eundum</span> <span class='ocrx_word' id='word_1_301' title='bbox 242 3151 421 3198; x_wconf 89' lang='lat' dir='ltr'>numerum</span> <span class='ocrx_word' id='word_1_302' title='bbox 441 3131 636 3199; x_wconf 84' lang='lat' dir='ltr'>distrahatur</span> <span class='ocrx_word' id='word_1_303' title='bbox 656 3135 696 3200; x_wconf 87' lang='lat' dir='ltr'>ad</span> <span class='ocrx_word' id='word_1_304' title='bbox 717 3135 854 3203; x_wconf 89' lang='lat' dir='ltr'>distinc-</span> <span class='ocrx_word' id='word_1_305' title='bbox 908 3157 996 3203; x_wconf 87' lang='lat' dir='ltr'>cum.</span> <span class='ocrx_word' id='word_1_306' title='bbox 1599 3135 1601 3138; x_wconf 66' lang='grc'><strong>’</strong></span> 
     </span>
     <span class='ocr_line' id='line_1_26' title="bbox 83 3238 1678 3330; baseline 0.006 -28"><span class='ocrx_word' id='word_1_307' title='bbox 83 3238 199 3304; x_wconf 86' lang='lat' dir='ltr'>tionem</span> <span class='ocrx_word' id='word_1_308' title='bbox 212 3240 465 3324; x_wconf 81' lang='lat' dir='ltr'>suppositorum,</span> <span class='ocrx_word' id='word_1_309' title='bbox 480 3257 546 3305; x_wconf 89' lang='lat' dir='ltr'>uon</span> <span class='ocrx_word' id='word_1_310' title='bbox 556 3245 604 3305; x_wconf 88' lang='lat' dir='ltr'>est</span> <span class='ocrx_word' id='word_1_311' title='bbox 615 3242 852 3310; x_wconf 86' lang='lat' dir='ltr'>concedendum</span> <span class='ocrx_word' id='word_1_312' title='bbox 948 3248 978 3311; x_wconf 80' lang='lat'>5.</span> <span class='ocrx_word' id='word_1_313' title='bbox 1002 3246 1052 3311; x_wconf 84' lang='lat' dir='ltr'>Ad</span> <span class='ocrx_word' id='word_1_314' title='bbox 1068 3245 1147 3311; x_wconf 90' lang='lat' dir='ltr'>illud</span> <span class='ocrx_word' id='word_1_315' title='bbox 1161 3246 1249 3329; x_wconf 87' lang='lat' dir='ltr'>quod</span> <span class='ocrx_word' id='word_1_316' title='bbox 1260 3245 1346 3310; x_wconf 90' lang='lat' dir='ltr'>idem</span> <span class='ocrx_word' id='word_1_317' title='bbox 1365 3248 1398 3330; x_wconf 90' lang='lat' dir='ltr'>et</span> <span class='ocrx_word' id='word_1_318' title='bbox 1410 3245 1575 3313; x_wconf 92' lang='lat' dir='ltr'>diversum</span> <span class='ocrx_word' id='word_1_319' title='bbox 1588 3246 1678 3311; x_wconf 88' lang='lat' dir='ltr'>sulti-</span> 
     </span>
     <span class='ocr_line' id='line_1_27' title="bbox 83 3347 1680 3436; baseline 0.004 -24"><span class='ocrx_word' id='word_1_320' title='bbox 83 3348 165 3430; x_wconf 87' lang='lat' dir='ltr'>quod</span> <span class='ocrx_word' id='word_1_321' title='bbox 179 3349 220 3413; x_wconf 91' lang='lat' dir='ltr'>sit</span> <span class='ocrx_word' id='word_1_322' title='bbox 233 3348 282 3413; x_wconf 89' lang='lat' dir='ltr'>ibi</span> <span class='ocrx_word' id='word_1_323' title='bbox 299 3348 465 3414; x_wconf 87' lang='lat' dir='ltr'>diversitas</span> <span class='ocrx_word' id='word_1_324' title='bbox 484 3347 661 3413; x_wconf 88' lang='lat' dir='ltr'>secundum</span> <span class='ocrx_word' id='word_1_325' title='bbox 679 3368 853 3417; x_wconf 90' lang='lat' dir='ltr'>numerum</span> <span class='ocrx_word' id='word_1_326' title='bbox 908 3354 1024 3420; x_wconf 87' lang='lat' dir='ltr'>eleuter</span> <span class='ocrx_word' id='word_1_327' title='bbox 1036 3355 1184 3420; x_wconf 88' lang='lat' dir='ltr'>dividunt</span> <span class='ocrx_word' id='word_1_328' title='bbox 1195 3372 1263 3433; x_wconf 88' lang='lat' dir='ltr'>ens,</span> <span class='ocrx_word' id='word_1_329' title='bbox 1278 3372 1356 3436; x_wconf 81' lang='lat' dir='ltr'>ergo</span> <span class='ocrx_word' id='word_1_330' title='bbox 1369 3352 1456 3418; x_wconf 90' lang='lat' dir='ltr'>idem</span> <span class='ocrx_word' id='word_1_331' title='bbox 1465 3372 1614 3435; x_wconf 88' lang='lat' dir='ltr'>numero,</span> <span class='ocrx_word' id='word_1_332' title='bbox 1627 3354 1680 3419; x_wconf 92' lang='lat' dir='ltr'>vel</span> 
     </span>
     <span class='ocr_line' id='line_1_28' title="bbox 82 3457 1680 3544; baseline 0.004 -24"><span class='ocrx_word' id='word_1_333' title='bbox 82 3473 304 3538; x_wconf 89' lang='lat' dir='ltr'>personarum,</span> <span class='ocrx_word' id='word_1_334' title='bbox 324 3458 393 3523; x_wconf 87' lang='lat' dir='ltr'>sive</span> <span class='ocrx_word' id='word_1_335' title='bbox 409 3457 629 3540; x_wconf 88' lang='lat' dir='ltr'>hypostasum.</span> <span class='ocrx_word' id='word_1_336' title='bbox 649 3457 689 3523; x_wconf 88' lang='lat' dir='ltr'>Et</span> <span class='ocrx_word' id='word_1_337' title='bbox 705 3459 766 3524; x_wconf 90' lang='lat' dir='ltr'>hoo</span> <span class='ocrx_word' id='word_1_338' title='bbox 783 3460 854 3525; x_wconf 93' lang='lat' dir='ltr'>vult</span> <span class='ocrx_word' id='word_1_339' title='bbox 908 3460 1088 3539; x_wconf 89' lang='lat' dir='ltr'>diversum;</span> <span class='ocrx_word' id='word_1_340' title='bbox 1107 3461 1278 3526; x_wconf 85' lang='lat' dir='ltr'>dicendum</span> <span class='ocrx_word' id='word_1_341' title='bbox 1298 3460 1384 3544; x_wconf 89' lang='lat' dir='ltr'>quod</span> <span class='ocrx_word' id='word_1_342' title='bbox 1403 3460 1483 3524; x_wconf 91' lang='lat' dir='ltr'>illud</span> <span class='ocrx_word' id='word_1_343' title='bbox 1502 3479 1620 3525; x_wconf 88' lang='lat' dir='ltr'>verum</span> <span class='ocrx_word' id='word_1_344' title='bbox 1632 3464 1680 3526; x_wconf 89' lang='lat' dir='ltr'>est</span> 
     </span>
     <span class='ocr_line' id='line_1_29' title="bbox 82 3565 1680 3654; baseline 0.004 -26"><span class='ocrx_word' id='word_1_345' title='bbox 82 3565 181 3633; x_wconf 88' lang='lat' dir='ltr'>dicere</span> <span class='ocrx_word' id='word_1_346' title='bbox 202 3567 428 3649; x_wconf 86' lang='lat' dir='ltr'>llamasoenus,</span> <span class='ocrx_word' id='word_1_347' title='bbox 444 3567 573 3651; x_wconf 87' lang='lat' dir='ltr'>qnando</span> <span class='ocrx_word' id='word_1_348' title='bbox 590 3567 667 3633; x_wconf 83' lang='lat' dir='ltr'>dieii</span> <span class='ocrx_word' id='word_1_349' title='bbox 684 3570 769 3652; x_wconf 87' lang='lat' dir='ltr'>quod</span> <span class='ocrx_word' id='word_1_350' title='bbox 788 3570 853 3654; x_wconf 90' lang='lat' dir='ltr'>hy·</span> <span class='ocrx_word' id='word_1_351' title='bbox 907 3567 942 3631; x_wconf 92' lang='lat' dir='ltr'>in</span> <span class='ocrx_word' id='word_1_352' title='bbox 961 3586 1035 3633; x_wconf 79' lang='lat' dir='ltr'>ente</span> <span class='ocrx_word' id='word_1_353' title='bbox 1051 3568 1138 3652; x_wconf 84' lang='lat' dir='ltr'>quod</span> <span class='ocrx_word' id='word_1_354' title='bbox 1151 3572 1265 3632; x_wconf 88' lang='lat' dir='ltr'>natum</span> <span class='ocrx_word' id='word_1_355' title='bbox 1278 3568 1515 3647; x_wconf 67' lang='lat' dir='ltr'>adnumerari,</span> <span class='ocrx_word' id='word_1_356' title='bbox 1530 3568 1680 3634; x_wconf 87' lang='lat' dir='ltr'>sicutens</span> 
     </span>
     <span class='ocr_line' id='line_1_30' title="bbox 82 3675 1806 3760; baseline 0.001 -21"><span class='ocrx_word' id='word_1_357' title='bbox 82 3677 218 3755; x_wconf 77' lang='lat' dir='ltr'>postases</span> <span class='ocrx_word' id='word_1_358' title='bbox 242 3675 399 3760; x_wconf 78' lang='lat' dir='ltr'>differunt</span> <span class='ocrx_word' id='word_1_359' title='bbox 422 3692 574 3755; x_wconf 90' lang='lat' dir='ltr'>numero,</span> <span class='ocrx_word' id='word_1_360' title='bbox 604 3693 682 3755; x_wconf 89' lang='lat' dir='ltr'>non,</span> <span class='ocrx_word' id='word_1_361' title='bbox 706 3676 850 3760; x_wconf 86' lang='lat' dir='ltr'>inquam,</span> <span class='ocrx_word' id='word_1_362' title='bbox 907 3680 1077 3741; x_wconf 86' lang='lat' dir='ltr'>creatum:</span> <span class='ocrx_word' id='word_1_363' title='bbox 1097 3676 1152 3742; x_wconf 89' lang='lat' dir='ltr'>sed</span> <span class='ocrx_word' id='word_1_364' title='bbox 1169 3677 1205 3741; x_wconf 94' lang='lat' dir='ltr'>in</span> <span class='ocrx_word' id='word_1_365' title='bbox 1227 3679 1299 3741; x_wconf 88' lang='lat' dir='ltr'>ente</span> <span class='ocrx_word' id='word_1_366' title='bbox 1320 3676 1459 3740; x_wconf 85' lang='lat' dir='ltr'>increato</span> <span class='ocrx_word' id='word_1_367' title='bbox 1478 3675 1541 3741; x_wconf 86' lang='lat' dir='ltr'>hoo</span> <span class='ocrx_word' id='word_1_368' title='bbox 1562 3676 1677 3742; x_wconf 85' lang='lat' dir='ltr'>deficit.</span> <span class='ocrx_word' id='word_1_369' title='bbox 1804 3747 1806 3750; x_wconf 57' lang='grc'><strong>,</strong></span> 
     </span>
     <span class='ocr_line' id='line_1_31' title="bbox 81 3781 1679 3867; baseline 0.003 -23"><span class='ocrx_word' id='word_1_370' title='bbox 81 3798 214 3847; x_wconf 88' lang='lat' dir='ltr'>numero</span> <span class='ocrx_word' id='word_1_371' title='bbox 234 3782 294 3867; x_wconf 88' lang='lat' dir='ltr'>qui</span> <span class='ocrx_word' id='word_1_372' title='bbox 315 3781 392 3848; x_wconf 87' lang='lat' dir='ltr'>dicit</span> <span class='ocrx_word' id='word_1_373' title='bbox 408 3781 623 3849; x_wconf 87' lang='lat' dir='ltr'>diversitatem</span> <span class='ocrx_word' id='word_1_374' title='bbox 643 3783 678 3847; x_wconf 95' lang='lat' dir='ltr'>in</span> <span class='ocrx_word' id='word_1_375' title='bbox 695 3802 731 3848; x_wconf 90' lang='lat' dir='ltr'>re</span> <span class='ocrx_word' id='word_1_376' title='bbox 748 3787 780 3849; x_wconf 91' lang='lat' dir='ltr'>et</span> <span class='ocrx_word' id='word_1_377' title='bbox 793 3803 853 3849; x_wconf 88' lang='lat' dir='ltr'>na-</span> <span class='ocrx_word' id='word_1_378' title='bbox 908 3782 997 3849; x_wconf 88' lang='lat' dir='ltr'>Unde</span> <span class='ocrx_word' id='word_1_379' title='bbox 1020 3783 1179 3862; x_wconf 87' lang='lat' dir='ltr'>Hilarius,</span> <span class='ocrx_word' id='word_1_380' title='bbox 1203 3783 1242 3850; x_wconf 85' lang='lat' dir='ltr'>de</span> <span class='ocrx_word' id='word_1_381' title='bbox 1267 3783 1426 3851; x_wconf 74' lang='lat' dir='ltr'>Trinitote</span> <span class='ocrx_word' id='word_1_382' title='bbox 1452 3783 1615 3849; x_wconf 73' lang='lat' dir='ltr'>:alleum</span> <span class='ocrx_word' id='word_1_383' title='bbox 1637 3803 1679 3849; x_wconf 86' lang='lat' dir='ltr'>ex</span> 
     </span>
     <span class='ocr_line' id='line_1_32' title="bbox 81 3889 1679 3975; baseline 0.003 -24"><span class='ocrx_word' id='word_1_384' title='bbox 81 3890 162 3969; x_wconf 86' lang='lat' dir='ltr'>tura,</span> <span class='ocrx_word' id='word_1_385' title='bbox 175 3891 232 3954; x_wconf 87' lang='lat' dir='ltr'>sed</span> <span class='ocrx_word' id='word_1_386' title='bbox 245 3890 305 3973; x_wconf 90' lang='lat' dir='ltr'>qui</span> <span class='ocrx_word' id='word_1_387' title='bbox 318 3889 394 3954; x_wconf 88' lang='lat' dir='ltr'>dicit</span> <span class='ocrx_word' id='word_1_388' title='bbox 406 3889 617 3954; x_wconf 83' lang='lat' dir='ltr'>differentiam</span> <span class='ocrx_word' id='word_1_389' title='bbox 628 3890 663 3953; x_wconf 94' lang='lat' dir='ltr'>in</span> <span class='ocrx_word' id='word_1_390' title='bbox 675 3892 852 3975; x_wconf 86' lang='lat' dir='ltr'>proprieta—</span> <span class='ocrx_word' id='word_1_391' title='bbox 907 3889 971 3955; x_wconf 89' lang='lat' dir='ltr'>lleo</span> <span class='ocrx_word' id='word_1_392' title='bbox 982 3896 1107 3971; x_wconf 89' lang='lat' dir='ltr'>natum,</span> <span class='ocrx_word' id='word_1_393' title='bbox 1115 3910 1175 3957; x_wconf 85' lang='lat' dir='ltr'>nee</span> <span class='ocrx_word' id='word_1_394' title='bbox 1184 3892 1335 3957; x_wconf 91' lang='lat' dir='ltr'>eumdem</span> <span class='ocrx_word' id='word_1_395' title='bbox 1342 3891 1501 3971; x_wconf 84' lang='lat' dir='ltr'>nativitas,</span> <span class='ocrx_word' id='word_1_396' title='bbox 1511 3910 1570 3957; x_wconf 91' lang='lat' dir='ltr'>uec</span> <span class='ocrx_word' id='word_1_397' title='bbox 1579 3891 1679 3957; x_wconf 90' lang='lat' dir='ltr'>alium</span> 
     </span>
     <span class='ocr_line' id='line_1_33' title="bbox 79 3996 1678 4084; baseline 0.002 -23"><span class='ocrx_word' id='word_1_398' title='bbox 79 3996 162 4062; x_wconf 81' lang='lat' dir='ltr'>dhus</span> <span class='ocrx_word' id='word_1_399' title='bbox 180 4003 212 4064; x_wconf 88' lang='lat' dir='ltr'>et</span> <span class='ocrx_word' id='word_1_400' title='bbox 231 3999 398 4080; x_wconf 83' lang='lat' dir='ltr'>relatione,</span> <span class='ocrx_word' id='word_1_401' title='bbox 423 4004 540 4065; x_wconf 88' lang='lat' dir='ltr'>natura</span> <span class='ocrx_word' id='word_1_402' title='bbox 558 4018 684 4084; x_wconf 91' lang='lat' dir='ltr'>semper</span> <span class='ocrx_word' id='word_1_403' title='bbox 704 4005 853 4068; x_wconf 90' lang='lat' dir='ltr'>manente</span> <span class='ocrx_word' id='word_1_404' title='bbox 907 4017 975 4063; x_wconf 89' lang='lat' dir='ltr'>esse</span> <span class='ocrx_word' id='word_1_405' title='bbox 994 4003 1111 4064; x_wconf 84' lang='lat' dir='ltr'>natura</span> <span class='ocrx_word' id='word_1_406' title='bbox 1130 4000 1330 4082; x_wconf 78' lang='lat' dir='ltr'>permittitzs</span> <span class='ocrx_word' id='word_1_407' title='bbox 1349 4004 1381 4065; x_wconf 90' lang='lat' dir='ltr'>et</span> <span class='ocrx_word' id='word_1_408' title='bbox 1393 4000 1448 4081; x_wconf 88' lang='lat' dir='ltr'>ita,</span> <span class='ocrx_word' id='word_1_409' title='bbox 1462 3999 1545 4064; x_wconf 86' lang='lat' dir='ltr'>siout</span> <span class='ocrx_word' id='word_1_410' title='bbox 1557 3998 1678 4064; x_wconf 83' lang='lat' dir='ltr'>dictum</span> 
     </span>
     <span class='ocr_line' id='line_1_34' title="bbox 81 4104 1743 4202; baseline 0.004 -35"><span class='ocrx_word' id='word_1_411' title='bbox 81 4104 172 4169; x_wconf 86' lang='lat' dir='ltr'>unica</span> <span class='ocrx_word' id='word_1_412' title='bbox 185 4108 218 4172; x_wconf 91' lang='lat' dir='ltr'>et</span> <span class='ocrx_word' id='word_1_413' title='bbox 230 4106 381 4173; x_wconf 86' lang='lat' dir='ltr'>indivise.</span> <span class='ocrx_word' id='word_1_414' title='bbox 396 4106 444 4172; x_wconf 81' lang='lat' dir='ltr'>Ex</span> <span class='ocrx_word' id='word_1_415' title='bbox 458 4108 519 4173; x_wconf 90' lang='lat' dir='ltr'>hoc</span> <span class='ocrx_word' id='word_1_416' title='bbox 531 4110 619 4191; x_wconf 84' lang='lat' dir='ltr'>patet</span> <span class='ocrx_word' id='word_1_417' title='bbox 631 4109 711 4175; x_wconf 91' lang='lat' dir='ltr'>illud</span> <span class='ocrx_word' id='word_1_418' title='bbox 724 4108 853 4174; x_wconf 83' lang='lat' dir='ltr'>Damas-</span> <span class='ocrx_word' id='word_1_419' title='bbox 907 4110 965 4185; x_wconf 89' lang='lat' dir='ltr'>est,</span> <span class='ocrx_word' id='word_1_420' title='bbox 989 4110 1075 4173; x_wconf 88' lang='lat' dir='ltr'>tenet</span> <span class='ocrx_word' id='word_1_421' title='bbox 1097 4108 1240 4174; x_wconf 89' lang='lat' dir='ltr'>medium</span> <span class='ocrx_word' id='word_1_422' title='bbox 1258 4107 1340 4173; x_wconf 86' lang='lat' dir='ltr'>inter</span> <span class='ocrx_word' id='word_1_423' title='bbox 1357 4107 1444 4173; x_wconf 90' lang='lat' dir='ltr'>idem</span> <span class='ocrx_word' id='word_1_424' title='bbox 1463 4109 1495 4174; x_wconf 90' lang='lat' dir='ltr'>et</span> <span class='ocrx_word' id='word_1_425' title='bbox 1513 4107 1677 4176; x_wconf 87' lang='lat' dir='ltr'>diversum</span> <span class='ocrx_word' id='word_1_426' title='bbox 1740 4198 1743 4202; x_wconf 10' lang='grc' dir='ltr'><strong>ἡ</strong></span> 
     </span>
     <span class='ocr_line' id='line_1_35' title="bbox 81 4227 1055 4280; baseline 0.004 -5"><span class='ocrx_word' id='word_1_427' title='bbox 81 4227 161 4278; x_wconf 84' lang='lat' dir='ltr'>cem.</span> <span class='ocrx_word' id='word_1_428' title='bbox 907 4232 1055 4280; x_wconf 83' lang='lat' dir='ltr'>numeru.</span> 
     </span>
    </p>
   </div>
   <div class='ocr_carea' id='block_1_3' title="bbox 551 4514 1161 4613">
    <p class='ocr_par' dir='ltr' id='par_1_6' title="bbox 551 4514 1161 4613">
     <span class='ocr_line' id='line_1_36' title="bbox 551 4514 1161 4613; baseline 0 -3"><span class='ocrx_word' id='word_1_429' title='bbox 551 4572 559 4585; x_wconf 93' lang='lat'><strong>·</strong></span> <span class='ocrx_word' id='word_1_430' title='bbox 632 4514 1024 4613; x_wconf 82' lang='lat' dir='ltr'>DlSTlNCTlO</span> <span class='ocrx_word' id='word_1_431' title='bbox 1065 4516 1161 4610; x_wconf 88' lang='lat' dir='ltr'>XX</span> 
     </span>
    </p>
   </div>
   <div class='ocr_carea' id='block_1_4' title="bbox 124 4742 1633 4911">
    <p class='ocr_par' dir='ltr' id='par_1_7' title="bbox 124 4742 1633 4911">
     <span class='ocr_line' id='line_1_37' title="bbox 124 4742 1633 4812; baseline 0.001 -19"><span class='ocrx_word' id='word_1_432' title='bbox 124 4742 260 4793; x_wconf 77' lang='lat' dir='ltr'>emanso</span> <span class='ocrx_word' id='word_1_433' title='bbox 282 4746 363 4803; x_wconf 85' lang='lat' dir='ltr'>onon</span> <span class='ocrx_word' id='word_1_434' title='bbox 384 4747 499 4803; x_wconf 72' lang='lat' dir='ltr'>amour</span> <span class='ocrx_word' id='word_1_435' title='bbox 519 4746 717 4794; x_wconf 80' lang='lat' dir='ltr'>rnnsoummr</span> <span class='ocrx_word' id='word_1_436' title='bbox 739 4745 836 4793; x_wconf 71' lang='lat' dir='ltr'>aaran</span> <span class='ocrx_word' id='word_1_437' title='bbox 854 4744 918 4793; x_wconf 80' lang='lat' dir='ltr'>uon</span> <span class='ocrx_word' id='word_1_438' title='bbox 938 4745 1074 4793; x_wconf 80' lang='lat' dir='ltr'>surnmr</span> <span class='ocrx_word' id='word_1_439' title='bbox 1095 4746 1326 4812; x_wconf 70' lang='lat' dir='ltr'>mammonas,</span> <span class='ocrx_word' id='word_1_440' title='bbox 1351 4747 1431 4795; x_wconf 81' lang='lat' dir='ltr'>nuuc</span> <span class='ocrx_word' id='word_1_441' title='bbox 1445 4746 1633 4796; x_wconf 82' lang='lat' dir='ltr'>osrnuorruu</span> 
     </span>
     <span class='ocr_line' id='line_1_38' title="bbox 512 4836 1245 4911; baseline 0 -9"><span class='ocrx_word' id='word_1_442' title='bbox 512 4855 594 4911; x_wconf 86' lang='lat' dir='ltr'>ouon</span> <span class='ocrx_word' id='word_1_443' title='bbox 615 4856 688 4903; x_wconf 75' lang='lat' dir='ltr'>ium</span> <span class='ocrx_word' id='word_1_444' title='bbox 713 4836 776 4903; x_wconf 81' lang='lat' dir='ltr'>irou</span> <span class='ocrx_word' id='word_1_445' title='bbox 795 4854 944 4902; x_wconf 75' lang='lat' dir='ltr'>uremur</span> <span class='ocrx_word' id='word_1_446' title='bbox 964 4855 1062 4903; x_wconf 67' lang='lat' dir='ltr'>ouran</span> <span class='ocrx_word' id='word_1_447' title='bbox 1082 4853 1245 4902; x_wconf 68' lang='lat' dir='ltr'>sornam.</span> 
     </span>
    </p>
   </div>
   <div class='ocr_carea' id='block_1_5' title="bbox 81 5057 1795 5271">
    <p class='ocr_par' dir='ltr' id='par_1_8' title="bbox 81 5057 1795 5271">
     <span class='ocr_line' id='line_1_39' title="bbox 121 5057 1795 5155; baseline 0.007 -29"><span class='ocrx_word' id='word_1_448' title='bbox 121 5057 221 5129; x_wconf 91' lang='lat' dir='ltr'>Nunc</span> <span class='ocrx_word' id='word_1_449' title='bbox 242 5059 412 5131; x_wconf 87' lang='lat' dir='ltr'>ostendere</span> <span class='ocrx_word' id='word_1_450' title='bbox 432 5067 548 5149; x_wconf 86' lang='lat' dir='ltr'>restat,</span> <span class='ocrx_word' id='word_1_451' title='bbox 566 5082 634 5155; x_wconf 89' lang='lat' dir='ltr'>quo</span> <span class='ocrx_word' id='word_1_452' title='bbox 654 5060 752 5131; x_wconf 90' lang='lat' dir='ltr'>modo</span> <span class='ocrx_word' id='word_1_453' title='bbox 772 5059 885 5154; x_wconf 84' lang='lat' dir='ltr'>alique</span> <span class='ocrx_word' id='word_1_454' title='bbox 899 5059 1020 5129; x_wconf 89' lang='lat' dir='ltr'>harum</span> <span class='ocrx_word' id='word_1_455' title='bbox 1034 5081 1250 5153; x_wconf 88' lang='lat' dir='ltr'>personarum</span> <span class='ocrx_word' id='word_1_456' title='bbox 1263 5060 1363 5129; x_wconf 86' lang='lat' dir='ltr'>aliam</span> <span class='ocrx_word' id='word_1_457' title='bbox 1377 5082 1445 5129; x_wconf 92' lang='lat' dir='ltr'>non</span> <span class='ocrx_word' id='word_1_458' title='bbox 1458 5061 1595 5131; x_wconf 78' lang='lat' dir='ltr'>excellat</span> <span class='ocrx_word' id='word_1_459' title='bbox 1608 5078 1675 5155; x_wconf 59' lang='lat' dir='ltr'>po*</span> <span class='ocrx_word' id='word_1_460' title='bbox 1700 5101 1795 5147; x_wconf 52' lang='lat' dir='ltr'>effice.</span> 
     </span>
     <span class='ocr_line' id='line_1_40' title="bbox 81 5164 1795 5271; baseline 0.006 -31"><span class='ocrx_word' id='word_1_461' title='bbox 81 5175 202 5263; x_wconf 87' lang='lat' dir='ltr'>tentia;</span> <span class='ocrx_word' id='word_1_462' title='bbox 220 5184 272 5265; x_wconf 88' lang='lat' dir='ltr'>ul,</span> <span class='ocrx_word' id='word_1_463' title='bbox 288 5177 372 5247; x_wconf 89' lang='lat' dir='ltr'>sicut</span> <span class='ocrx_word' id='word_1_464' title='bbox 384 5201 453 5246; x_wconf 90' lang='lat' dir='ltr'>uua</span> <span class='ocrx_word' id='word_1_465' title='bbox 466 5184 499 5246; x_wconf 89' lang='lat' dir='ltr'>et</span> <span class='ocrx_word' id='word_1_466' title='bbox 511 5177 701 5247; x_wconf 86' lang='lat' dir='ltr'>indifferens</span> <span class='ocrx_word' id='word_1_467' title='bbox 722 5184 771 5247; x_wconf 89' lang='lat' dir='ltr'>est</span> <span class='ocrx_word' id='word_1_468' title='bbox 792 5176 985 5268; x_wconf 78' lang='lat' dir='ltr'>magnitudo</span> <span class='ocrx_word' id='word_1_469' title='bbox 1005 5176 1125 5265; x_wconf 88' lang='lat' dir='ltr'>trium,</span> <span class='ocrx_word' id='word_1_470' title='bbox 1142 5177 1189 5245; x_wconf 92' lang='lat' dir='ltr'>ita</span> <span class='ocrx_word' id='word_1_471' title='bbox 1210 5199 1279 5245; x_wconf 90' lang='lat' dir='ltr'>una</span> <span class='ocrx_word' id='word_1_472' title='bbox 1302 5184 1335 5244; x_wconf 86' lang='lat' dir='ltr'>et</span> <span class='ocrx_word' id='word_1_473' title='bbox 1355 5176 1548 5248; x_wconf 85' lang='lat' dir='ltr'>indifferens</span> <span class='ocrx_word' id='word_1_474' title='bbox 1565 5201 1674 5248; x_wconf 89' lang='lat' dir='ltr'>mons·</span> <span class='ocrx_word' id='word_1_475' title='bbox 1688 5164 1795 5271; x_wconf 46' lang='lat' dir='ltr'>32⁰&amp;ss</span> 
     </span>
    </p>
   </div>
   <div class='ocr_carea' id='block_1_6' title="bbox 81 5293 1796 5397">
    <p class='ocr_par' dir='ltr' id='par_1_9' title="bbox 81 5293 1796 5397">
     <span class='ocr_line' id='line_1_41' title="bbox 81 5293 1796 5397; baseline 0.006 -41"><span class='ocrx_word' id='word_1_476' title='bbox 81 5295 189 5360; x_wconf 82' lang='lat' dir='ltr'>tratur</span> <span class='ocrx_word' id='word_1_477' title='bbox 202 5293 351 5385; x_wconf 87' lang='lat' dir='ltr'>potentia</span> <span class='ocrx_word' id='word_1_478' title='bbox 365 5294 478 5365; x_wconf 89' lang='lat' dir='ltr'>trium.</span> <span class='ocrx_word' id='word_1_479' title='bbox 493 5293 671 5364; x_wconf 86' lang='lat' dir='ltr'>Sciendum</span> <span class='ocrx_word' id='word_1_480' title='bbox 691 5301 739 5364; x_wconf 86' lang='lat' dir='ltr'>est</span> <span class='ocrx_word' id='word_1_481' title='bbox 753 5316 844 5385; x_wconf 79' lang='lat' dir='ltr'>ergo,</span> <span class='ocrx_word' id='word_1_482' title='bbox 867 5293 947 5387; x_wconf 88' lang='lat' dir='ltr'>quia</span> <span class='ocrx_word' id='word_1_483' title='bbox 964 5316 1034 5363; x_wconf 92' lang='lat' dir='ltr'>non</span> <span class='ocrx_word' id='word_1_484' title='bbox 1057 5301 1106 5362; x_wconf 88' lang='lat' dir='ltr'>est</span> <span class='ocrx_word' id='word_1_485' title='bbox 1124 5293 1288 5386; x_wconf 86' lang='lat' dir='ltr'>potentior</span> <span class='ocrx_word' id='word_1_486' title='bbox 1306 5294 1405 5364; x_wconf 86' lang='lat' dir='ltr'>Pater</span> <span class='ocrx_word' id='word_1_487' title='bbox 1425 5294 1532 5385; x_wconf 81' lang='lat' dir='ltr'>Filio,</span> <span class='ocrx_word' id='word_1_488' title='bbox 1547 5295 1796 5397; x_wconf 50' lang='lat' dir='ltr'>noelli-{1333</span> 
     </span>
    </p>
   </div>
   <div class='ocr_carea' id='block_1_7' title="bbox 108 5462 1308 5624">
    <p class='ocr_par' dir='ltr' id='par_1_10' title="bbox 108 5462 1308 5624">
     <span class='ocr_line' id='line_1_42' title="bbox 108 5462 1308 5531; baseline 0.003 -16"><span class='ocrx_word' id='word_1_489' title='bbox 108 5462 118 5497; x_wconf 87' lang='lat'>¹</span> <span class='ocrx_word' id='word_1_490' title='bbox 132 5463 208 5515; x_wconf 84' lang='lat' dir='ltr'>loon.</span> <span class='ocrx_word' id='word_1_491' title='bbox 223 5465 354 5529; x_wconf 71' lang='lat' dir='ltr'>Damaso,</span> <span class='ocrx_word' id='word_1_492' title='bbox 371 5464 402 5516; x_wconf 79' lang='lat' dir='ltr'>de</span> <span class='ocrx_word' id='word_1_493' title='bbox 420 5464 483 5517; x_wconf 78' lang='lat' dir='ltr'>Fide</span> <span class='ocrx_word' id='word_1_494' title='bbox 495 5464 603 5528; x_wconf 66' lang='lat' dir='ltr'>clud,</span> <span class='ocrx_word' id='word_1_495' title='bbox 617 5465 662 5516; x_wconf 86' lang='lat' dir='ltr'>lib.</span> <span class='ocrx_word' id='word_1_496' title='bbox 678 5465 712 5518; x_wconf 94' lang='lat' dir='ltr'>lll</span> <span class='ocrx_word' id='word_1_497' title='bbox 720 5501 729 5528; x_wconf 92' lang='lat'>‚</span> <span class='ocrx_word' id='word_1_498' title='bbox 743 5479 767 5517; x_wconf 88' lang='lat' dir='ltr'>c.</span> <span class='ocrx_word' id='word_1_499' title='bbox 778 5478 805 5518; x_wconf 91' lang='lat' dir='ltr'>v1</span> <span class='ocrx_word' id='word_1_500' title='bbox 824 5465 853 5517; x_wconf 90' lang='lat' dir='ltr'>in</span> <span class='ocrx_word' id='word_1_501' title='bbox 864 5465 1016 5531; x_wconf 75' lang='lat' dir='ltr'>princip·</span> <span class='ocrx_word' id='word_1_502' title='bbox 1027 5466 1036 5502; x_wconf 89' lang='lat'><strong>¹</strong></span> <span class='ocrx_word' id='word_1_503' title='bbox 1048 5465 1123 5531; x_wconf 74' lang='lat' dir='ltr'>leid,</span> <span class='ocrx_word' id='word_1_504' title='bbox 1137 5466 1183 5519; x_wconf 84' lang='lat' dir='ltr'>lib.</span> <span class='ocrx_word' id='word_1_505' title='bbox 1199 5467 1224 5531; x_wconf 87' lang='lat' dir='ltr'>l,</span> <span class='ocrx_word' id='word_1_506' title='bbox 1238 5477 1308 5519; x_wconf 77' lang='lat' dir='ltr'>uxr.</span> 
     </span>
     <span class='ocr_line' id='line_1_43' title="bbox 113 5550 1002 5624; baseline 0.006 -20"><span class='ocrx_word' id='word_1_507' title='bbox 113 5550 145 5618; x_wconf 78' lang='lat' dir='ltr'>(a)</span> <span class='ocrx_word' id='word_1_508' title='bbox 159 5553 234 5607; x_wconf 80' lang='lat' dir='ltr'>Edit.</span> <span class='ocrx_word' id='word_1_509' title='bbox 251 5555 310 5609; x_wconf 80' lang='lat' dir='ltr'>Vm.</span> <span class='ocrx_word' id='word_1_510' title='bbox 325 5555 363 5622; x_wconf 81' lang='lat' dir='ltr'>tri,</span> <span class='ocrx_word' id='word_1_511' title='bbox 377 5555 428 5609; x_wconf 83' lang='lat' dir='ltr'>loeo</span> <span class='ocrx_word' id='word_1_512' title='bbox 442 5555 491 5623; x_wconf 90' lang='lat' dir='ltr'>ibi,</span> <span class='ocrx_word' id='word_1_513' title='bbox 503 5570 678 5624; x_wconf 67' lang='lat' dir='ltr'>perperam-</span> <span class='ocrx_word' id='word_1_514' title='bbox 689 5554 721 5623; x_wconf 81' lang='lat' dir='ltr'>(t)</span> <span class='ocrx_word' id='word_1_515' title='bbox 734 5557 796 5610; x_wconf 80' lang='lat' dir='ltr'>Cot.</span> <span class='ocrx_word' id='word_1_516' title='bbox 807 5556 868 5609; x_wconf 81' lang='lat' dir='ltr'>edit.</span> <span class='ocrx_word' id='word_1_517' title='bbox 881 5569 1002 5610; x_wconf 88' lang='lat' dir='ltr'>numero.</span> 
     </span>
    </p>
   </div>
   <div class='ocr_carea' id='block_1_8' title="bbox 0 0 2054 6296">
    <p class='ocr_par' dir='ltr' id='par_1_11' title="bbox 0 0 2054 6296">
     <span class='ocr_line' id='line_1_44' title="bbox 0 0 2054 6296; baseline 0 0"><span class='ocrx_word' id='word_1_518' title='bbox 0 0 2054 6296; x_wconf 95' lang='lat' dir='ltr'> </span> 
     </span>
    </p>
   </div>
  </div>
 </body>
</html>
