4100 6300
363 409 423 470 l'fd
927 399 1338 483 sabrsnrlauoltrbls.
1362 403 1387 467 Ι.

360 538 546 607 municandi
556 536 653 603 estin
668 535 874 619 generatione
889 554 898 600 ε
913 554 992 619 ergo
1005 554 1132 605 necesse
1190 554 1256 600 una
1270 541 1396 617 natura,
1411 537 1491 620 qum
1505 557 1592 605 unias
1602 539 1645 604 sit
1656 538 1700 603 ab
1712 537 1791 617 alio,
1808 538 1959 603 relambo

360 651 407 712 est
419 648 453 710 in
466 647 582 711 divinis
593 662 711 728 ponere
725 643 977 726 generationem.
1188 660 1208 705 a
1221 642 1313 707 tertio
1329 667 1337 707 ι
1352 662 1449 725 ergo,
1464 662 1539 709 cum
1560 650 1635 711 ante
1657 646 1790 711 divinas
1818 663 1959 728 persinas

260 758 343 814 Ador-
400 754 537 819 Contra:
556 759 585 816 l.
601 751 766 817 Genuatio
782 752 817 815 in
837 751 991 816 creaturis
1010 755 1068 815 ant
1084 753 1132 815 est
1187 747 1269 812 nibil
1291 750 1350 830 sit,
1373 756 1497 834 oportet
1517 753 1604 835 qnod
1623 772 1691 817 una
1711 753 1756 815 sit
1774 753 1819 815 ab
1840 753 1917 832 alir3
1932 759 1960 817 a

239 832 286 876 Μ’
358 863 574 946 perfectionis,
589 864 646 925 aut
659 859 904 943 imperfectionis
928 859 984 922 :si
1007 859 1131 941 perfec·
1186 857 1340 938 quoniam
1354 862 1429 923 sunt
1441 860 1619 924 conformes
1633 861 1667 923 in
1680 863 1816 938 natura,
1830 866 1957 941 etgene

357 971 463 1049 tionis,
475 976 552 1037 tunc
562 987 652 1051 ergo,
667 987 743 1034 cum
754 968 940 1034 sumente
952 966 1132 1050 spirituales
1186 960 1266 1024 ratio
1280 966 1328 1025 est
1339 965 1497 1029 emanatio
1510 964 1688 1029 secundum
1703 965 1956 1029 conformitatem

357 1084 390 1145 et
411 1080 625 1163 incorporales
646 1079 712 1143 sint
736 1077 943 1143 nobilissimae
960 1076 1078 1152 ,debet
1094 1073 1130 1137 in
1185 1070 1836 1154 naturaeideocredoquodncoesscoetin
1848 1073 1954 1138 divina

356 1187 402 1250 eis
414 1186 578 1268 generatio
590 1204 658 1251 esse
675 1208 682 1251 :
698 1203 789 1269 ergo,
802 1204 877 1251 cnm
889 1203 956 1250 non
972 1184 1013 1247 sit
1023 1183 1058 1246 in
1069 1181 1127 1260 eis,
1185 1193 1304 1259 ponere
1319 1180 1568 1260 generationem.
1585 1180 1625 1244 Ut
1639 1185 1752 1246 autem
1765 1181 1955 1262 intelligatur
1986 1196 2026 1237 r,

356 1311 422 1358 non
436 1296 484 1359 est
495 1292 669 1358 nobilitatis
684 1315 691 1357 ε
706 1292 760 1356 sed
773 1292 860 1374 quod
870 1311 937 1358 non
951 1296 999 1357 est
1013 1290 1129 1356 nobili-
1185 1300 1356 1367 perquem
1379 1287 1528 1365 modum,
1549 1289 1729 1355 notandum
1750 1290 1843 1371 quod
1862 1274 2022 1371 gemaffi

357 1400 440 1480 tatis,
451 1419 516 1465 non
527 1404 575 1465 est
588 1401 622 1463 in
634 1400 713 1465 Deo:
725 1419 815 1482 ergo,
826 1403 887 1464 ete.
1184 1409 1267 1472 rare,
1281 1392 1321 1457 de
1331 1395 1381 1458 sui
1394 1397 1523 1479 propria
1535 1396 1669 1476 ratione,
1683 1401 1733 1461 est
1746 1397 1890 1461 similem
1901 1397 1954 1461 sibi

397 1512 428 1572 2,
441 1507 599 1586 Item,ubi
612 1511 660 1572 est
671 1507 848 1590 generatio,
862 1506 906 1570 ihi
918 1508 965 1570 est
977 1505 1126 1584 variatim
1183 1497 1219 1561 in
1231 1500 1450 1567 substantificat
1462 1507 1579 1568 natura
1591 1504 1780 1586 producere.
1797 1504 1867 1569 Sibi
1879 1524 1951 1570 vat)
2033 1576 2034 1603 ᾗ

358 1615 523 1697 generatio
544 1614 633 1678 enim
645 1618 692 1678 est
704 1614 831 1696 species·
840 1618 963 1691 motus,
978 1618 1010 1677 et
1021 1662 1031 1693 ,
1044 1614 1130 1677 inter
1184 1605 1323 1671 similem
1337 1608 1372 1672 in
1386 1614 1501 1675 natura
1513 1611 1688 1695 producere
1701 1613 1873 1696 tripliciter
1886 1619 1932 1678 cst
1945 1638 1954 1678 ι
2033 1606 2034 1621 ³

356 1740 469 1787 omnes
491 1722 610 1806 specics
634 1725 761 1801 motus,
787 1723 892 1804 major
917 1724 965 1786 est
995 1720 1130 1787 variatio
1184 1717 1242 1776 aut
1257 1733 1313 1796 per
1332 1715 1572 1798 impressionem
1594 1738 1662 1784 suae
1683 1720 1907 1785 similitudinis
1925 1723 1955 1784 in

358 1829 392 1893 in
417 1833 508 1894 motu
536 1829 714 1895 secundum
741 1829 964 1906 substantiam,
989 1822 1068 1911 qnia
1084 1831 1131 1892 est
1184 1820 1258 1901 alio,
1270 1826 1302 1886 et
1314 1823 1361 1886 sic
1375 1830 1547 1911 generatim
1559 1825 1723 1891 character
1737 1847 1759 1890 a
1772 1828 1955 1909 sigillatu-

357 1936 439 2000 entis
459 1936 495 1999 in
517 1938 676 2019 potentia,
700 1937 807 2001 minor
831 1937 867 1999 in
895 1941 986 2000 motu
1009 1954 1129 2000 secun-
1184 1946 1260 1991 men
1280 1948 1301 1993 ἃ
1325 1929 1497 2009 luminoso,
1520 1933 1638 2015 species
1659 1934 1700 1997 ab
1722 1935 1872 2016 objecto;
1901 1935 1956 1999 ³110

357 2042 437 2106 dum
461 2042 587 2122 locum;
614 2062 719 2124 ergo,
742 2062 818 2108 cum
847 2043 882 2107 in
910 2044 972 2108 [lec
996 2062 1063 2107 non
1090 2043 1131 2107 sit
1184 2038 1279 2103 modo
1298 2057 1355 2121 per
1373 2039 1575 2105 eductionem
1594 2041 1710 2124 speciei
1729 2042 1955 2106 consimilisab

357 2150 511 2228 variatio,
527 2170 586 2215 nec
609 2151 716 2233 aliqua
737 2151 855 2235 species
878 2155 1001 2232 motus,
1032 2152 1129 2216 etiam
1184 2143 1261 2224 alio,
1286 2151 1318 2210 et
1342 2146 1388 2211 sic
1408 2153 1581 2228 generatur
1606 2149 1808 2213 elementum
1835 2151 1877 2214 ab
1898 2149 1957 2214 ele·

357 2256 412 2320 illa
431 2274 505 2339 quae
524 2258 659 2322 minima
676 2232 744 2338 est,¹
756 2261 793 2322 nt
805 2257 867 2322 loci
878 2258 1033 2337 mutati03
1050 2277 1130 2340 ergo
1183 2255 1313 2329 mentm
1336 2253 1428 2316 ῑθῐῐὶῡ
1446 2254 1541 2320 modo
1564 2273 1621 2338 per
1643 2257 1894 2340 productionem
1916 2259 1957 2320 si-

357 2382 417 2427 nac
427 2366 601 2446 generatio.
1184 2358 1269 2423 milis
1283 2360 1322 2424 de
1334 2361 1441 2440 simili,
1454 2362 1522 2427 sive
1536 2363 1575 2428 de
1588 2366 1705 2447 seipso,
1720 2370 1755 2430 et
1770 2366 1818 2430 sic
1833 2385 1957 2448 genera

398 2476 427 2535 3.
442 2471 533 2552 Item,
551 2473 607 2537 ubi
621 2478 667 2538 est
681 2475 858 2555 generatio,
872 2474 918 2538 ibi
933 2478 980 2537 est
993 2490 1129 2555 corrup·
1183 2472 1237 2532 tur
1261 2470 1440 2534 animatum
1461 2471 1502 2534 ab
1529 2472 1694 2553 animato,
1718 2478 1752 2538 et
1771 2475 1836 2539 iste
1855 2476 1958 2538 tertiis

357 2577 402 2642 tio
419 2578 529 2643 tunde
544 2585 656 2645 auctor
675 2581 715 2664 (ol
733 2581 772 2647 cle
788 2581 902 2648 chsta
915 2583 937 2659 ¹,
953 2580 1012 2658 ait,
1029 2580 1126 2663 quod,
1183 2576 1299 2641 modus
1326 2583 1373 2642 est
1394 2579 1572 2661 perfectior.
1594 2579 1685 2644 Unde
1707 2598 1778 2645 non
1802 2583 1957 2664 reperitur

356 2691 486 2767 propter
492 2686 588 2767 longe
597 2691 680 2752 stare
691 2706 712 2752 a
720 2688 887 2771 principio,
899 2689 1022 2772 reliquo
1033 2687 1129 2753 modo
1182 2684 1246 2748 nisi
1259 2684 1293 2748 in
1308 2685 1493 2750 substantiis
1505 2687 1697 2751 habentibus
1709 2688 1856 2753 formam
1871 2690 1957 2754 nobi

357 2791 529 2874 complevit
554 2811 622 2857 esse
644 2793 745 2871 ilem,
767 2797 953 2861 continuam
976 2797 1073 2861 etiam
1094 2796 1129 2860 in
1182 2792 1257 2874 lem,
1270 2812 1345 2876 quae
1362 2799 1409 2858 est
1428 2794 1505 2859 vita.
1520 2793 1560 2858 Et
1574 2795 1634 2858 iste
1647 2795 1767 2861 modus
1781 2800 1958 2879 generatio

357 2897 409 2961 bis
426 2898 543 2962 faciem
563 2902 820 2982 generationem
835 2908 867 2969 et
883 2904 1074 2986 hujusmodi
1085 2905 1129 2968 si·
1183 2899 1234 2963 nis
1246 2903 1294 2964 est
1306 2900 1485 2971 secundum
1498 2902 1712 2980 nascentiam,
1728 2908 1764 2967 et
1779 2910 1831 2968 est
1851 2906 1886 2969 in
1904 2905 1959 2969 fleo

357 3022 464 3086 gnum
476 3010 535 3084 est,
549 3008 635 3090 quod
649 3009 715 3073 sola
726 3010 944 3093 corruptibilia
958 3016 1127 3093 generant,
1182 3011 1214 3071 et
1227 3008 1395 3088 creaturis,
1414 3009 1470 3073 sed
1483 3009 1675 3089 differenter,
1689 3009 1772 3093 quia
1785 3011 1957 3094 mmncare

356 3116 388 3177 et
402 3117 599 3195 generantur
613 3115 648 3180 in
662 3117 834 3182 creaturis:
851 3118 905 3183 sed
917 3118 952 3182 in
965 3118 1029 3184 lloo
1041 3118 1130 3188 nulla
1182 3114 1285 3179 alium
1298 3133 1340 3180 ex
1353 3116 1475 3199 seipso,
1487 3120 1590 3201 potest
1609 3136 1677 3183 esse
1696 3117 1889 3202 dupliciter,
1913 3120 1959 3184 rel

356 3220 440 3285 cedit
452 3222 633 3305 corruptio:
644 3241 723 3305 ergo
734 3241 794 3288 nec
809 3225 986 3306 generatio.
1182 3240 1224 3286 ex
1238 3241 1271 3288 se
1286 3227 1363 3303 toto,
1377 3224 1429 3288 vel
1441 3244 1482 3289 ex
1499 3231 1589 3308 parte
1602 3227 1663 3291 sui.
1686 3224 1737 3290 Ex
1751 3246 1789 3292 se
1807 3233 1878 3294 toto
1897 3247 1957 3292 non

396 3332 428 3392 d.
452 3327 548 3409 ltem,
562 3329 619 3393 ubi
642 3335 689 3394 est
711 3333 897 3412 generatio,
912 3332 957 3397 ibi
973 3333 1126 3413 nutriti03
1181 3335 1283 3413 potest
1294 3333 1469 3416 producere
1481 3334 1543 3397 nisi
1556 3335 1620 3413 ille,
1636 3337 1734 3418 euius
1748 3339 1893 3402 menda
1903 3357 1956 3420 po

355 3435 442 3499 unde
454 3435 495 3500 ad
508 3440 556 3501 tot
571 3441 603 3502 et
619 3437 727 3520 plures
744 3456 778 3503 se
795 3439 937 3505 extendit
955 3437 1005 3505 vis
1022 3440 1129 3505 nutri-
1181 3441 1242 3502 test
1253 3457 1321 3504 esse
1333 3440 1369 3503 in
1383 3440 1528 3523 plmibus
1538 3447 1645 3506 unact
1656 3448 1734 3507 tota.
1750 3442 1839 3509 Nam
1849 3446 1879 3508 si
1891 3463 1955 3510 non

354 3541 439 3619 tiva,
459 3561 558 3626 quam
579 3545 767 3626 generativa
782 3568 789 3610 :
805 3546 907 3611 sedin
919 3546 983 3611 Deo
995 3565 1064 3634 non
1081 3550 1129 3612 est
1181 3551 1364 3629 potestesse
1377 3548 1412 3611 in
1424 3549 1572 3630 pluribus
1583 3569 1649 3614 nna
1662 3555 1695 3614 et
1710 3555 1801 3632 tota;
1818 3553 1845 3617 si
1863 3571 1956 3635 gerre-

355 3647 404 3715 vis
436 3650 593 3716 nubitiva
613 3670 621 3714 τ
640 3670 719 3735 ergo
738 3670 798 3717 nec
817 3653 1010 3735 generativa
1024 3673 1034 3717 ι
1048 3672 1128 3737 ergo
1181 3671 1257 3718 rans
1270 3656 1324 3719 dat
1340 3659 1440 3719 totam
1453 3675 1545 3721 snam
1563 3657 1778 3722 substantiam
1793 3667 1953 3742 generato

354 3773 414 3819 nec
433 3758 576 3837 nutritio,
592 3777 651 3823 nec
662 3760 828 3843 generatio
844 3782 852 3824 ε
867 3779 948 3844 ergo
961 3762 1127 3845 generatio
1180 3765 1259 3826 tnnc
1268 3764 1445 3828 substantia
1458 3768 1523 3828 tota
1535 3766 1648 3828 transit
1660 3765 1696 3828 in
1705 3773 1916 3848 generatum,
1928 3773 1954 3832 et

282 3934 287 3942 ,
353 3879 420 3926 non
433 3868 480 3927 est
493 3864 528 3928 in
541 3865 671 3931 divinis.
1180 3888 1340 3952 generans
1361 3872 1464 3955 perdit
1487 3873 1699 3938 substantiam
1727 3879 1835 3940 totam
1861 3895 1955 3958 gme-

625 4027 839 4097 CONCLUSIO
1180 3977 1282 4042 nando
1295 3997 1304 4042 :
1318 3979 1405 4061 quod
1425 3996 1492 4043 esse
1515 3997 1582 4044 non
1610 3984 1725 4062 potest.
1757 3980 1837 4047 Ideo
1858 3982 1953 4047 adhue

843 4078 852 4095 ⁰
1180 4102 1307 4150 neccsse
1329 4086 1951 4169 estquodtalemhabeatsubsantiam

355 4178 420 4236 Gom
438 4183 541 4237 natura
553 4180 650 4238 divino
663 4185 700 4239 sit
716 4184 964 4254 communicabitis,
980 4185 1073 4257 ibique
1091 4189 1127 4243 stt
1180 4211 1255 4275 quae
1268 4213 1335 4258 una
1347 4200 1380 4260 et
1392 4200 1457 4261 mm
1472 4197 1736 4279 sitinplurihusg
1752 4198 1829 4263 talis
1850 4203 1951 4263 mm

389 4271 515 4342 aptitudo
529 4273 604 4329 cetri
618 4272 778 4356 mnjunoto,
793 4273 940 4331 indicente
954 4278 992 4331 eat
1005 4278 1126 4348 perfecto
1180 4296 1356 4361 substantia
1374 4317 1443 4364 non
1465 4303 1530 4380 est,
1545 4299 1610 4363 nisi
1631 4299 1816 4365 substantia
1838 4301 1952 4366 ham

389 4363 536 4429 temam·
1180 4405 1693 4489 summamsimplicitatemthaec
1705 4409 1951 4473 autemestsolr

393 4518 486 4602 Resp.
505 4520 547 4585 ad
573 4521 653 4603 Arg.
674 4520 949 4605 Dicendumquod
960 4524 1125 4605 generatio
1180 4512 1289 4576 divina
1310 4514 1467 4594 essentia,
1488 4514 1521 4577 in
1535 4532 1621 4614 qua,
1645 4521 1778 4598 propter
1793 4533 1947 4580 summam

353 4628 502 4710 ponenda
508 4628 598 4692 estin
609 4628 737 4694 divinis.
752 4627 859 4711 Hujm
868 4631 950 4696 ratio
961 4631 1126 4713 potissima
1180 4620 1432 4704 simplicitatem,
1446 4621 1647 4705 suppositum
1664 4641 1733 4687 non
1750 4623 1839 4688 addit
1852 4625 1893 4688 ad
1905 4642 1948 4688 cs·

352 4739 411 4815 est,
425 4739 462 4800 ut
474 4735 579 4815 credo,
590 4736 783 4818 quiaomnis
794 4741 969 4802 naturaest
981 4756 1126 4806 commu·
1180 4729 1334 4808 sentiam
1350 4728 1437 4793 unde
1452 4747 1511 4794 ¹10⁰
1528 4729 1628 4812 ilssflm
1650 4736 1810 4808 martial,
1833 4750 1894 4796 nec
1912 4731 1945 4793 li·

352 4841 496 4907 nicabilis
512 4861 520 4906 :
535 4846 566 4906 et
579 4844 656 4925 quia
668 4843 704 4907 in
717 4842 791 4924 fleo,
806 4848 936 4928 propter
948 4846 1000 4910 sui
1012 4848 1126 4912 nobili-
1180 4837 1286 4916 mitat,
1308 4854 1367 4900 110⁰
1385 4837 1521 4900 bimam
1542 4836 1752 4919 multiplica&
1781 4843 1814 4902 θῑ
1829 4838 1900 4902 idffl
1914 4837 1942 4899 11¹

352 4951 462 5029 tatem,
477 4953 525 5013 est
533 4950 677 5032 aptitudo
686 4951 772 5015 actm
783 4955 963 5034 conjuncta,
977 4954 1044 5018 imo
1057 4954 1126 5038 ipse
1180 4961 1218 5008 80
1231 4947 1412 5025 potestesse
1427 4945 1590 5025 generatio
1607 4946 1850 5009 communicans
1856 4963 1940 5009 eom·

351 5059 454 5133 actus,
466 5059 590 5139 oportet
602 5057 690 5139 quod
700 5062 817 5123 natura
831 5058 872 5123 sit
884 5058 1032 5142 pluribus
1039 5080 1125 5127 com-
1180 5051 1254 5114 dem
1271 5051 1480 5115 substantiam
1501 5055 1619 5132 totam,
1641 5058 1675 5117 et
1694 5053 1769 5117 telis
1787 5051 1938 5135 &suffitio

353 5164 546 5227 manicata:
567 5164 622 5229 sed
643 5183 711 5230 non
729 5169 864 5250 possunt
875 5185 943 5233 23⁵0
957 5168 1066 5250 plures
1084 5170 1125 5233 ab
1180 5160 1227 5220 est
1245 5158 1437 5223 omnimodae
1457 5159 1670 5241 perfectionis,
1693 5162 1781 5225 etin
1804 5160 1869 5224 solo
1885 5158 1936 5222 lieo

388 5287 398 5321 ι
412 5287 556 5349 pem„
567 5301 672 5352 propos.
685 5301 758 5342 m,
1073 5307 1075 5311 -
1180 5266 1348 5347 reperitur,
1356 5266 1480 5332 ratione
1486 5269 1558 5351 jam
1567 5269 1663 5335 dicta.
1676 5269 1748 5335 Alio
1757 5269 1860 5350 modo,
1870 5285 1936 5332 orn·

387 5375 607 5442 (campenart.
1179 5374 1933 5463 tingitatiquemexsepmducereqmntnmrd
