4100 6300
468 563 473 574 ,
554 502 650 568 olsr.
672 501 709 567 X.
733 501 848 566 PART.
868 501 893 566 l.
915 500 1065 578 QUAEsr.
1089 500 1141 563 lll.
1609 505 1666 564 195

70 660 139 707 uno
151 659 276 719 amora:
287 639 404 722 etquis
414 654 506 703 amor
515 636 730 720 propriissime
739 655 842 701 nexus
935 641 967 701 t.
992 637 1041 703 Ad
1062 636 1142 700 illud
1164 635 1251 718 quod
1273 635 1432 717 objicitur,
1457 633 1543 717 quod
1563 652 1668 698 nexus

71 753 131 825 est,
146 750 217 814 ideo
230 748 367 832 Spiritus
380 750 509 810 sanetus
528 744 655 827 proprie
668 762 770 811 nexus
783 750 841 821 est,
897 743 1023 820 dicitur,
1035 749 1092 808 aut
1102 742 1179 827 qnia
1190 742 1299 819 nectit,
1312 747 1388 821 etc.;
1401 742 1572 807 dicendum
1582 741 1668 824 quod

71 857 150 940 quia
162 875 254 921 amor
267 862 402 920 mutuus
415 857 463 919 eat
476 870 567 918 amor
586 853 706 917 unicus
727 856 759 917 et
771 853 844 917 sub-
897 852 1046 933 quaedam
1060 852 1135 914 sunt
1147 850 1246 912 rerba
1264 867 1337 931 quae
1351 849 1386 912 in
1404 868 1481 912 voce
1503 848 1606 912 activa
1622 850 1669 911 si-

72 964 262 1029 stantiticns.
898 958 1055 1039 gnificant
1075 956 1266 1039 passionem,
1291 959 1330 1020 nt
1350 957 1450 1020 verba
1472 956 1512 1020 ad
1537 974 1669 1020 sensnm

24 1076 55 1169 ζ’]
115 1078 146 1135 l.
160 1071 209 1136 Ad
222 1071 300 1136 illud
315 1069 492 1152 ergoqncd
506 1068 656 1151 objicitur
669 1068 844 1132 incontra·
897 1065 1118 1148 pertinentia„
1141 1067 1179 1127 ut
1201 1062 1310 1143 uideo,
1337 1062 1453 1141 audio,
1482 1067 1513 1127 et
1536 1063 1668 1141 similia3

73 1179 173 1256 rium,
187 1179 272 1261 quod
284 1197 352 1243 non
365 1182 412 1242 est
424 1194 530 1242 nexus
541 1176 603 1239 nisi
612 1180 843 1259 separatorum,
898 1173 1047 1256 quedam
1058 1174 1093 1236 in
1104 1190 1181 1238 voca
1193 1174 1296 1237 activa
1307 1172 1491 1254 significant
1501 1172 1669 1246 actionem,

73 1286 247 1351 dicendum
262 1286 350 1369 quod
362 1284 517 1367 separatio
530 1283 646 1349 dicitur
659 1283 843 1367 tripliciter:
899 1284 937 1346 nt
959 1282 1057 1361 facio,
1081 1285 1113 1344 et
1130 1282 1291 1362 percutio:
1309 1280 1457 1344 similiter
1479 1280 1514 1343 in
1534 1279 1670 1362 passiva.

73 1395 255 1459 secundum
264 1390 681 1471 mandamentorum
691 1390 846 1474 separatio
900 1387 1074 1452 Dicendum
1089 1387 1191 1469 igitur
1204 1386 1290 1470 qnod
1303 1387 1364 1451 hoc
1378 1386 1465 1468 quod
1479 1389 1527 1450 est
1539 1392 1670 1465 nectere,

73 1502 200 1580 locsdis3
217 1505 248 1566 ct
261 1501 435 1566 secundum
450 1499 661 1564 differentiam
675 1518 732 1582 per
745 1516 848 1563 essen·
898 1512 975 1558 cum
988 1498 1113 1559 nectere
1127 1493 1251 1558 dicatur
1264 1492 1413 1576 Spiritus,
1435 1494 1512 1576 quia
1527 1494 1567 1557 ab
1584 1497 1674 1557 utro-

72 1611 210 1686 tiam,.et
220 1608 266 1673 sic
276 1608 393 1673 dicitur
406 1606 563 1688 separatio
575 1606 804 1684 substantialis:
817 1609 849 1668 et
901 1620 963 1683 qne
977 1601 1131 1684 procedit,
1144 1605 1228 1666 recte
1239 1601 1274 1664 in
1287 1619 1365 1665 voce
1377 1601 1482 1665 activa
1492 1601 1673 1685 passionem

73 1718 255 1781 secundum
279 1715 492 1781 differentiam
517 1713 718 1797 proprietatis
738 1712 846 1776 relati-
901 1711 1073 1793 significat,
1091 1714 1124 1773 et
1142 1710 1178 1772 in
1199 1709 1325 1792 passiva
1347 1710 1527 1774 actionem:
1553 1714 1585 1774 et
1603 1710 1674 1774 ideo

73 1821 848 1905 vae,(aletsicn0ndiciturseparatioproprie,sed
901 1837 968 1882 non
987 1816 1189 1899 significatur
1209 1817 1297 1899 quod
1315 1817 1435 1900 aliquid
1457 1817 1511 1882 det
1535 1816 1621 1881 Patri
1644 1820 1676 1881 et

74 1932 247 1995 distinctio.
257 1928 292 1994 ln
302 1928 587 2012 quolibetistorum
593 1929 849 1992 modorumcon-
903 1925 994 2006 Filio,
1011 1925 1066 1989 sed
1081 1925 1166 2007 quod
1180 1924 1284 2005 magis
1298 1924 1439 2007 recipiat.

77 2039 251 2120 tingitesse
264 2056 385 2102 nexum
400 2060 406 2100 :
421 2037 496 2118 quic
508 2054 587 2118 ergo
599 2035 692 2099 Pater
704 2039 737 2099 et
749 2034 851 2099 Filius

75 2151 154 2209 sunt
169 2146 316 2225 distincti,
337 2145 408 2209 ideo
427 2149 512 2208 recte
529 2144 680 2208 dicuntur
694 2142 848 2210 connecti.
1151 2164 1208 2244 ΟΠ
1211 2164 1250 2229 AE
1255 2164 1354 2232 5p10
1376 2166 1430 2231 ΠΙ.

119 2258 149 2317 2.
163 2253 213 2317 Ad
224 2252 304 2317 illud
317 2251 403 2334 quod
414 2251 575 2332 objicitur,
589 2252 674 2333 quod
688 2253 852 2315 natusest

78 2361 116 2424 in
142 2379 207 2443 qno
231 2359 331 2443 adqui
354 2360 419 2423 duo
445 2358 658 2437 conveniunt,
682 2358 851 2422 dicendum

76 2469 163 2550 qnod
182 2472 229 2532 est
242 2466 466 2532 convenientia
485 2465 671 2541 essentialis,
693 2470 725 2528 et
737 2483 852 2529 conve-
945 2460 1060 2528 Utrum
1078 2463 1215 2546 Spiritus
1230 2468 1361 2530 sanctim
1374 2467 1502 2549 proprie
1516 2467 1557 2531 sit
1577 2465 1677 2551 Spiri-
1728 2509 1757 2539 u,
1772 2509 1795 2539 ,.

75 2575 200 2639 nientia
221 2574 402 2655 originalis:
424 2577 455 2637 et
476 2591 579 2637 nexus
600 2578 735 2655 utroque
757 2573 853 2636 modo
905 2574 974 2648 tus;
997 2576 1028 2634 ct
1051 2572 1136 2653 quod
1157 2573 1211 2651 sic,
1237 2573 1364 2637 videtur
1385 2574 1448 2637 hoc
1462 2575 1576 2639 modo:
1602 2575 1679 2657 qrria
1692 2572 1740 2603 ”¹⁰¹¹
1764 2588 1771 2601 ·

78 2686 184 2764 potest
203 2682 367 2745 dictasse:
390 2685 422 2745 et
442 2681 590 2762 quamvis
604 2679 698 2744 Pater
710 2684 743 2744 et
755 2679 854 2743 Filius
906 2696 1043 2761 persona
1055 2677 1192 2761 Spiritus
1204 2680 1304 2744 sancti
1318 2681 1378 2745 isto
1387 2682 1519 2747 nomine
1533 2683 1680 2766 propriis-

78 2808 147 2853 non
157 2788 764 2871 communicentiormaliterinpersona
774 2806 852 2865 una,
907 2791 987 2855 sime
1014 2790 1212 2871 designatur,
1241 2810 1306 2874 quo
1334 2791 1370 2875 lo)
1400 2792 1515 2857 dicitur
1543 2774 1680 2876 Spiritus

78 2900 191 2960 tamen
217 2895 416 2978 originaliter
446 2895 652 2974 conveniunt,
682 2895 759 2977 qrria
787 2914 855 2959 una
881 2956 883 2963 ,
908 2900 1055 2960 sanctus:
1089 2898 1145 2961 scd
1171 2896 1232 2962 hoc
1267 2896 1401 2978 nomen,
1432 2898 1584 2981 Sanctus,
1615 2919 1681 2964 non

81 3020 221 3084 persona
241 3003 343 3068 oritur
363 3004 403 3067 ab
432 3006 582 3086 utroque,
604 3020 671 3067 nno
693 3006 725 3067 et
743 3002 855 3066 codem
908 3008 1046 3068 coarctat
1058 3003 1120 3068 hoc
1128 3005 1214 3086 quod
1226 3008 1274 3070 est
1285 3004 1436 3089 Spiritus,
1448 3025 1523 3071 cnm
1536 3008 1577 3070 sit
1588 3025 1680 3091 aque

82 3111 192 3177 modo.
791 3187 794 3192 ,
909 3130 1103 3177 commune:
1120 3130 1199 3195 ergo
1210 3112 1349 3197 Spiritus
1358 3115 1486 3199 proprie
1498 3114 1613 3181 dicitur
1625 3115 1681 3180 illa

968 2315 1016 2371 Aa
1029 2316 1149 2388 Spiritus
1160 2318 1268 2372 sanctus
1278 2318 1391 2391 proprie
1404 2318 1525 2391 Spiritu
1538 2321 1576 2376 sit
1592 2318 1613 2377 ¹.

123 3223 154 3284 3.
167 3219 218 3312 ‘Ad
232 3218 312 3284 illud
326 3219 411 3302 quod
429 3219 589 3302 objicitur,
604 3219 691 3302 quod
710 3218 811 3283 Filios
825 3222 857 3283 et
909 3243 1056 3307 persons.

80 3324 223 3408 Spiritus
234 3331 362 3392 sanctos
375 3327 571 3391 conveniunt
584 3327 619 3389 in
632 3326 739 3405 Patre,
753 3327 857 3395 dicen·
951 3332 1044 3411 ltem,
1060 3331 1196 3415 Spiritus
1210 3331 1337 3412 dicitnr,
1352 3333 1438 3415 quod
1450 3336 1592 3418 spiratur
1606 3358 1614 3401 :
1628 3337 1683 3402 sed

80 3434 165 3497 dnm
177 3434 263 3515 quod
275 3435 498 3500 convenientia
509 3434 646 3516 originis
663 3435 779 3499 dicitnr
796 3434 857 3498 du·
911 3440 998 3522 quod
1018 3440 1170 3522 spiratur,
1194 3458 1260 3504 non
1281 3446 1467 3521 generatur,
1489 3461 1549 3507 nec
1571 3463 1683 3508 econ—

80 3540 208 3622 pliciter
223 3564 230 3604 :
244 3541 390 3623 autquia
403 3541 603 3606 oriunturab
616 3560 699 3621 uno;
713 3542 858 3624 autquia
911 3565 1026 3611 verso:
1061 3566 1157 3627 ergo,
1184 3566 1259 3611 cum
1284 3548 1398 3629 spirari
1423 3567 1487 3612 non
1516 3551 1684 3615 conveniat

81 3648 126 3711 ab
148 3647 195 3712 eis
207 3648 309 3712 oritur
324 3665 412 3714 unus
427 3671 434 3712 :
449 3649 478 3711 si
490 3648 568 3731 quia
581 3650 622 3712 ah
636 3668 715 3726 uno,
730 3650 775 3713 sic
792 3667 858 3713 non
912 3651 998 3718 Patri
1030 3673 1090 3718 nec
1121 3653 1217 3731 Filio,
1254 3672 1332 3736 ergo
1362 3655 1514 3720 convenit
1549 3654 1683 3740 Spiritui

81 3758 203 3824 dicitur
223 3777 338 3839 nexus,
363 3759 440 3841 quia
461 3778 566 3824 nexus
586 3766 634 3824 est
652 3761 732 3824 unio
751 3778 860 3825 conae-
912 3766 1031 3826 sancto.

83 3884 191 3947 quens
211 3866 455 3947 distinctionem,
480 3868 535 3932 aad
555 3868 663 3932 unitas
680 3868 715 3931 in
733 3867 859 3948 origine
953 3869 1044 3947 ltem,
1058 3868 1205 3933 homines
1218 3868 1388 3933 concordes
1399 3869 1434 3933 in
1449 3887 1516 3937 nno
1528 3872 1614 3937 malo
1632 3873 1685 3938 di-

82 3973 243 4037 antecedit
258 3975 511 4052 distinctionem
526 3976 641 4039 sivero
654 3977 731 4057 quia
746 3975 860 4038 adno-
913 3981 1033 4039 cuntur
1053 3976 1378 4061 conspiratores„non
1396 3978 1475 4060 quia
1491 3978 1577 4043 idem
1591 3984 1683 4062 cogi-

82 4080 149 4146 hus
162 4081 260 4145 nnius
272 4081 366 4162 origo
378 4082 429 4161 sit,
444 4100 521 4147 cum
531 4082 577 4145 ibi
591 4082 632 4145 sit
642 4081 813 4160 distincti0,
828 4084 861 4145 et
912 4086 991 4160 tent,
1008 4083 1064 4146 sed
1080 4083 1157 4164 quia
1170 4082 1255 4147 idem
1277 4084 1401 4147 malum
1414 4089 1579 4167 appetunt,
1599 4088 1684 4153 etad

84 4205 284 4269 consequens
296 4189 386 4268 unic,
401 4188 618 4271 propriissime
630 4192 676 4252 est
690 4208 812 4252 nexus:
828 4192 861 4252 et
913 4189 999 4253 idem
1019 4190 1142 4254 malum
1165 4208 1251 4254 unrrs
1272 4191 1420 4255 omnium
1443 4196 1492 4255 est
1517 4193 1685 4275 colligatum

84 4297 132 4361 sic
155 4302 203 4362 est
224 4297 260 4362 in
282 4296 375 4364 Patre
395 4303 428 4364 et
449 4297 530 4363 Filio
553 4303 698 4382 respectu
723 4299 860 4381 Spiritus
914 4296 1064 4360 affectus:
1080 4314 1170 4378 ergo,
1185 4316 1260 4361 cum
1273 4298 1685 4381 spirctioaspirationeve-

83 4405 201 4469 sancti.
216 4405 315 4470 Aliter
328 4411 435 4471 tamen
450 4409 552 4489 potest
562 4407 623 4471 dici
638 4406 723 4489 quod
734 4424 801 4470 non
814 4409 861 4469 cst
914 4403 992 4481 niet,
1007 4420 1073 4466 non
1081 4402 1198 4468 dicitur
1208 4404 1324 4486 spirari
1334 4405 1396 4468 nisi
1404 4423 1517 4470 emor:
1533 4425 1614 4488 ergo
1624 4426 1684 4472 nec

83 4512 204 4592 simile,
224 4514 300 4595 quia
317 4513 417 4578 Filius
436 4518 469 4578 et
488 4514 625 4596 Spiritus
646 4518 860 4578 sanctaenon
915 4508 1053 4592 Spiritus
1060 4510 1381 4574 sanctusdiciturnisi
1392 4529 1505 4576 amor:
1521 4531 1610 4595 ergo,
1622 4518 1681 4578 etc.

83 4620 201 4686 eodem
213 4621 307 4686 modo
318 4622 540 4705 producuntur
550 4641 570 4686 a
582 4620 689 4700 Patre:
702 4622 756 4684 sed
768 4619 861 4685 Pater
955 4615 1092 4681 Contra:
1110 4618 1160 4680 1¹.
1178 4616 1320 4698 Spiritu
1332 4625 1380 4684 ert
1394 4621 1487 4699 Detur,
1503 4624 1534 4686 et
1548 4637 1610 4701 eor,
1624 4625 1684 4704 qut
1722 4641 1758 4686 ir
1768 4654 1805 4698 op-

83 4729 120 4791 at
131 4725 233 4791 Filius
242 4728 352 4793 codem
365 4730 461 4794 modo
472 4729 594 4811 spirant
604 4727 758 4811 Spiritum
769 4747 861 4793 sanc-
915 4722 1055 4794 adorant
1067 4739 1149 4800 cum,
1163 4724 1334 4805 suspiritu
1356 4730 1386 4791 et
1403 4728 1550 4806 veritate,
1564 4734 1684 4810 oportet
1699 4718 1746 4762 ¹³⁰⁸·

83 4838 172 4898 tnm.
186 4833 227 4898 Et
237 4836 366 4915 iterum,
385 4834 489 4900 Patris
502 4841 534 4899 et
553 4834 627 4898 Filii
639 4836 862 4900 convenientia
915 4828 1050 4896 odorum
1066 4850 1077 4892 .·
1096 4830 1151 4894 sed
1172 4834 1239 4894 tota
1259 4830 1396 4898 Trinitas
1419 4837 1465 4896 est
1489 4835 1651 4900 adoranda
1674 4858 1683 4901 :
1740 4852 1743 4858 ’

84 4944 138 5006 cst
153 4942 188 5005 in
201 4940 323 5025 Spiritu
335 4947 445 5008 sancto
460 4949 498 5007 ut
517 4943 554 5006 in
566 4946 795 5027 emoreretur
814 4948 862 5007 cst
916 4959 995 5024 crgo
1008 4945 1074 5007 tota
1086 4939 1222 5006 Trinitas
1233 4948 1281 5007 est
1292 4942 1442 5026 Spiritus.
1460 4943 1528 5009 Hoc
1538 4945 1624 5010 idem
1636 4948 1684 5013 di·

85 5053 238 5115 nectere:
259 5051 594 5116 sicnonccnvcniunt
609 5050 708 5115 Filius
720 5055 753 5115 et
765 5050 861 5135 Spiri-
916 5048 960 5112 cit
970 5048 1187 5130 Augustinus.

86 5157 448 5224 tussanctusinPrtra.
955 5158 987 5219 ἢ.
1011 5154 1091 5220 ltem
1106 5157 1229 5222 ratione
1246 5155 1424 5222 ostenditur
1441 5158 1504 5223 hoc
1516 5159 1603 5226 idem
1616 5162 1684 5227 sic:

125 5318 186 5382 ‚05
197 5318 271 5372 Q·
283 5318 472 5383 mm,
487 5319 743 5384 mmmm
758 5318 862 5371 svm
916 5260 1056 5347 Spiritus
1067 5264 1219 5332 dividitur
1229 5268 1340 5330 conae
1352 5283 1489 5351 eorpus:
1505 5287 1584 5352 ergo
1600 5271 1687 5354 quod

90 5404 158 5455 mar,
171 5406 198 5455 p.
209 5392 229 5454 t,
240 5402 369 5456 nuru,
379 5395 428 5443 art.
439 5394 451 5442 t
460 5406 469 5454 ;
482 5392 665 5456 regrum,
676 5390 772 5452 dist-x,
785 5403 861 5457 q.rr;
917 5427 1049 5492 ΗΜ.)
1065 5428 1074 5478 Ι
1088 5427 1169 5490 sm,
1183 5428 1242 5478 dm·
1251 5439 1285 5492 Χ,
1300 5442 1326 5492 ᾧ
1338 5439 1383 5491 1113
1397 5429 1488 5483 mm·
1501 5432 1574 5497 ΠΕΟ,
1587 5434 1598 5482 1
1608 5433 1689 5497 sem„

126 5496 163 5564 (a)
178 5498 240 5549 Goet.
251 5496 313 5548 edit.
326 5496 441 5548 rendre.
450 5496 520 5564 -ttl
534 5498 597 5550 item
609 5498 690 5564 quod.
918 5499 980 5552 dist.
988 5512 1018 5566 x,
1031 5511 1088 5565 q.1,
1101 5505 1151 5552 art.
1162 5505 1187 5553 l.
1195 5526 1224 5538 -
1234 5501 1337 5565 rum,
1349 5511 1385 5565 rr,
1399 5503 1441 5553 tt.
