4100 6300
827 503 961 572 statio
984 504 1036 569 ΙΙΙ.

720 801 889 872 SECTIO
912 802 1107 872 TERTIA.

775 1024 814 1068 bn
837 1023 1059 1069 SUPPOSITI'I'IIS.

883 1225 904 1316 ξ
926 1225 954 1294 Ι.

591 1422 790 1513 Theologica
811 1423 1047 1516 expenduntur
1065 1421 1244 1515 Opuscula.

153 1649 180 1714 1.
201 1648 429 1732 compendium
447 1648 635 1732 Tteotoptcoe
648 1651 809 1717 cantetis.
827 1648 894 1714 Ine.
914 1649 1071 1717 Veritatis
1088 1649 1280 1733 manupae
1292 1647 1499 1727 sublimitas,
1512 1652 1575 1716 etc*

151 1836 277 1902 Mirum
289 1842 448 1920 qnantum
462 1838 606 1903 haereant
617 1838 872 1903 nomenclatores
884 1839 920 1902 in
933 1838 1119 1922 Compendii
1130 1838 1231 1920 hujus
1243 1841 1373 1902 auctore
1386 1836 1602 1902 decernendol
1619 1837 1711 1922 Sunt,

107 1946 169 2028 qui
181 1944 263 2009 illud
276 1945 439 2009 vindicent
452 1945 634 2011 Alexandro
648 1946 776 2025 Alensi,
791 1945 971 2010 Minoritae:
987 1949 1083 2023 sunt,
1097 1945 1155 2027 qui
1169 1944 1297 2008 Alberto
1313 1943 1450 2025 Magno,
1465 1943 1597 2010 Thomae
1611 1947 1714 2030 Aqui-

108 2052 201 2129 nati,
218 2050 471 2130 Beneventuree,
486 2051 613 2134 AEgidio
627 2052 789 2132 Romano,
807 2051 939 2135 Hugoni
952 2052 1232 2135 Argentoratensi,
1248 2053 1422 2135 ceterisque
1436 2052 1649 2136 Scriptoribus
1661 2073 1714 2120 as-

109 2163 234 2224 serant.
252 2158 289 2222 ln
303 2178 368 2242 qua
380 2161 569 2244 opinionum
584 2161 738 2225 verietate
751 2163 858 2236 muta,
874 2159 946 2241 quis
959 2159 1079 2224 sedebit
1087 2159 1214 2241 judex?

150 2266 292 2331 Romani
306 2266 464 2346 Editores,
480 2267 520 2331 ab
534 2267 584 2330 bis
598 2272 636 2332 ut
649 2268 778 2331 initium
791 2267 971 2350 capiamus,
992 2268 1054 2331 hoc
1069 2284 1137 2330 csse
1151 2265 1184 2330 S.
1199 2266 1435 2332 Bonarenturae
1449 2285 1531 2350 opus
1545 2270 1659 2350 putant
1671 2287 1713 2333 ex

109 2392 167 2450 eo,
185 2374 275 2457 quod
291 2375 327 2437 in
340 2374 474 2457 antiquo
488 2373 546 2438 llis.
566 2375 742 2458 exemplari
754 2373 906 2440 Vaticano
921 2374 961 2438 ad
978 2373 1163 2456 Compendii
1177 2375 1295 2438 calcem
1308 2374 1379 2439 baec
1398 2376 1501 2457 posita
1513 2374 1598 2440 sint:
1623 2375 1713 2441 Com-

106 2482 268 2566 pardium
284 2480 475 2565 Theolopt‘oae
486 2483 635 2550 oruata
649 2486 896 2549 nomoeotura.
912 2480 974 2546 Sed
987 2501 1008 2545 a
1020 2484 1098 2544 vend
1111 2481 1254 2546 alienum
1268 2501 1336 2546 non
1348 2482 1487 2561 videtur,
1500 2482 1533 2547 id
1544 2500 1662 2546 nomen
1672 2483 1713 2547 ab

109 2591 296 2674 alienigena
308 2608 409 2654 manu
421 2590 611 2672 inscriptum
621 2590 719 2655 tutae
733 2612 741 2654 :
756 2608 850 2669 nam,
864 2594 902 2653 ut
915 2589 967 2655 vel
981 2588 1043 2671 ipsi
1056 2586 1198 2653 Editorcs
1211 2607 1278 2653 non
1297 2589 1520 2670 dissimulant,
1539 2588 1713 2673 Scriptura
1796 2584 1799 2593 ⁴

108 2698 217 2763 torma
228 2697 385 2763 recentior
397 2697 531 2765 videtur,
541 2714 620 2761 esse.
642 2696 691 2761 Ex
708 2715 747 2761 eo
764 2701 919 2780 praeterea
938 2704 1110 2764 moventur
1124 2699 1282 2776 Editores,
1298 2699 1384 2783 quod
1398 2700 1433 2762 in
1452 2698 1515 2762 alio
1529 2702 1712 2780 pervetusto

110 2804 225 2870 Codice
233 2810 325 2870 extra
334 2803 561 2868 bibliothecam
571 2803 772 2882 Vaticanum,
785 2805 899 2887 inipso
910 2805 1016 2869 statim
1027 2806 1146 2872 initioa
1157 2807 1314 2890 superiori
1328 2810 1416 2889 parte
1428 2806 1557 2888 paginae
1569 2805 1713 2891 depictus

110 2913 154 2976 sit
164 2912 304 2977 Sanctus
317 2912 544 2977 bonaventura
555 2912 671 2976 docens
684 2930 702 2974 e
715 2916 884 2994 suggesto;
900 2931 920 2975 a
933 2917 1022 2995 parte
1033 2932 1110 2978 vero
1123 2914 1267 2977 interiori
1280 2917 1430 2978 cernatur
1442 2913 1552 2994 imago
1565 2912 1598 2977 S.
1614 2913 1712 2978 Fran·

109 3020 184 3086 cisci
197 3021 294 3101 signa
311 3019 424 3085 Christi
437 3018 645 3101 suscipientis.
666 3018 783 3082 Similis
798 3022 881 3083 certe
893 3018 1009 3096 Codex,
1025 3039 1060 3083 n.
1078 3018 1210 3100 DCCCV,
1221 3022 1340 3085 memb.
1354 3018 1472 3103 duplici
1492 3023 1642 3084 exaratus
1656 3040 1709 3085 co-

108 3127 225 3193 lumna
239 3126 309 3192 Sec.
321 3126 402 3207 xlv,
419 3130 565 3192 servatur
580 3125 616 3189 in
628 3124 709 3190 bibl.
724 3124 825 3208 Regia
838 3126 1045 3207 laurinensi,
1061 3131 1261 3192 attestatum
1276 3128 1397 3192 iaciunt
1414 3127 1456 3205 ii,
1476 3127 1534 3211 qui
1547 3131 1709 3193 recentem

110 3234 298 3317 Catalogum
312 3234 393 3299 Bibl.
408 3235 553 3318 ejusdem
566 3235 727 3299 coniecere
736 3235 757 3298 ¹.
774 3233 836 3299 Sed
846 3253 945 3318 quam
958 3254 1075 3317 anceps
1089 3236 1276 3318 conjiciendi
1291 3236 1360 3300 haec
1369 3235 1424 3299 via
1434 3236 1485 3311 sit,
1500 3235 1553 3299 vel
1565 3237 1710 3301 maxime

109 3345 320 3426 perspicuum
333 3346 370 3407 fit
382 3362 423 3407 ex
437 3362 496 3423 eo,
511 3343 597 3426 quod
609 3343 644 3405 in
657 3342 875 3425 compluribus
888 3342 962 3407 Mss.
983 3344 1167 3420 eodemus,
1187 3343 1301 3425 hisque
1314 3342 1557 3421 vetustissimis,
1577 3361 1643 3405 non
1658 3363 1710 3407 se-

110 3451 176 3514 mel
190 3451 407 3533 conspiciatur
424 3450 555 3515 illorum
569 3450 710 3531 effigies,
730 3467 871 3532 quorum
883 3468 949 3514 non
962 3456 1037 3514 sunt
1051 3454 1207 3514 auctores.
1225 3449 1356 3531 Effigies
1369 3450 1455 3513 enim
1469 3449 1539 3529 hae,
1555 3469 1634 3531 quas
1647 3470 1709 3515 sae-

103 3557 242 3639 ,pissime
255 3559 420 3622 intuemur
432 3558 467 3620 in
481 3556 554 3621 Mss.
573 3556 751 3636 codicibus,
769 3556 809 3622 ad
822 3576 935 3622 eorum
949 3560 1066 3622 nutum
1081 3559 1163 3621 fictae
1177 3562 1262 3635 sunt,
1276 3556 1332 3639 qui
1342 3555 1536 3620 vel-Codices
1548 3559 1709 3640 conscrip-

112 3671 237 3746 serunt,
252 3666 302 3730 vel
316 3666 394 3728 falsa
407 3666 556 3748 opinione
568 3666 655 3731 ducti
666 3665 707 3730 ad
720 3683 774 3730 cos
787 3667 946 3748 pertinere
958 3666 1103 3744 credunt,
1117 3665 1174 3748 qui
1187 3666 1227 3728 ab
1240 3665 1316 3747 ipsis
1330 3664 1628 3728 comminiscuntur.
1645 3665 1709 3730 Nec

109 3790 186 3836 vero
201 3772 324 3855 aliquid
340 3771 436 3836 Nobis
449 3772 570 3854 negotii
584 3773 725 3852 lacessit,
740 3773 826 3855 quod
840 3774 874 3836 hi
890 3773 1032 3854 Codices,
1048 3774 1105 3855 qui
1119 3773 1352 3838 Bonaventurae
1369 3772 1512 3853 effigiem
1529 3790 1597 3855 pree
1614 3791 1647 3837 se
1660 3775 1708 3838 ie-

108 3884 202 3960 runt,
219 3881 327 3944 seculo
343 3878 411 3944 XIV
424 3880 546 3944 exarati
557 3880 697 3945 tuerint:
713 3899 810 3956 nam,
829 3886 867 3945 ut
885 3880 1019 3945 inferius
1033 3882 1148 3945 dicturi
1162 3897 1294 3957 sumus,
1312 3878 1491 3962 complures
1506 3879 1633 3944 Codices
1645 3899 1706 3945 an-

108 3987 264 4068 tiquiores
280 3987 452 4064 habentur,
471 3989 529 4071 qtti
542 3987 663 4052 Alberti
677 3985 805 4068 Magni,
825 3986 943 4068 AEgidii
957 3988 1113 4067 Romani,
1134 3988 1283 4069 Hugonis
1295 3987 1573 4067 Argentoratensis
1588 4006 1707 4053 nomen

108 4092 143 4156 in
155 4094 262 4158 bonta
275 4098 401 4175 gerant.
423 4093 485 4158 Sed
497 4099 535 4157 ut
546 4094 742 4160 levissimam
758 4094 842 4158 hanc
856 4096 1044 4178 conjiciendi
1055 4097 1144 4161 viam
1157 4097 1341 4176 mittamus,
1357 4096 1609 4177 peremptorium
1625 4096 1706 4160 affe-

109 4218 218 4266 remus
230 4206 480 4282 argumentum,
497 4219 636 4284 quocnm
650 4201 823 4266 clarissime
836 4202 1109 4281 demonstremus,
1131 4203 1221 4267 nullo
1237 4202 1331 4266 modo
1344 4202 1415 4266 fleri
1428 4221 1540 4285 posse,
1558 4208 1595 4267 ut
1610 4204 1705 4268 Com-

109 4308 262 4389 pendium
279 4309 341 4373 hoc
353 4327 373 4373 a
383 4307 615 4374 bonaventura
632 4326 734 4373 manu
750 4310 913 4392 prodierit.
933 4310 994 4387 Qui
1010 4310 1047 4374 in
1064 4312 1160 4373 rebus
1178 4310 1264 4373 hisee
1280 4310 1332 4373 vel
1346 4309 1460 4373 leviter
1478 4316 1625 4376 versatus
1638 4316 1703 4390 est,

109 4412 193 4479 haud
211 4420 298 4480 certo
314 4417 461 4498 ignorat,
484 4416 635 4480 docmina
649 4416 893 4498 discrepantiam
906 4418 982 4482 satis
999 4418 1092 4481 nobis
1110 4417 1218 4481 indicii
1235 4435 1321 4493 esse,
1342 4421 1379 4480 ut
1397 4417 1599 4500 suppositum
1618 4417 1704 4501 Opus

107 4521 297 4601 J'udieemus.
314 4523 403 4586 Hane
416 4541 512 4605 porro
529 4522 681 4587 doctrina
699 4524 929 4588 dissonantiam
947 4524 1112 4589 evidenter
1133 4523 1401 4606 deprehendimus
1414 4523 1448 4586 in
1461 4523 1517 4587 lib.
1532 4522 1587 4587 ll.
1610 4524 1702 4589 Com-

110 4628 212 4708 pendii
225 4630 324 4710 hujus
342 4629 488 4712 capilli
503 4652 510 4692 :
530 4629 753 4706 suracusas,
771 4630 877 4713 inquit
892 4635 1021 4711 Auctor,
1040 4648 1132 4698 uouoe
1147 4630 1227 4713 tepea
1240 4630 1426 4711 justificent
1440 4636 1472 4696 et
1484 4637 1642 4712 quautam
1657 4633 1702 4698 ud

111 4749 187 4815 opus
197 4743 382 4818 mactum,
398 4743 428 4804 et
441 4742 599 4818 quonam
609 4737 654 4802 ud
667 4753 747 4819 opus
760 4753 897 4819 operm
904 4759 919 4818 ;
932 4737 988 4803 sed
1001 4739 1210 4805 Sacramenta
1223 4741 1337 4805 ueteris
1358 4738 1435 4819 lepis
1445 4737 1635 4817 justificant
1650 4757 1701 4807 so·

112 4839 173 4906 am
186 4852 341 4924 quootum
353 4844 398 4909 od
410 4859 490 4927 opus
502 4859 657 4926 werona,
671 4847 753 4926 outo
767 4860 832 4910 ooo
845 4845 993 4911 odebont
1006 4846 1219 4925 tumentibus,
1234 4847 1304 4911 utet
1317 4847 1474 4926 pecatum
1485 4845 1615 4912 illorum
1628 4847 1702 4913 eto

112 4950 192 5014 ittae
212 4957 241 5017 et
261 4951 386 5018 deuotio
411 4951 491 5031 sidet
507 4951 748 5018 attendebatur.
773 4952 840 5018 Hoc
858 4952 1054 5035 tutetttpitur
1074 4952 1112 5018 de
1131 4953 1384 5018 dreumctstone.
1411 4952 1440 5015 A
1461 4971 1526 5034 qua
1546 4954 1702 5019 meantia

111 5052 292 5137 longissime
311 5059 405 5123 distet
422 5058 650 5123 bonaventura
661 5060 695 5122 in
709 5049 766 5124 lib.
780 5058 832 5125 ll.
850 5060 1001 5138 sentent,
1017 5060 1091 5124 dist.
1108 5059 1140 5138 l,
1157 5064 1238 5142 part.
1251 5078 1296 5139 11,
1310 5063 1371 5123 art.
1386 5077 1431 5135 11,
1448 5063 1562 5141 quaest.
1577 5058 1641 5139 1113
1656 5061 1700 5124 si-

113 5161 238 5242 quidem
250 5166 382 5229 illorum
395 5166 597 5249 opinionem,
612 5166 672 5249 qui
685 5166 957 5232 cucumcisioucm
971 5168 1129 5249 putebant
1140 5166 1293 5231 delevisse
1306 5165 1437 5248 quidem
1455 5166 1583 5249 culpem
1596 5168 1700 5250 origi·

113 5267 233 5349 nalem,
252 5272 308 5335 sed
322 5272 461 5353 gretiam
479 5291 546 5337 non
559 5273 729 5338 contulisse
742 5294 800 5357 per
812 5295 866 5354 se,
886 5293 961 5338 cum
974 5274 1147 5354 refelleret,
1167 5278 1265 5356 atque
1280 5274 1475 5353 confutaret,
1491 5275 1536 5337 ita
1548 5276 1673 5358 scripsit
1688 5299 1697 5340 t

113 5371 312 5457 ilioposttr‘o
326 5382 430 5463 mepta
443 5381 531 5447 ultro
540 5384 716 5465 puteat,
733 5382 888 5461 edixit,
902 5381 1040 5465 quodie
1052 5383 1294 5449 cranemere
1307 5380 1633 5465 maturandae
1644 5382 1699 5449 de-

143 5499 284 5569 tegere,
298 5504 347 5557 001.
357 5509 380 5570 r,
395 5504 465 5558 aar.
480 5505 508 5556 a
523 5504 638 5570 carata.
