4100 6300
718 518 906 586 otsuuct.
927 518 1059 586 mlv.
1629 523 1688 584 839

61 712 71 753 3
108 677 259 724 mensura
272 663 499 725 ereaturarum
514 658 622 726 metiri
636 657 834 742 Creatorem,
850 656 941 725 addit
957 683 965 724 ε
985 657 1059 725 «Et
1070 656 1248 728 seeundum
1263 658 1325 727 hoc
1338 680 1405 729 non
1423 657 1511 727 idem
1525 667 1572 726 est
1584 656 1684 743 Deus,
1702 674 1806 783 dipppn:

41 856 45 863 4
108 781 138 840 et
151 771 237 862 quod
261 772 321 840 Dei
334 782 402 861 θεῖ,
417 801 434 839 a
458 797 495 843 ae
510 776 540 843 si
559 776 681 844 diceret
699 773 760 842 :Si
781 774 822 842 ad
846 773 949 842 instar
967 780 1192 842 ereaturarum
1206 775 1246 843 de
1259 774 1411 843 Creatore
1431 775 1549 861 sentis,
1564 797 1687 865 cogens
1701 798 1758 842 nem
1776 807 1809 847 nt

108 888 210 973 lateri,
226 888 384 978 quianon
397 891 485 959 idem
498 900 546 959 est
558 892 666 977 Deus,
682 898 714 959 et
733 889 823 981 quod
842 890 903 958 Dei
916 898 964 959 est
980 890 1097 987 :Oquod
1110 889 1217 959 dicere
1231 890 1372 982 impium
1388 899 1448 977 est,
1463 913 1538 959 oum
1552 891 1687 982 spiritus
1711 867 1796 969 ”iulii

32 1062 49 1087 ,1
108 1003 164 1073 Dei
177 1003 264 1072 Deus
277 1006 330 1088 sit,
347 1016 379 1073 et
388 1006 447 1074 Dei
460 1007 567 1076 Filius
580 1009 621 1076 sit
636 1009 735 1075 [leus.
1700 992 1804 1032 utare.»

49 1104 56 1109 ⁸
147 1118 219 1188 Nou
233 1142 310 1210 ergo
324 1123 505 1191 seeundum
517 1123 701 1215 corporales
716 1124 840 1205 modos,
857 1130 895 1191 ut
907 1122 943 1190 in
957 1123 1070 1191 eadem
1084 1122 1195 1191 subdit
1209 1123 1309 1210 serie,
1327 1123 1513 1215 aooipi'enda
1526 1131 1603 1192 sunt
1617 1123 1685 1192 hmo
1727 1123 1788 1174 ⁰³⁰⁶

1700 1187 1809 1230 nonaliud

44 1286 48 1291 =
105 1259 178 1328 quaa
196 1235 235 1305 de
249 1237 316 1305 lieo
336 1239 502 1307 dicuutur.
519 1240 584 1308 Ubi
603 1262 765 1308 evacuans
779 1238 966 1330 opinionem
981 1261 1096 1307 eorum
1110 1239 1228 1331 quiite
1241 1247 1355 1330 putant
1372 1239 1461 1308 aliud
1478 1239 1583 1307 Deum
1605 1263 1684 1326 esse,
1701 1249 1808 1366 {22:2⁵

54 1346 60 1353 “
104 1360 135 1419 θῖ
147 1352 235 1420 aliud
252 1354 339 1444 quod
354 1354 412 1422 llei
427 1363 487 1441 est,
503 1354 660 1446 aliudque
676 1362 828 1423 naturam
843 1354 914 1437 Dei,
929 1363 961 1422 et
975 1377 1044 1422 rem
1058 1363 1206 1442 natura,
1222 1364 1262 1423 ut
1274 1362 1322 1422 θεῖ
1340 1355 1374 1429 in
1394 1355 1562 1440 creaturis,
1577 1364 1687 1446 aperte
1700 1379 1808 1479 {ffffi'

43 1464 49 1471 ⁵
104 1467 193 1535 dooet
214 1491 281 1535 uon
297 1469 385 1537 aliud
405 1493 472 1538 esse
486 1471 590 1539 Deum
604 1524 613 1555 ,
628 1479 660 1538 et
675 1471 765 1539 alind
785 1470 875 1562 quod
896 1470 954 1538 Dei
975 1479 1035 1555 θεῖ,
1052 1470 1209 1561 aliudque
1228 1480 1381 1539 naturam
1399 1471 1457 1538 [lei
1467 1523 1476 1556 ,
1494 1477 1526 1539 et
1539 1493 1614 1562 quae
1628 1494 1688 1539 sua
1701 1462 1811 1569 anigno}

103 1593 198 1669 sunt,
215 1584 261 1653 ita
280 1594 317 1653 ut
333 1586 434 1654 insint
457 1587 527 1672 illi,
546 1588 591 1654 sio
616 1587 726 1654 diceus
740 1590 749 1624 ¹
770 1612 777 1652 ε
795 1587 955 1672 «Homo,
975 1595 1032 1654 aut
1046 1586 1170 1677 aliquid
1187 1586 1217 1654 ei
1231 1586 1359 1673 simile,
1378 1609 1454 1654 oum
1467 1586 1588 1654 alieubi
1603 1587 1686 1670 erit,
1702 1572 1807 1675 ,υζῖᾙω

28 1686 32 1709 ³
53 1712 56 1715 “
102 1701 179 1768 alibi
192 1723 260 1768 non
274 1702 335 1769 erit
351 1727 358 1768 z
376 1704 455 1794 quia
473 1704 506 1770 id
521 1703 609 1794 quod
628 1711 695 1788 θεῖ,
711 1702 780 1769 illio
792 1702 977 1770 continetur
991 1702 1049 1770 ubi
1062 1702 1162 1770 fuerit
1176 1702 1210 1770 in
1224 1702 1350 1787 forma,
1370 1710 1407 1769 ut
1422 1725 1487 1771 nou
1502 1702 1626 1793 ubique
1641 1702 1682 1770 sit
1703 1686 1809 1801 ffig,

101 1818 160 1908 qui
175 1817 327 1886 insistens
341 1819 462 1889 alicubi
479 1820 520 1886 sit
540 1819 650 1886 :Deus
663 1826 771 1886 antem
787 1819 955 1887 immensae
972 1818 1123 1904 virtutis,
1141 1819 1255 1886 vivens
1268 1827 1418 1909 potestas,
1435 1841 1509 1909 quae
1523 1842 1688 1910 nusquam
1713 1811 1800 1918 ¹:323·

27 1950 29 1955 ’
101 1955 167 2000 nou
180 1933 287 2018 adsit,
303 1956 361 2001 neo
375 1934 457 2002 desit
480 1959 621 2027 usquam
640 1961 648 2001 :
671 1959 745 2027 quae
758 1959 792 2002 se
805 1959 936 2004 omnem
950 1959 1008 2027 per
1020 1959 1080 2004 sua
1093 1935 1216 2021 edocet,
1231 1944 1263 2003 et
1275 1958 1335 2004 sua
1349 1958 1416 2004 non
1430 1935 1521 2003 aliud
1535 1959 1636 2027 quam
1655 1959 1689 2004 εθ

100 2072 167 2115 θεεθ
188 2049 371 2138 signifieat,
388 2058 425 2117 nt
446 2051 504 2118 ubi
528 2073 587 2120 sua
606 2051 727 2137 insint,
745 2051 814 2142 ipse
833 2074 901 2119 esse
920 2074 978 2143 per
1001 2074 1063 2119 sua
1079 2051 1295 2141 intelligatur.
1311 2050 1385 2119 Non
1405 2060 1514 2119 autem
1528 2051 1689 2142 corporali

28 2194 32 2199 ·
99 2165 195 2233 modo
210 2188 286 2233 oum
300 2166 421 2233 alicubi
435 2167 488 2253 sit,
506 2191 572 2235 non
589 2168 687 2235 etiam
695 2156 827 2260 ubique
843 2190 911 2236 esse
923 2168 1086 2251 credatur,
1102 2190 1176 2235 eum
1191 2190 1249 2257 per
1261 2190 1320 2235 sua
1333 2166 1368 2234 iu
1382 2166 1535 2235 omnibus
1542 2189 1610 2235 esse
1618 2190 1687 2235 non

98 2282 236 2350 desinat.
252 2281 325 2350 Non
341 2291 448 2351 autem
463 2285 555 2352 aliud
567 2292 645 2352 sunt
655 2307 754 2376 quam
768 2285 854 2375 quod
872 2285 940 2375 ipse
950 2292 1009 2369 est,
1018 2307 1093 2376 quae
1108 2307 1168 2352 sua
1181 2292 1268 2352 sunt.
1286 2283 1327 2351 Et
1339 2283 1550 2374 haeopropter
1560 2290 1685 2351 natura

38 2436 47 2441 -
98 2397 350 2487 intelligentiam
366 2400 553 2468 dictasunt.
573 2429 589 2465 a
605 2401 666 2468 llis
679 2400 789 2467 verbis
802 2408 912 2491 aperte
926 2400 1134 2489 significatur
1150 2400 1191 2489 (si
1207 2408 1314 2466 tamen
1329 2398 1497 2488 intelligis,
1514 2398 1683 2487 heretice)

25 2523 27 2531 '
97 2515 177 2605 quia
190 2514 305 2582 diviua
318 2524 437 2582 natura
451 2538 517 2583 non
534 2515 625 2584 aliud
640 2524 686 2583 est
700 2516 741 2584 ab
757 2515 819 2601 his,
835 2538 910 2608 quae
923 2539 984 2584 sua
996 2525 1086 2602 sunt,
1102 2516 1148 2583 ita
1163 2521 1200 2583 ut
1211 2516 1325 2601 insint,
1341 2524 1373 2583 et
1386 2538 1446 2607 per
1459 2515 1517 2583 illa
1531 2515 1565 2581 in
1580 2514 1688 2583 omui-

24 2678 34 2682 ·-
56 2716 64 2739 .
97 2631 159 2699 bus
168 2631 238 2699 suis
252 2639 309 2713 est,
325 2654 402 2723 quaa
415 2654 482 2699 non
497 2632 622 2701 insuat.
639 2631 709 2701 Sua
721 2633 810 2701 euim
823 2643 900 2701 sunt
914 2634 1011 2701 etiam
1026 2655 1102 2725 quaa
1117 2655 1183 2701 non
1197 2633 1328 2720 insunt,
1350 2631 1383 2700 id
1398 2641 1458 2716 est,
1474 2654 1586 2700 omnes
1600 2652 1687 2698 orea-

23 2764 41 2805 ·.·
99 2754 182 2815 turae
200 2771 208 2814 ε
225 2756 256 2814 θῖ
273 2770 332 2814 sua
350 2757 447 2835 suut,
464 2771 539 2839 quae
561 2749 696 2833 insunt,
714 2756 751 2816 ut
772 2757 837 2816 tres
851 2771 1016 2839 personae,
1032 2771 1108 2840 que
1121 2755 1200 2816 sunt
1212 2748 1359 2840 ejusdem
1372 2756 1512 2833 naturae,
1528 2756 1560 2815 et
1575 2747 1687 2815 eadem

29 2886 31 2891 ’
97 2870 234 2947 natura,
249 2864 334 2932 siout
352 2886 452 2955 supra
465 2878 477 2912 ¹
490 2864 670 2951 Augustini
686 2864 872 2935 testimonio
895 2864 1102 2933 firmavimus
1117 2865 1253 2934 dicentis
1276 2891 1283 2931 :
1305 2892 1322 2928 u
1346 2865 1426 2932 Tres
1447 2885 1599 2955 personas
1619 2885 1687 2930 esse

24 3025 26 3042 2
97 2979 245 3070 ejusdem
260 2980 418 3064 essentia,
431 2980 483 3047 vel
496 2981 643 3048 eamdem
653 2980 837 3064 essentiam,
848 2981 903 3048 sed
918 3003 983 3048 non
994 3002 1035 3047 ex
1048 2979 1159 3048 eadem
1170 2981 1319 3065 essentia,
1328 3003 1369 3048 ne
1380 2979 1471 3048 aliud
1481 2979 1687 3068 intelligatur

24 3162 26 3165 .
98 3095 250 3183 essentia,
269 3095 360 3165 aliud
378 3118 559 3188 persona.»
577 3096 650 3166 Non
670 3104 780 3165 tamen
800 3096 983 3165 diffitemur
1002 3096 1147 3188 aliquam
1161 3096 1403 3165 distinctionem
1417 3096 1601 3165 habendam
1615 3097 1685 3166 fore

96 3212 279 3280 seeundum
293 3211 519 3301 intelligentiae
532 3214 703 3299 rationem,
719 3236 793 3281 oum
807 3213 927 3281 dieitur
940 3213 1139 3304 hypostasis,
1155 3220 1188 3280 et
1202 3235 1277 3280 oum
1292 3212 1412 3282 dicitnr
1426 3213 1562 3281 essentia
1580 3239 1587 3280 :
1603 3213 1684 3306 quia

30 3379 32 3384 ,
95 3328 142 3395 ihi
155 3327 361 3417 significatur
378 3328 467 3419 quod
482 3337 530 3396 est
541 3352 715 3397 commune
738 3329 860 3416 tribus,
878 3329 931 3396 hio
948 3351 1027 3397 vero
1041 3351 1119 3396 nou.
1138 3329 1192 3396 Est
1207 3336 1316 3396 tamen
1337 3328 1519 3420 hypostasis
1531 3330 1684 3417 essentia,

96 3453 128 3510 et
142 3466 160 3511 e
174 3466 343 3511 converso.
359 3444 535 3512 Fatoamur
547 3467 625 3533 ergo
641 3467 746 3512 uuum
760 3453 859 3535 atque
874 3443 962 3511 idem
978 3466 1046 3512 esse
1059 3454 1124 3512 tres
1136 3466 1289 3536 personas
1302 3444 1482 3513 secuudum
1497 3450 1682 3537 essentiam,

24 3604 25 3607 =
94 3560 284 3628 differentes
303 3568 413 3628 autem
433 3560 698 3651 proprietatibus.
722 3560 817 3629 Unde
837 3560 1046 3650 Augustinus
1069 3583 1167 3653 supet·
1189 3562 1298 3629 looum
1321 3569 1537 3651 praetaxatum
1560 3565 1683 3632 Psalmi

24 3756 26 3761 ¹
94 3676 165 3743 θεῖ’
183 3700 191 3741 :
213 3675 370 3755 «Quaeris
382 3676 463 3766 quid
477 3676 517 3742 sit
532 3677 648 3744 Pater?
663 3677 890 3767 Respondetur
907 3701 915 3743 :
932 3677 1032 3744 Deus.
1049 3676 1177 3756 Quaeris
1198 3676 1278 3768 quid
1292 3676 1333 3744 sit
1349 3677 1456 3745 Filius
1471 3703 1479 3745 :
1494 3679 1682 3771 Responde·

94 3801 169 3859 tur:
183 3792 283 3860 Deus.
297 3791 425 3871 Quaris
436 3791 516 3883 quid
531 3792 573 3859 sit
582 3792 679 3860 Pater
692 3802 724 3860 et
736 3791 1117 3884 Filius‘lRespoudetui:
1134 3791 1231 3860 Deus.
1242 3791 1290 3860 De
1299 3792 1438 3881 siugulis
1447 3795 1679 3884 interrogatus,
1715 3822 1719 3830 ·

91 3908 203 3977 Deum
225 3906 394 3999 responde.
416 3907 462 3974 De
487 3916 626 3999 utroque
645 3909 864 3998 interrogatus
874 3961 884 3995 ,
900 3932 966 3977 non
991 3908 1094 3994 Deos,
1112 3908 1168 3977 sed
1183 3908 1290 3976 Deum
1311 3908 1481 4000 responde.
1497 3909 1571 3979 Non
1584 3911 1631 3979 sio
1644 3913 1679 3981 in

92 4023 298 4091 homiuibus.
319 4023 424 4090 Tanta
443 4024 530 4090 enim
548 4034 596 4091 est
616 4025 663 4092 ibi
684 4025 874 4093 substantia
895 4025 1018 4110 unitas,
1035 4034 1073 4093 ut
1087 4024 1309 4117 aequalitatem
1325 4024 1493 4113 admittat,
1509 4026 1681 4118 pluralita-

91 4147 159 4206 tem
174 4161 244 4206 non
256 4131 417 4206 admittat.
434 4138 470 4207 Si
484 4162 561 4228 ergo
575 4140 634 4207 tihi
647 4141 770 4209 dietum
784 4142 884 4208 fuerit
900 4167 908 4207 ε
925 4141 1008 4209 Cum
1022 4141 1102 4208 diois
1115 4140 1239 4208 Filium
1254 4140 1312 4208 Dei
1325 4164 1393 4210 esse
1406 4143 1494 4234 quod
1509 4144 1605 4213 Pater
1619 4154 1679 4231 θεῖ,

88 4239 239 4346 profecto
262 4254 367 4323 Filius
386 4254 483 4324 Pater
503 4264 568 4338 est3
584 4256 743 4347 responde
762 4256 975 4325 :Secundum
996 4256 1212 4324 substantiam
1226 4256 1285 4323 tibi
1303 4256 1373 4325 dixi
1392 4258 1453 4332 hoo
1471 4281 1538 4328 esse
1558 4260 1682 4329 Filium

90 4370 183 4459 quod
198 4369 295 4437 Pater
313 4379 382 4457 est,
398 4393 465 4438 non
480 4371 659 4440 seeundum
678 4372 711 4440 id
729 4372 816 4464 quod
838 4372 878 4442 ad
901 4372 992 4441 aliud
1010 4372 1142 4440 dieitur.
1159 4372 1211 4439 Ad
1234 4395 1267 4440 se
1288 4373 1376 4441 enim
1391 4373 1512 4442 dieitur
1525 4376 1624 4460 Deus,
1640 4378 1681 4445 ad

88 4485 227 4554 Patrem
247 4485 368 4554 dieitur
380 4486 497 4554 Filius.
522 4487 735 4579 Rursumque
756 4488 854 4556 Pater
872 4489 913 4557 al
933 4511 967 4556 se
989 4487 1109 4556 dieitur
1128 4487 1227 4573 Deus,
1242 4487 1283 4555 ad
1297 4487 1421 4557 Filium
1435 4490 1531 4558 Pater
1544 4491 1674 4561 dieitur.

89 4601 188 4682 Quod
212 4600 332 4668 dieitur
353 4601 393 4669 ad
416 4602 539 4670 Filium
560 4603 669 4690 Pater,
690 4627 757 4671 non
780 4613 827 4672 est
854 4603 956 4673 Filius
979 4627 987 4669 :
1010 4602 1100 4695 quod
1117 4602 1238 4670 dieitur
1258 4601 1363 4670 Filius
1384 4604 1425 4672 ad
1446 4605 1589 4692 Patrem,
1612 4631 1680 4677 non

89 4727 138 4785 est
152 4716 252 4784 Pater
267 4742 275 4782 :
291 4717 380 4808 quod
395 4718 514 4786 dieitur
527 4719 624 4787 Pater
638 4721 680 4788 ad
689 4743 735 4806 se,
751 4730 783 4788 et
797 4720 901 4788 Filius
914 4720 954 4788 ad
967 4743 1013 4804 se,
1031 4719 1091 4787 hoo
1104 4727 1151 4786 est
1164 4718 1261 4785 Pater
1274 4725 1306 4785 et
1318 4717 1435 4806 Filius,
1453 4721 1486 4789 id
1501 4730 1560 4809 est,
1576 4724 1675 4794 Deus.

134 4833 200 4901 Hie
215 4832 485 4901 considerandum
501 4843 548 4902 est
571 4860 578 4901 :
595 4858 671 4903 oum
689 4836 777 4904 Deus
790 4837 831 4903 sit
843 4836 956 4904 divina
969 4834 1106 4904 essentia
1112 4887 1121 4920 ‚
1137 4841 1169 4901 et
1186 4834 1233 4901 ita
1250 4832 1377 4902 dicatur
1398 4859 1485 4904 unus
1511 4837 1597 4908 Deus
1610 4863 1676 4910 esse
1695 4914 1699 4923 ,
1720 4853 1798 4926 utun}

90 4959 159 5017 tres
174 4972 340 5040 persona,
355 4950 438 5018 sieut
453 4974 520 5019 una
541 4953 681 5020 essentia
693 4953 813 5020 dieitur
828 4962 892 5020 tres
905 4974 1073 5044 personae,
1088 4959 1201 5018 utrum
1221 4950 1267 5016 ita
1287 4949 1392 5017 valeat
1405 4974 1482 5020 sane
1498 4954 1574 5041 dici,
1592 4979 1679 5024 unus
1693 4918 1802 5020 lilii}

88 5067 182 5134 Deus
195 5066 296 5132 trium
310 5088 538 5156 personarum,
554 5077 585 5135 et
597 5075 662 5135 tres
677 5091 822 5160 personae
837 5068 937 5136 unius
949 5068 1021 5154 Dei,
1037 5067 1120 5135 sieut
1134 5065 1253 5133 dieitur
1267 5087 1335 5142 una
1346 5068 1483 5136 essentia
1496 5070 1597 5139 trium
1607 5096 1680 5164 per-
1713 5030 1781 5135 llll

88 5202 267 5267 sonarum,
283 5190 314 5249 et
333 5191 398 5249 tres
419 5205 567 5275 personae
590 5185 689 5252 unius
711 5185 869 5252 esseutiae.
894 5185 933 5251 ln
957 5184 1008 5252 his
1036 5180 1258 5252 locutionibus
1288 5181 1457 5272 scriptura
1483 5209 1561 5253 nsus
1584 5188 1679 5257 nobis
1692 5167 1800 5272 puemnpqq

89 5295 302 5365 aemulandus
319 5297 461 5383 videtur,
479 5299 536 5367 ubi
549 5299 739 5391 frequenter
753 5301 914 5392 reperitur
926 5301 972 5368 ita
985 5301 1108 5368 dietum
1126 5322 1134 5365 :
1151 5296 1226 5367 Una
1239 5306 1287 5365 est
1300 5298 1438 5366 essentia
1454 5301 1553 5369 trium
1568 5327 1680 5395 perso·
1693 5285 1737 5324 ¹⁸⁶⁵
1751 5293 1800 5338 Μ

117 5437 132 5558 ἒ
147 5435 281 5559 Ηὲἳτ.,ιᾴ
299 5439 378 5504 Tria,
394 5439 437 5491 lib.
453 5442 524 5506 Vlll,
543 5456 570 5491 u.
585 5443 766 5496 24.-¹D'1st.
780 5455 795 5493 v
809 5448 947 5493 etxxv.-
962 5441 1169 5524 ⁸Aug.,¹llnurr.
1187 5441 1214 5490 tn
1232 5439 1274 5489 Ps.
1290 5449 1388 5503 ullu,
1401 5455 1478 5507 super
1491 5443 1568 5499 illud:
1583 5449 1618 5499 Εῖ
1631 5465 1678 5504 non

88 5522 115 5557 es
137 5521 169 5557 su
209 5522 288 5559 unta.
1448 5532 1452 5539 ·
