4100 6300
719 457 943 526 ENCYCLICAE
962 456 1154 527 LlrruuAE.
1684 483 1731 529 vu

135 590 361 683 perquireret,
385 614 530 686 quorum
551 594 630 665 forti
650 601 685 663 et
697 593 790 663 fideli
803 616 903 686 opera
924 596 966 664 ad
978 597 1027 665 rei
1043 597 1197 667 maximae
1214 597 1458 685 tractationem,
1477 605 1576 690 atque
1589 598 1732 691 explica-

134 723 259 795 tionem
279 736 443 817 uteretur,
462 729 530 799 duo
547 730 583 798 in
597 730 712 822 primis
725 728 905 798 clarissima
925 718 1017 800 illius
1030 730 1134 800 aetatis
1150 730 1296 816 lumina,
1317 730 1478 800 eduobus
1491 731 1730 801 florentissimis

133 860 309 931 ordinibus
323 863 578 934 Praedicatorum
593 870 626 931 et
639 863 806 931 Minorum
818 863 940 952 delegit
954 864 1102 951 Sanctos,
1118 865 1294 951 Thomam,
1306 873 1339 934 et
1352 865 1632 954 Bonaventuram,
1645 891 1729 960 quos

133 994 175 1062 ad
187 1017 223 1063 se
236 995 285 1065 ire
295 998 404 1089 jussit.
426 999 490 1068 Sed
505 1020 580 1068 cum
596 996 679 1081 alter
696 997 817 1090 inipso
835 998 952 1068 itincre
965 999 1001 1068 in
1015 1001 1171 1069 morbum
1184 1000 1368 1089 incidisset,
1385 1012 1484 1096 atque
1497 1004 1538 1072 ad
1550 1004 1665 1094 gloriae
1677 1028 1730 1076 oo-

132 1150 250 1198 ronam
261 1132 397 1201 feliciter
405 1135 575 1225 evolasset,
588 1138 623 1208 S.
636 1140 870 1209 Bonaventura
882 1136 1087 1225 Lugdunum
1096 1136 1262 1228 profectus
1274 1135 1510 1206 humanissime
1520 1146 1673 1231 exceptus
1682 1149 1731 1209 est

131 1285 151 1331 a
162 1262 318 1336 Romano
330 1268 490 1340 Pontifice
503 1272 676 1363 Gregorio,
688 1274 748 1367 qui
759 1273 795 1341 in
805 1272 876 1364 ejus
885 1270 1008 1338 virtute
1021 1275 1053 1335 et
1062 1265 1222 1359 sapientia
1233 1266 1280 1334 ita
1289 1267 1526 1359 acquiescebat,
1540 1277 1578 1337 ut
1590 1269 1730 1338 Concilii

129 1406 218 1468 recte
231 1400 418 1491 dirigendi,
443 1413 476 1474 et
489 1406 743 1476 administrandi
757 1415 865 1499 partas
879 1404 910 1473 ei
930 1402 1093 1496 praeoipue
1112 1399 1304 1468 tribuendas
1317 1423 1385 1470 esse
1399 1400 1597 1473 decerneret.
1618 1404 1729 1487 Quare
1757 1385 1762 1393 ’

129 1554 171 1600 ex
184 1535 319 1625 publica
333 1538 484 1609 Ecclesiae
497 1542 656 1629 utilitate,
671 1551 704 1610 et
716 1541 923 1624 necessitate,
940 1546 978 1605 nt
993 1534 1110 1628 majori
1124 1558 1201 1603 cum
1214 1534 1373 1625 dignitate
1390 1544 1423 1605 et
1437 1539 1629 1609 auctoritate
1643 1540 1729 1611 Con-

128 1666 198 1735 cilii
212 1669 313 1740 rebus
331 1694 400 1741 non
412 1672 521 1743 solum
535 1675 725 1760 interesset,
749 1673 805 1742 sed
822 1680 994 1766 preesset3
1019 1673 1134 1741 statuit
1153 1674 1322 1744 lucernam
1336 1676 1504 1745 ardentem
1519 1685 1551 1746 et
1564 1679 1728 1749 lucentem

127 1826 231 1896 supra
244 1806 409 1875 excelsum
422 1808 659 1877 candelabrum
672 1831 806 1902 ponere,
822 1807 909 1877 utin
922 1808 1020 1877 domo
1035 1809 1094 1877 uei
1108 1811 1214 1899 magis
1226 1811 1361 1880 luceret.
1378 1811 1493 1905 Itaque
1507 1813 1542 1882 S.
1560 1814 1729 1885 bonaven-

127 1946 238 2009 turam
250 1942 361 2012 nullos
371 1944 512 2012 honores
520 1952 743 2037 appetentem,
755 1944 936 2035 fugientem
948 1945 1071 2037 potius,
1083 1944 1139 2013 sed
1153 1944 1275 2014 Christi
1288 1946 1421 2016 Vicario
1434 1948 1725 2041 obtemperantem,

126 2062 305 2168 suillosque
317 2098 378 2168 pro
391 2076 533 2146 Ecclesia
546 2077 674 2146 labores
685 2078 798 2147 subire
811 2087 1027 2166 recusantem,
1050 2087 1208 2172 tanquam
1222 2081 1258 2149 in
1272 2082 1372 2150 totius
1385 2083 1475 2151 orbis
1490 2091 1585 2153 terrae
1599 2085 1726 2156 theatro

126 2207 307 2278 insacrum
319 2210 546 2280 Cardinalium
562 2212 766 2302 Collegium,
787 2222 820 2282 et
833 2219 868 2282 in
881 2214 1117 2306 Episcoporum
1138 2216 1288 2286 ordinem
1312 2217 1421 2285 statim
1439 2218 1614 2309 cooptavit.
1639 2217 1724 2288 Nam

128 2342 271 2412 ecclesiae
290 2344 471 2414 Albanensi
492 2346 589 2414 illum
610 2346 774 2439 pracfecit,
802 2346 862 2439 qui
883 2347 988 2416 honos
1007 2349 1251 2440 antiquioribus
1269 2349 1474 2440 Presbyteris
1493 2350 1726 2421 Cardinalibus

128 2476 228 2545 tribui
241 2478 338 2546 solet.
354 2478 427 2560 Qua
440 2479 496 2548 ille
510 2481 712 2572 amplissima
724 2480 882 2569 dignitate
896 2488 1012 2550 auctus
1025 2483 1216 2551 universam
1232 2481 1269 2550 in
1282 2482 1343 2551 Dei
1354 2483 1509 2572 gloriam,
1525 2492 1558 2552 et
1571 2484 1724 2555 Ecclesia

128 2611 305 2681 utilitatem
318 2614 458 2682 contulit
475 2642 483 2683 :
506 2616 627 2683 etenim
648 2615 683 2684 in
698 2615 797 2684 rebus
810 2614 949 2684 Concilii
970 2615 1084 2684 arduis
1097 2638 1230 2709 operam
1245 2616 1412 2706 egregiam
1426 2617 1596 2710 prestitit,
1614 2617 1725 2688 catho-

127 2744 221 2816 licam
236 2747 340 2819 fidem
353 2751 611 2820 constantissime
625 2750 791 2837 defendit,
817 2770 935 2841 pravas
947 2750 1118 2842 opiniones
1137 2751 1293 2820 acerrime
1308 2750 1485 2837 refutavit,
1510 2749 1723 2844 ejusdemque

127 2862 319 2971 prudentia,
344 2883 508 2972 doctrina,
530 2886 718 2971 sanctitate,
744 2883 951 2953 orationibus
972 2884 1124 2974 Gregorii
1146 2884 1320 2953 Pontificis
1343 2883 1515 2976 pastoralis
1536 2884 1722 2955 sollicitudo

127 3021 295 3107 tantopere
312 3017 426 3108 adjuta
438 3026 505 3105 est,
527 3028 564 3087 nt
577 3019 707 3089 sublato
720 3040 780 3110 per
795 3018 853 3086 Dei
868 3017 1124 3087 misericordiam
1139 3018 1321 3088 schismatis
1334 3018 1491 3105 dissidio,
1507 3017 1645 3088 Michael
1659 3020 1722 3088 Pa-

124 3147 484 3240 lacologus-Graecorum
499 3154 692 3245 Imperator,
703 3153 944 3245 orientalesque
956 3155 1117 3239 nationes,
1130 3153 1170 3222 nd
1181 3154 1366 3245 apostolicae
1381 3152 1476 3222 Sedis
1487 3152 1719 3240 obedientiam,

123 3283 307 3372 unitatem,
331 3287 664 3379 communionemque
679 3289 838 3357 redierint
857 3313 864 3355 :
890 3312 928 3357 ac
942 3288 1090 3379 ⁴denique
1112 3271 1234 3376 digdus
1252 3287 1384 3356 habitus
1397 3296 1467 3376 est,
1490 3309 1593 3379 quem
1615 3287 1720 3357 Graeci

122 3416 277 3508 Eutychii
288 3421 422 3489 nomine
436 3423 650 3514 appellarent.
666 3422 784 3491 Merito
794 3423 897 3512 igitur
908 3444 982 3491 cum
995 3420 1094 3513 paulo
1104 3429 1176 3510 post
1189 3421 1225 3488 in
1235 3420 1349 3488 codem
1363 3420 1509 3489 Concilio
1523 3419 1720 3488 fortissimus

122 3551 241 3622 Christi
263 3555 388 3624 athleta
403 3578 448 3624 ex
467 3557 568 3649 hujus
583 3558 661 3627 vitae
682 3557 944 3650 peregrinatione
967 3556 1009 3624 ad
1026 3556 1187 3623 celestem
1208 3554 1348 3647 patriam
1368 3553 1578 3643 emigrasset,
1605 3575 1719 3622 omnes

120 3685 189 3777 ejus
203 3697 344 3758 mortem
361 3689 560 3777 doluerunt,
585 3714 699 3760 omnes
712 3713 921 3761 communem
935 3691 1099 3782 jacturam
1112 3689 1346 3781 deplorarent,
1370 3711 1485 3758 omnes
1498 3689 1593 3758 illius
1611 3687 1714 3758 funus

118 3820 273 3914 lacrymis
294 3833 326 3892 et
339 3824 492 3895 laudibus
512 3835 674 3896 ornarunt
690 3853 697 3895 :
716 3827 773 3896 sed
791 3850 880 3896 unus
898 3833 1014 3918 practer
1028 3833 1149 3893 ceteros
1163 3823 1228 3891 viri
1241 3824 1438 3892 sanctissimi
1452 3824 1556 3893 vitam
1572 3824 1716 3914 integer-

118 3956 198 4025 rime
212 3965 337 4042 actam,
354 3981 461 4029 mores
476 3944 740 4051 probatissimos,
760 3960 889 4030 labores
902 3960 1085 4052 permultos
1097 3980 1157 4050 pro
1171 3957 1314 4027 Ecclesia
1327 3965 1512 4050 susceptos,
1527 3938 1711 4028 doctrinam

118 4087 152 4157 iu
165 4090 223 4160 illo
237 4090 310 4184 ipso
326 4091 473 4163 Concilio
487 4102 663 4187 spectatam
685 4093 809 4183 insigni
828 4093 1018 4163 laudatione
1033 4093 1202 4162 verissime
1220 4093 1408 4162 celebravit.
1433 4093 1465 4160 Is
1486 4092 1552 4162 fuit
1569 4093 1632 4186 pie
1646 4115 1715 4163 me·

118 4225 228 4293 moriae
241 4223 363 4296 Petrus
374 4228 558 4298 Cardinalis
571 4253 592 4298 a
604 4229 807 4316 Tarantasia,
823 4229 876 4298 vir
889 4228 1086 4314 eruditione,
1102 4236 1136 4296 et
1148 4228 1326 4297 christiana
1335 4229 1526 4322 eloquentia
1540 4239 1710 4322 prestans,

118 4358 174 4447 qui
193 4367 307 4451 postea
322 4362 364 4430 ad
383 4361 600 4432 Pontificatus
616 4364 786 4454 fastigium
803 4371 952 4450 evectus,
975 4364 1187 4432 Innocentius
1201 4363 1336 4456 PapeV
1356 4372 1406 4434 est
1425 4365 1619 4456 appellatus.
1639 4363 1712 4456 lpse

117 4512 192 4562 vero
204 4517 359 4564 summus
369 4497 524 4565 Pontifex
536 4497 715 4587 Gregorius
726 4498 759 4566 X
775 4520 818 4567 ex
829 4498 941 4566 intimi
954 4498 1060 4566 animi
1073 4498 1223 4566 sensibus
1235 4496 1395 4567 amissum
1409 4498 1561 4584 fratrem,
1582 4497 1711 4588 adjuto·

117 4648 201 4714 mm,
217 4636 251 4697 et
261 4630 489 4701 consiliarium
503 4632 733 4702 fidelissimum
748 4633 864 4702 dolens
881 4633 991 4725 palam
1009 4632 1167 4722 gravibus
1179 4630 1290 4700 vorbis
1308 4631 1500 4699 testificatum
1513 4636 1561 4698 est
1570 4681 1580 4717 ,
1599 4631 1711 4702 catho-

117 4760 209 4830 licum
226 4763 424 4853 Ecclesiam,
441 4789 521 4859 quae
541 4790 583 4837 ex
599 4768 683 4836 tanti
696 4767 760 4836 viri
783 4768 920 4859 pietate,
945 4773 977 4835 et
997 4766 1145 4835 doctrina
1166 4766 1294 4834 fructus
1314 4765 1498 4834 uberrimos
1521 4771 1707 4858 accepmat,

118 4916 267 4985 magnam
277 4898 369 4968 illius
377 4908 482 4969 morte
493 4901 788 4992 jacturamfccisse
805 4889 870 4970 Sed
880 4923 985 4970 verca
999 4899 1127 4991 Spiritu
1142 4900 1261 4969 Sancto
1274 4900 1477 4969 dictumest:
1494 4902 1537 4969 ln
1546 4900 1709 4968 semota

119 5040 238 5100 eterno
251 5032 318 5101 erit
330 5029 465 5123 justris:
481 5057 561 5103 uam
574 5035 634 5128 qui
647 5036 684 5103 iu
697 5036 766 5105 vita
778 5035 917 5104 illustris
930 5036 1056 5122 fuerat,
1073 5036 1179 5105 multo
1193 5041 1264 5127 post
1278 5042 1418 5103 mortem
1435 5033 1540 5104 factus
1553 5045 1601 5105 est
1614 5035 1709 5105 illus·

119 5163 207 5251 trior,
222 5166 308 5253 Deo,
324 5167 383 5259 qui
397 5168 612 5255 admirabilis,
628 5176 659 5238 et
672 5168 836 5258 gloriosus
848 5179 896 5237 est
913 5170 949 5238 in
963 5169 1092 5238 Sanctis
1102 5168 1189 5256 suis,
1204 5167 1306 5257 signis
1316 5169 1564 5260 compluribus,
1580 5193 1618 5239 ac
1630 5193 1706 5262 pro·

121 5296 229 5387 digiis,
251 5309 290 5369 et
309 5301 476 5371 musculis
498 5303 642 5372 maxime
662 5302 848 5393 insignibus
868 5306 957 5375 servi
979 5305 1032 5374 soi
1056 5303 1259 5372 sanctitatem
1281 5303 1525 5395 comprobante.
1553 5304 1706 5387 Quonim

122 5431 352 5507 emmim
373 5435 461 5506 fama
477 5459 554 5507 cum
572 5436 664 5529 apud
676 5459 791 5507 omnes
807 5439 1102 5530 percrebresceret,
1125 5435 1214 5505 idem
1235 5433 1349 5504 Sintiis
1366 5436 1706 5528 predecessorisque
