<?xml version="1.0" encoding="UTF-8"?>
<!DOCTYPE html PUBLIC "-//W3C//DTD XHTML 1.0 Transitional//EN"
    "http://www.w3.org/TR/xhtml1/DTD/xhtml1-transitional.dtd">
<html xmlns="http://www.w3.org/1999/xhtml" xml:lang="en" lang="en">
 <head>
  <title>
</title>
<meta http-equiv="Content-Type" content="text/html;charset=utf-8" />
  <meta name='ocr-system' content='tesseract 3.04.00' />
  <meta name='ocr-capabilities' content='ocr_page ocr_carea ocr_par ocr_line ocrx_word'/>
</head>
<body>
  <div class='ocr_page' id='page_1' title='image "./srecardinalissb00peltgoog/srecardinalissb00peltgoog_0598.png"; bbox 0 0 4100 6300; ppageno 0'>
   <div class='ocr_carea' id='block_1_1' title="bbox 301 381 1326 457">
    <p class='ocr_par' dir='ltr' id='par_1_1' title="bbox 301 381 1326 457">
     <span class='ocr_line' id='line_1_1' title="bbox 301 381 1326 457; baseline -0.008 -1"><span class='ocrx_word' id='word_1_1' title='bbox 301 397 361 457; x_wconf 76' lang='lat' dir='ltr'>tot</span> <span class='ocrx_word' id='word_1_2' title='bbox 874 381 1186 451; x_wconf 79' lang='lat' dir='ltr'>SENTENTIARUM</span> <span class='ocrx_word' id='word_1_3' title='bbox 1205 382 1279 448; x_wconf 90' lang='lat' dir='ltr'>LlB.</span> <span class='ocrx_word' id='word_1_4' title='bbox 1301 383 1326 448; x_wconf 94' lang='lat' dir='ltr'>l.</span> 
     </span>
    </p>
   </div>
   <div class='ocr_carea' id='block_1_2' title="bbox 302 516 1883 1678">
    <p class='ocr_par' dir='ltr' id='par_1_2' title="bbox 302 516 1883 1678">
     <span class='ocr_line' id='line_1_2' title="bbox 302 516 1869 604; baseline -0.003 -15"><span class='ocrx_word' id='word_1_5' title='bbox 302 526 507 601; x_wconf 89' lang='lat' dir='ltr'>hocnomen,</span> <span class='ocrx_word' id='word_1_6' title='bbox 520 535 675 604; x_wconf 80' lang='lat' dir='ltr'>persono,</span> <span class='ocrx_word' id='word_1_7' title='bbox 689 519 949 601; x_wconf 79' lang='lat' dir='ltr'>estth&#39;usmodi,</span> <span class='ocrx_word' id='word_1_8' title='bbox 962 520 1069 600; x_wconf 88' lang='lat' dir='ltr'>utpa-</span> <span class='ocrx_word' id='word_1_9' title='bbox 1121 520 1207 599; x_wconf 87' lang='lat' dir='ltr'>patet</span> <span class='ocrx_word' id='word_1_10' title='bbox 1228 517 1314 599; x_wconf 91' lang='lat' dir='ltr'>quod</span> <span class='ocrx_word' id='word_1_11' title='bbox 1336 517 1453 581; x_wconf 88' lang='lat' dir='ltr'>dicitur</span> <span class='ocrx_word' id='word_1_12' title='bbox 1486 518 1668 583; x_wconf 89' lang='lat' dir='ltr'>secundnm</span> <span class='ocrx_word' id='word_1_13' title='bbox 1698 516 1869 585; x_wconf 73' lang='lat' dir='ltr'>relatam</span> 
     </span>
     <span class='ocr_line' id='line_1_3' title="bbox 302 624 1873 711; baseline -0.001 -15"><span class='ocrx_word' id='word_1_14' title='bbox 302 637 357 696; x_wconf 87' lang='lat' dir='ltr'>tet.</span> <span class='ocrx_word' id='word_1_15' title='bbox 372 631 412 695; x_wconf 92' lang='lat' dir='ltr'>Et</span> <span class='ocrx_word' id='word_1_16' title='bbox 424 628 626 711; x_wconf 79' lang='lat' dir='ltr'>Augustinus</span> <span class='ocrx_word' id='word_1_17' title='bbox 640 628 650 662; x_wconf 88' lang='lat'><strong>¹</strong></span> <span class='ocrx_word' id='word_1_18' title='bbox 664 624 750 705; x_wconf 91' lang='lat' dir='ltr'>dicit,</span> <span class='ocrx_word' id='word_1_19' title='bbox 762 624 818 689; x_wconf 84' lang='lat' dir='ltr'>Vll</span> <span class='ocrx_word' id='word_1_20' title='bbox 833 626 872 693; x_wconf 83' lang='lat' dir='ltr'>de</span> <span class='ocrx_word' id='word_1_21' title='bbox 887 627 1070 692; x_wconf 81' lang='lat' dir='ltr'>Trinitate:</span> <span class='ocrx_word' id='word_1_22' title='bbox 1163 625 1254 703; x_wconf 88' lang='lat' dir='ltr'>ltem,</span> <span class='ocrx_word' id='word_1_23' title='bbox 1264 643 1360 690; x_wconf 91' lang='lat' dir='ltr'>omne</span> <span class='ocrx_word' id='word_1_24' title='bbox 1368 643 1489 690; x_wconf 90' lang='lat' dir='ltr'>nomen</span> <span class='ocrx_word' id='word_1_25' title='bbox 1495 626 1873 706; x_wconf 81' lang='lat' dir='ltr'>deseimportanstlistino</span> 
     </span>
     <span class='ocr_line' id='line_1_4' title="bbox 308 731 1875 822; baseline 0 -21"><span class='ocrx_word' id='word_1_26' title='bbox 308 741 385 806; x_wconf 74' lang='lat' dir='ltr'>«Ad</span> <span class='ocrx_word' id='word_1_27' title='bbox 402 758 436 805; x_wconf 89' lang='lat' dir='ltr'>se</span> <span class='ocrx_word' id='word_1_28' title='bbox 456 739 574 822; x_wconf 85' lang='lat' dir='ltr'>quippe</span> <span class='ocrx_word' id='word_1_29' title='bbox 595 736 710 801; x_wconf 88' lang='lat' dir='ltr'>dicitur</span> <span class='ocrx_word' id='word_1_30' title='bbox 730 754 882 819; x_wconf 88' lang='lat' dir='ltr'>persona,</span> <span class='ocrx_word' id='word_1_31' title='bbox 902 741 939 801; x_wconf 91' lang='lat' dir='ltr'>ut</span> <span class='ocrx_word' id='word_1_32' title='bbox 953 736 1068 815; x_wconf 90' lang='lat' dir='ltr'>bonus,</span> <span class='ocrx_word' id='word_1_33' title='bbox 1123 731 1245 796; x_wconf 87' lang='lat' dir='ltr'>tionem</span> <span class='ocrx_word' id='word_1_34' title='bbox 1263 733 1379 797; x_wconf 90' lang='lat' dir='ltr'>dicitur</span> <span class='ocrx_word' id='word_1_35' title='bbox 1400 734 1581 797; x_wconf 92' lang='lat' dir='ltr'>secundum</span> <span class='ocrx_word' id='word_1_36' title='bbox 1600 734 1788 798; x_wconf 73' lang='lat' dir='ltr'><strong>relationem</strong></span> <span class='ocrx_word' id='word_1_37' title='bbox 1807 758 1817 797; x_wconf 74' lang='grc' dir='ltr'>ι</span> <span class='ocrx_word' id='word_1_38' title='bbox 1833 739 1875 802; x_wconf 81' lang='lat' dir='ltr'>set</span> 
     </span>
     <span class='ocr_line' id='line_1_5' title="bbox 304 841 1876 928; baseline -0.003 -17"><span class='ocrx_word' id='word_1_39' title='bbox 304 865 457 928; x_wconf 81' lang='lat' dir='ltr'>magnus,</span> <span class='ocrx_word' id='word_1_40' title='bbox 472 867 487 905; x_wconf 78' lang='lat' dir='ltr'>s</span> <span class='ocrx_word' id='word_1_41' title='bbox 505 850 564 910; x_wconf 88' lang='lat' dir='ltr'>etc.</span> <span class='ocrx_word' id='word_1_42' title='bbox 1124 841 1876 926; x_wconf 79' lang='lat' dir='ltr'>nomenpersonaeimportatdistinctionem,quir</span> 
     </span>
     <span class='ocr_line' id='line_1_6' title="bbox 345 949 1876 1035; baseline -0.001 -19"><span class='ocrx_word' id='word_1_43' title='bbox 345 959 374 1018; x_wconf 81' lang='lat'>7.</span> <span class='ocrx_word' id='word_1_44' title='bbox 399 954 478 1018; x_wconf 89' lang='lat' dir='ltr'>ltem</span> <span class='ocrx_word' id='word_1_45' title='bbox 498 954 561 1017; x_wconf 91' lang='lat' dir='ltr'>hoc</span> <span class='ocrx_word' id='word_1_46' title='bbox 582 951 677 1016; x_wconf 88' lang='lat' dir='ltr'>etlam</span> <span class='ocrx_word' id='word_1_47' title='bbox 701 950 829 1016; x_wconf 82' lang='lat' dir='ltr'>videtur</span> <span class='ocrx_word' id='word_1_48' title='bbox 849 971 906 1035; x_wconf 91' lang='lat' dir='ltr'>per</span> <span class='ocrx_word' id='word_1_49' title='bbox 925 950 1072 1018; x_wconf 82' lang='lat' dir='ltr'>Ecclesiae</span> <span class='ocrx_word' id='word_1_50' title='bbox 1124 965 1260 1030; x_wconf 88' lang='lat' dir='ltr'>persona</span> <span class='ocrx_word' id='word_1_51' title='bbox 1272 951 1319 1012; x_wconf 90' lang='lat' dir='ltr'>est</span> <span class='ocrx_word' id='word_1_52' title='bbox 1330 949 1510 1032; x_wconf 86' lang='lat' dir='ltr'>hypostasis</span> <span class='ocrx_word' id='word_1_53' title='bbox 1525 949 1876 1032; x_wconf 57' lang='lat' dir='ltr'>proprietatednmm</span> 
     </span>
     <span class='ocr_line' id='line_1_7' title="bbox 304 1053 1879 1144; baseline -0.003 -18"><span class='ocrx_word' id='word_1_54' title='bbox 304 1060 557 1144; x_wconf 84' lang='lat' dir='ltr'>responsionem3</span> <span class='ocrx_word' id='word_1_55' title='bbox 571 1059 648 1141; x_wconf 93' lang='lat' dir='ltr'>quia</span> <span class='ocrx_word' id='word_1_56' title='bbox 660 1075 755 1122; x_wconf 90' lang='lat' dir='ltr'>omne</span> <span class='ocrx_word' id='word_1_57' title='bbox 769 1077 888 1124; x_wconf 90' lang='lat' dir='ltr'>nomen</span> <span class='ocrx_word' id='word_1_58' title='bbox 898 1059 984 1142; x_wconf 90' lang='lat' dir='ltr'>quod</span> <span class='ocrx_word' id='word_1_59' title='bbox 996 1077 1074 1122; x_wconf 89' lang='lat' dir='ltr'>eon-</span> <span class='ocrx_word' id='word_1_60' title='bbox 1126 1059 1158 1119; x_wconf 86' lang='lat' dir='ltr'>et</span> <span class='ocrx_word' id='word_1_61' title='bbox 1170 1053 1298 1120; x_wconf 87' lang='lat' dir='ltr'>Boetius</span> <span class='ocrx_word' id='word_1_62' title='bbox 1310 1056 1406 1120; x_wconf 85' lang='lat' dir='ltr'>dieit⁸</span> <span class='ocrx_word' id='word_1_63' title='bbox 1417 1056 1504 1139; x_wconf 91' lang='lat' dir='ltr'>quod</span> <span class='ocrx_word' id='word_1_64' title='bbox 1515 1060 1563 1119; x_wconf 89' lang='lat' dir='ltr'>est</span> <span class='ocrx_word' id='word_1_65' title='bbox 1573 1055 1743 1121; x_wconf 80' lang='lat' dir='ltr'>individua</span> <span class='ocrx_word' id='word_1_66' title='bbox 1758 1061 1807 1122; x_wconf 88' lang='lat' dir='ltr'>:et</span> <span class='ocrx_word' id='word_1_67' title='bbox 1816 1057 1879 1122; x_wconf 75' lang='lat' dir='ltr'>imi·</span> 
     </span>
     <span class='ocr_line' id='line_1_8' title="bbox 305 1162 1878 1249; baseline 0 -18"><span class='ocrx_word' id='word_1_68' title='bbox 305 1167 471 1231; x_wconf 85' lang='lat' dir='ltr'>venienter</span> <span class='ocrx_word' id='word_1_69' title='bbox 493 1165 702 1249; x_wconf 88' lang='lat' dir='ltr'>respondetur</span> <span class='ocrx_word' id='word_1_70' title='bbox 729 1166 769 1230; x_wconf 89' lang='lat' dir='ltr'>ad</span> <span class='ocrx_word' id='word_1_71' title='bbox 792 1166 1075 1249; x_wconf 71' lang='lat' dir='ltr'>interrogationem</span> <span class='ocrx_word' id='word_1_72' title='bbox 1127 1162 1271 1228; x_wconf 89' lang='lat' dir='ltr'>viduatio</span> <span class='ocrx_word' id='word_1_73' title='bbox 1292 1182 1360 1230; x_wconf 91' lang='lat' dir='ltr'>non</span> <span class='ocrx_word' id='word_1_74' title='bbox 1379 1163 1560 1244; x_wconf 78' lang='lat' dir='ltr'>escabod,</span> <span class='ocrx_word' id='word_1_75' title='bbox 1586 1182 1688 1248; x_wconf 89' lang='lat' dir='ltr'>quam</span> <span class='ocrx_word' id='word_1_76' title='bbox 1706 1164 1878 1231; x_wconf 78' lang='lat' dir='ltr'>distinctio:</span> 
     </span>
     <span class='ocr_line' id='line_1_9' title="bbox 309 1272 1294 1357; baseline -0.004 -19"><span class='ocrx_word' id='word_1_77' title='bbox 309 1275 425 1338; x_wconf 87' lang='lat' dir='ltr'>factam</span> <span class='ocrx_word' id='word_1_78' title='bbox 438 1292 495 1356; x_wconf 89' lang='lat' dir='ltr'>per</span> <span class='ocrx_word' id='word_1_79' title='bbox 511 1274 608 1357; x_wconf 81' lang='lat' dir='ltr'>quid,</span> <span class='ocrx_word' id='word_1_80' title='bbox 628 1273 744 1338; x_wconf 89' lang='lat' dir='ltr'>indicat</span> <span class='ocrx_word' id='word_1_81' title='bbox 760 1274 984 1352; x_wconf 83' lang='lat' dir='ltr'>substantiam3</span> <span class='ocrx_word' id='word_1_82' title='bbox 999 1272 1076 1355; x_wconf 89' lang='lat' dir='ltr'>quia</span> <span class='ocrx_word' id='word_1_83' title='bbox 1128 1286 1218 1351; x_wconf 79' lang='lat' dir='ltr'>ergo,</span> <span class='ocrx_word' id='word_1_84' title='bbox 1234 1273 1294 1334; x_wconf 88' lang='lat' dir='ltr'>etc.</span> 
     </span>
     <span class='ocr_line' id='line_1_10' title="bbox 307 1380 1074 1464; baseline -0.001 -20"><span class='ocrx_word' id='word_1_85' title='bbox 307 1380 389 1463; x_wconf 81' lang='lat' dir='ltr'>quid</span> <span class='ocrx_word' id='word_1_86' title='bbox 407 1381 523 1464; x_wconf 70' lang='lat' dir='ltr'>querit</span> <span class='ocrx_word' id='word_1_87' title='bbox 542 1380 778 1444; x_wconf 89' lang='lat' dir='ltr'>substantiam:</span> <span class='ocrx_word' id='word_1_88' title='bbox 796 1380 851 1445; x_wconf 91' lang='lat' dir='ltr'>sed</span> <span class='ocrx_word' id='word_1_89' title='bbox 864 1381 926 1446; x_wconf 91' lang='lat' dir='ltr'>hoc</span> <span class='ocrx_word' id='word_1_90' title='bbox 938 1398 1074 1458; x_wconf 92' lang='lat' dir='ltr'>nomen,</span> 
     </span>
     <span class='ocr_line' id='line_1_11' title="bbox 308 1438 1625 1571; baseline -0.001 -20"><span class='ocrx_word' id='word_1_91' title='bbox 308 1486 466 1560; x_wconf 75' lang='lat' dir='ltr'>Persona,</span> <span class='ocrx_word' id='word_1_92' title='bbox 487 1488 528 1551; x_wconf 89' lang='lat' dir='ltr'>ab</span> <span class='ocrx_word' id='word_1_93' title='bbox 549 1486 686 1552; x_wconf 81' lang='lat' dir='ltr'>Ecclesia</span> <span class='ocrx_word' id='word_1_94' title='bbox 705 1487 862 1552; x_wconf 69' lang='lat' dir='ltr'>haereticis</span> <span class='ocrx_word' id='word_1_95' title='bbox 888 1506 1077 1571; x_wconf 87' lang='lat' dir='ltr'>responsum</span> <span class='ocrx_word' id='word_1_96' title='bbox 1399 1438 1625 1507; x_wconf 64' lang='lat' dir='ltr'><strong>CONCLUSIO&#39;</strong></span> 
     </span>
     <span class='ocr_line' id='line_1_12' title="bbox 307 1591 1883 1678; baseline 0.006 -21"><span class='ocrx_word' id='word_1_97' title='bbox 307 1598 354 1657; x_wconf 78' lang='lat' dir='ltr'>est</span> <span class='ocrx_word' id='word_1_98' title='bbox 367 1595 585 1677; x_wconf 73' lang='lat' dir='ltr'>quaerentibus</span> <span class='ocrx_word' id='word_1_99' title='bbox 603 1595 681 1678; x_wconf 89' lang='lat' dir='ltr'>quid</span> <span class='ocrx_word' id='word_1_100' title='bbox 700 1595 790 1673; x_wconf 84' lang='lat' dir='ltr'>Tres,</span> <span class='ocrx_word' id='word_1_101' title='bbox 813 1595 896 1660; x_wconf 89' lang='lat' dir='ltr'>sicut</span> <span class='ocrx_word' id='word_1_102' title='bbox 912 1595 987 1659; x_wconf 87' lang='lat' dir='ltr'>dicit</span> <span class='ocrx_word' id='word_1_103' title='bbox 1004 1597 1077 1659; x_wconf 83' lang='lat' dir='ltr'>Au·</span> <span class='ocrx_word' id='word_1_104' title='bbox 1129 1591 1246 1648; x_wconf 65' lang='lat' dir='ltr'>Pma</span> <span class='ocrx_word' id='word_1_105' title='bbox 1258 1594 1290 1648; x_wconf 69' lang='lat' dir='ltr'>in</span> <span class='ocrx_word' id='word_1_106' title='bbox 1308 1592 1410 1650; x_wconf 67' lang='lat' dir='ltr'>deinc</span> <span class='ocrx_word' id='word_1_107' title='bbox 1427 1594 1530 1651; x_wconf 60' lang='lat' dir='ltr'>&amp;aaa</span> <span class='ocrx_word' id='word_1_108' title='bbox 1547 1594 1691 1652; x_wconf 61' lang='lat' dir='ltr'>mudum</span> <span class='ocrx_word' id='word_1_109' title='bbox 1703 1595 1883 1666; x_wconf 53' lang='lat' dir='ltr'>m,</span> 
     </span>
    </p>
   </div>
   <div class='ocr_carea' id='block_1_3' title="bbox 305 1681 1885 1876">
    <p class='ocr_par' dir='ltr' id='par_1_3' title="bbox 305 1681 1885 1876">
     <span class='ocr_line' id='line_1_13' title="bbox 307 1681 1884 1787; baseline -0.003 -23"><span class='ocrx_word' id='word_1_110' title='bbox 307 1701 467 1782; x_wconf 81' lang='lat' dir='ltr'>guatinus,</span> <span class='ocrx_word' id='word_1_111' title='bbox 482 1704 515 1766; x_wconf 90' lang='lat' dir='ltr'>et</span> <span class='ocrx_word' id='word_1_112' title='bbox 526 1700 696 1783; x_wconf 78' lang='lat' dir='ltr'>Magister:</span> <span class='ocrx_word' id='word_1_113' title='bbox 712 1720 791 1784; x_wconf 82' lang='lat' dir='ltr'>ergo</span> <span class='ocrx_word' id='word_1_114' title='bbox 804 1702 1078 1767; x_wconf 90' lang='lat' dir='ltr'>indicatsubstan·</span> <span class='ocrx_word' id='word_1_115' title='bbox 1165 1686 1191 1738; x_wconf 57' lang='lat' dir='ltr'>el</span> <span class='ocrx_word' id='word_1_116' title='bbox 1203 1681 1346 1739; x_wconf 51' lang='lat' dir='ltr'>malm</span> <span class='ocrx_word' id='word_1_117' title='bbox 1362 1684 1538 1787; x_wconf 56' lang='lat' dir='ltr'>‘immi</span> <span class='ocrx_word' id='word_1_118' title='bbox 1556 1685 1748 1757; x_wconf 53' lang='lat' dir='ltr'>Wlffl&#39;ss&#39;t&#39;ut</span> <span class='ocrx_word' id='word_1_119' title='bbox 1761 1691 1884 1741; x_wconf 62' lang='lat' dir='ltr'>lm*</span> 
     </span>
     <span class='ocr_line' id='line_1_14' title="bbox 305 1772 1885 1876; baseline 0.006 -53"><span class='ocrx_word' id='word_1_120' title='bbox 305 1809 395 1872; x_wconf 46' lang='lat' dir='ltr'><strong>fiam·</strong></span> <span class='ocrx_word' id='word_1_121' title='bbox 1165 1772 1280 1876; x_wconf 64' lang='lat' dir='ltr'>casnm</span> <span class='ocrx_word' id='word_1_122' title='bbox 1310 1772 1508 1839; x_wconf 64' lang='lat' dir='ltr'>abaciam,</span> <span class='ocrx_word' id='word_1_123' title='bbox 1546 1789 1629 1845; x_wconf 71' lang='lat' dir='ltr'>pram</span> <span class='ocrx_word' id='word_1_124' title='bbox 1658 1773 1801 1831; x_wconf 64' lang='lat' dir='ltr'>senam</span> <span class='ocrx_word' id='word_1_125' title='bbox 1826 1776 1885 1831; x_wconf 71' lang='lat' dir='ltr'>rae·</span> 
     </span>
    </p>
   </div>
   <div class='ocr_carea' id='block_1_4' title="bbox 346 1866 1276 1999">
    <p class='ocr_par' dir='ltr' id='par_1_4' title="bbox 346 1866 1276 1999">
     <span class='ocr_line' id='line_1_15' title="bbox 346 1866 1276 1999; baseline 0.001 -19"><span class='ocrx_word' id='word_1_126' title='bbox 346 1920 377 1981; x_wconf 90' lang='lat'>8.</span> <span class='ocrx_word' id='word_1_127' title='bbox 393 1914 473 1980; x_wconf 89' lang='lat' dir='ltr'>Item</span> <span class='ocrx_word' id='word_1_128' title='bbox 486 1915 547 1980; x_wconf 92' lang='lat' dir='ltr'>hoc</span> <span class='ocrx_word' id='word_1_129' title='bbox 561 1916 668 1999; x_wconf 88' lang='lat' dir='ltr'>ipsum</span> <span class='ocrx_word' id='word_1_130' title='bbox 681 1917 809 1983; x_wconf 90' lang='lat' dir='ltr'>videtur</span> <span class='ocrx_word' id='word_1_131' title='bbox 823 1917 986 1982; x_wconf 84' lang='lat' dir='ltr'>relationis</span> <span class='ocrx_word' id='word_1_132' title='bbox 999 1920 1075 1982; x_wconf 90' lang='lat' dir='ltr'>abs-</span> <span class='ocrx_word' id='word_1_133' title='bbox 1167 1866 1276 1920; x_wconf 39' lang='lat' dir='ltr'><strong><em>‘mem&#39;</em></strong></span> 
     </span>
    </p>
   </div>
   <div class='ocr_carea' id='block_1_5' title="bbox 255 2019 1895 3825">
    <p class='ocr_par' dir='ltr' id='par_1_5' title="bbox 255 2019 1895 3825">
     <span class='ocr_line' id='line_1_16' title="bbox 307 2019 1888 2109; baseline 0 -21"><span class='ocrx_word' id='word_1_134' title='bbox 307 2024 473 2088; x_wconf 90' lang='lat' dir='ltr'>tractione.</span> <span class='ocrx_word' id='word_1_135' title='bbox 495 2021 732 2106; x_wconf 81' lang='lat' dir='ltr'>intelligamus,</span> <span class='ocrx_word' id='word_1_136' title='bbox 752 2026 839 2109; x_wconf 91' lang='lat' dir='ltr'>quod</span> <span class='ocrx_word' id='word_1_137' title='bbox 856 2025 944 2090; x_wconf 89' lang='lat' dir='ltr'>nulla</span> <span class='ocrx_word' id='word_1_138' title='bbox 967 2024 1078 2089; x_wconf 89' lang='lat' dir='ltr'>relatio</span> <span class='ocrx_word' id='word_1_139' title='bbox 1171 2019 1263 2105; x_wconf 86' lang='lat' dir='ltr'>Resp.</span> <span class='ocrx_word' id='word_1_140' title='bbox 1278 2022 1319 2086; x_wconf 89' lang='lat' dir='ltr'>ad</span> <span class='ocrx_word' id='word_1_141' title='bbox 1333 2022 1413 2104; x_wconf 81' lang='lat' dir='ltr'>llrg.</span> <span class='ocrx_word' id='word_1_142' title='bbox 1428 2021 1604 2088; x_wconf 85' lang='lat' dir='ltr'>Dicendum</span> <span class='ocrx_word' id='word_1_143' title='bbox 1624 2023 1715 2106; x_wconf 91' lang='lat' dir='ltr'>quod</span> <span class='ocrx_word' id='word_1_144' title='bbox 1733 2023 1831 2106; x_wconf 82' lang='lat' dir='ltr'>aliqui</span> <span class='ocrx_word' id='word_1_145' title='bbox 1840 2042 1888 2088; x_wconf 80' lang='lat' dir='ltr'>vo·</span> 
     </span>
     <span class='ocr_line' id='line_1_17' title="bbox 307 2117 1888 2216; baseline 0.001 -22"><span class='ocrx_word' id='word_1_146' title='bbox 307 2131 394 2195; x_wconf 89' lang='lat' dir='ltr'>sitin</span> <span class='ocrx_word' id='word_1_147' title='bbox 408 2129 535 2210; x_wconf 92' lang='lat' dir='ltr'>divinis,</span> <span class='ocrx_word' id='word_1_148' title='bbox 551 2135 583 2194; x_wconf 92' lang='lat' dir='ltr'>et</span> <span class='ocrx_word' id='word_1_149' title='bbox 594 2131 680 2215; x_wconf 92' lang='lat' dir='ltr'>quod</span> <span class='ocrx_word' id='word_1_150' title='bbox 699 2132 734 2195; x_wconf 92' lang='lat' dir='ltr'>in</span> <span class='ocrx_word' id='word_1_151' title='bbox 753 2151 820 2196; x_wconf 90' lang='lat' dir='ltr'>una</span> <span class='ocrx_word' id='word_1_152' title='bbox 833 2133 899 2197; x_wconf 88' lang='lat' dir='ltr'>sola</span> <span class='ocrx_word' id='word_1_153' title='bbox 918 2131 1079 2216; x_wconf 86' lang='lat' dir='ltr'>hypostasi</span> <span class='ocrx_word' id='word_1_154' title='bbox 1130 2117 1390 2195; x_wconf 86' lang='lat' dir='ltr'>lueruntsolvere</span> <span class='ocrx_word' id='word_1_155' title='bbox 1399 2130 1629 2212; x_wconf 81' lang='lat' dir='ltr'>distinguendo</span> <span class='ocrx_word' id='word_1_156' title='bbox 1637 2131 1888 2212; x_wconf 77' lang='lat' dir='ltr'>significationen</span> 
     </span>
     <span class='ocr_line' id='line_1_18' title="bbox 307 2237 1891 2323; baseline -0.001 -20"><span class='ocrx_word' id='word_1_157' title='bbox 307 2239 348 2303; x_wconf 91' lang='lat' dir='ltr'>sit</span> <span class='ocrx_word' id='word_1_158' title='bbox 359 2243 476 2320; x_wconf 78' lang='lat' dir='ltr'>natura</span> <span class='ocrx_word' id='word_1_159' title='bbox 489 2238 608 2317; x_wconf 89' lang='lat' dir='ltr'>divina,</span> <span class='ocrx_word' id='word_1_160' title='bbox 624 2239 707 2303; x_wconf 89' lang='lat' dir='ltr'>sicut</span> <span class='ocrx_word' id='word_1_161' title='bbox 720 2240 906 2323; x_wconf 79' lang='lat' dir='ltr'>intelligunt</span> <span class='ocrx_word' id='word_1_162' title='bbox 917 2241 1053 2323; x_wconf 82' lang='lat' dir='ltr'>gentiles</span> <span class='ocrx_word' id='word_1_163' title='bbox 1068 2261 1076 2304; x_wconf 90' lang='lat'>:</span> <span class='ocrx_word' id='word_1_164' title='bbox 1130 2253 1275 2319; x_wconf 79' lang='lat' dir='ltr'>personae</span> <span class='ocrx_word' id='word_1_165' title='bbox 1289 2237 1467 2301; x_wconf 89' lang='lat' dir='ltr'>secundum</span> <span class='ocrx_word' id='word_1_166' title='bbox 1480 2238 1700 2302; x_wconf 85' lang='lat' dir='ltr'>diversitatem</span> <span class='ocrx_word' id='word_1_167' title='bbox 1713 2239 1852 2314; x_wconf 88' lang='lat' dir='ltr'>numeri,</span> <span class='ocrx_word' id='word_1_168' title='bbox 1861 2243 1891 2302; x_wconf 89' lang='lat' dir='ltr'>ut</span> 
     </span>
     <span class='ocr_line' id='line_1_19' title="bbox 308 2341 1891 2429; baseline 0.003 -20"><span class='ocrx_word' id='word_1_169' title='bbox 308 2350 386 2410; x_wconf 92' lang='lat' dir='ltr'>tunc</span> <span class='ocrx_word' id='word_1_170' title='bbox 404 2346 577 2428; x_wconf 82' lang='lat' dir='ltr'>contingit,</span> <span class='ocrx_word' id='word_1_171' title='bbox 598 2345 685 2429; x_wconf 90' lang='lat' dir='ltr'>quod</span> <span class='ocrx_word' id='word_1_172' title='bbox 706 2346 811 2411; x_wconf 90' lang='lat' dir='ltr'>adhuc</span> <span class='ocrx_word' id='word_1_173' title='bbox 827 2352 874 2412; x_wconf 89' lang='lat' dir='ltr'>est</span> <span class='ocrx_word' id='word_1_174' title='bbox 897 2348 1078 2429; x_wconf 81' lang='lat' dir='ltr'>intelligere</span> <span class='ocrx_word' id='word_1_175' title='bbox 1131 2341 1166 2407; x_wconf 85' lang='lat' dir='ltr'>in</span> <span class='ocrx_word' id='word_1_176' title='bbox 1188 2343 1344 2425; x_wconf 77' lang='lat' dir='ltr'>singulari</span> <span class='ocrx_word' id='word_1_177' title='bbox 1366 2344 1524 2409; x_wconf 82' lang='lat' dir='ltr'>dleeretur</span> <span class='ocrx_word' id='word_1_178' title='bbox 1551 2345 1737 2410; x_wconf 76' lang='lat' dir='ltr'>secundum</span> <span class='ocrx_word' id='word_1_179' title='bbox 1757 2346 1891 2410; x_wconf 74' lang='lat' dir='ltr'>substan</span> 
     </span>
     <span class='ocr_line' id='line_1_20' title="bbox 308 2449 1892 2535; baseline 0 -18"><span class='ocrx_word' id='word_1_180' title='bbox 308 2458 458 2518; x_wconf 87' lang='lat' dir='ltr'>naturam</span> <span class='ocrx_word' id='word_1_181' title='bbox 466 2453 723 2532; x_wconf 89' lang='lat' dir='ltr'>intellectualem,</span> <span class='ocrx_word' id='word_1_182' title='bbox 736 2459 769 2520; x_wconf 91' lang='lat' dir='ltr'>et</span> <span class='ocrx_word' id='word_1_183' title='bbox 781 2455 951 2520; x_wconf 86' lang='lat' dir='ltr'>habentem</span> <span class='ocrx_word' id='word_1_184' title='bbox 963 2456 1052 2520; x_wconf 90' lang='lat' dir='ltr'>illam</span> <span class='ocrx_word' id='word_1_185' title='bbox 1067 2477 1075 2520; x_wconf 73' lang='grc' dir='ltr'><strong>ε</strong></span> <span class='ocrx_word' id='word_1_186' title='bbox 1129 2449 1229 2530; x_wconf 87' lang='lat' dir='ltr'>tiam,</span> <span class='ocrx_word' id='word_1_187' title='bbox 1246 2451 1281 2515; x_wconf 92' lang='lat' dir='ltr'>in</span> <span class='ocrx_word' id='word_1_188' title='bbox 1293 2451 1410 2535; x_wconf 87' lang='lat' dir='ltr'>plurali</span> <span class='ocrx_word' id='word_1_189' title='bbox 1430 2452 1609 2517; x_wconf 86' lang='lat' dir='ltr'>seeundum</span> <span class='ocrx_word' id='word_1_190' title='bbox 1627 2452 1829 2517; x_wconf 88' lang='lat' dir='ltr'>relationem.</span> <span class='ocrx_word' id='word_1_191' title='bbox 1841 2453 1892 2518; x_wconf 82' lang='lat' dir='ltr'>Sed</span> 
     </span>
     <span class='ocr_line' id='line_1_21' title="bbox 308 2556 1893 2646; baseline 0 -20"><span class='ocrx_word' id='word_1_192' title='bbox 308 2579 387 2643; x_wconf 79' lang='lat' dir='ltr'>ergo</span> <span class='ocrx_word' id='word_1_193' title='bbox 409 2565 441 2625; x_wconf 89' lang='lat' dir='ltr'>et</span> <span class='ocrx_word' id='word_1_194' title='bbox 459 2578 650 2643; x_wconf 89' lang='lat' dir='ltr'>personam,</span> <span class='ocrx_word' id='word_1_195' title='bbox 670 2568 703 2626; x_wconf 87' lang='lat' dir='ltr'>et</span> <span class='ocrx_word' id='word_1_196' title='bbox 719 2565 869 2627; x_wconf 86' lang='lat' dir='ltr'>naturam</span> <span class='ocrx_word' id='word_1_197' title='bbox 885 2579 893 2624; x_wconf 90' lang='lat'>:</span> <span class='ocrx_word' id='word_1_198' title='bbox 910 2563 1011 2646; x_wconf 78' lang='lat' dir='ltr'>igitur</span> <span class='ocrx_word' id='word_1_199' title='bbox 1032 2563 1075 2643; x_wconf 84' lang='lat' dir='ltr'>si,</span> <span class='ocrx_word' id='word_1_200' title='bbox 1129 2556 1201 2622; x_wconf 70' lang='lat' dir='ltr'>haec</span> <span class='ocrx_word' id='word_1_201' title='bbox 1213 2559 1330 2624; x_wconf 90' lang='lat' dir='ltr'>solutio</span> <span class='ocrx_word' id='word_1_202' title='bbox 1349 2578 1454 2643; x_wconf 87' lang='lat' dir='ltr'>neque</span> <span class='ocrx_word' id='word_1_203' title='bbox 1473 2559 1558 2624; x_wconf 85' lang='lat' dir='ltr'>valet</span> <span class='ocrx_word' id='word_1_204' title='bbox 1577 2561 1613 2623; x_wconf 92' lang='lat' dir='ltr'>in</span> <span class='ocrx_word' id='word_1_205' title='bbox 1633 2578 1681 2638; x_wconf 89' lang='lat' dir='ltr'>se,</span> <span class='ocrx_word' id='word_1_206' title='bbox 1696 2579 1805 2644; x_wconf 85' lang='lat' dir='ltr'>neque</span> <span class='ocrx_word' id='word_1_207' title='bbox 1822 2561 1893 2626; x_wconf 74' lang='lat' dir='ltr'>rabi</span> 
     </span>
     <span class='ocr_line' id='line_1_22' title="bbox 308 2666 1894 2752; baseline 0 -20"><span class='ocrx_word' id='word_1_208' title='bbox 308 2669 546 2750; x_wconf 87' lang='lat' dir='ltr'>circumscripta</span> <span class='ocrx_word' id='word_1_209' title='bbox 559 2670 650 2733; x_wconf 91' lang='lat' dir='ltr'>omni</span> <span class='ocrx_word' id='word_1_210' title='bbox 662 2670 826 2747; x_wconf 84' lang='lat' dir='ltr'>relatione,</span> <span class='ocrx_word' id='word_1_211' title='bbox 844 2670 952 2734; x_wconf 85' lang='lat' dir='ltr'>salvus</span> <span class='ocrx_word' id='word_1_212' title='bbox 965 2676 1013 2735; x_wconf 87' lang='lat' dir='ltr'>est</span> <span class='ocrx_word' id='word_1_213' title='bbox 1023 2671 1077 2734; x_wconf 90' lang='lat' dir='ltr'>in·</span> <span class='ocrx_word' id='word_1_214' title='bbox 1130 2666 1172 2730; x_wconf 89' lang='lat' dir='ltr'>ad</span> <span class='ocrx_word' id='word_1_215' title='bbox 1185 2666 1393 2750; x_wconf 91' lang='lat' dir='ltr'>propositum.</span> <span class='ocrx_word' id='word_1_216' title='bbox 1406 2666 1442 2730; x_wconf 91' lang='lat' dir='ltr'>ln</span> <span class='ocrx_word' id='word_1_217' title='bbox 1453 2668 1629 2750; x_wconf 89' lang='lat' dir='ltr'>sequidem</span> <span class='ocrx_word' id='word_1_218' title='bbox 1638 2686 1709 2732; x_wconf 92' lang='lat' dir='ltr'>non</span> <span class='ocrx_word' id='word_1_219' title='bbox 1722 2668 1818 2749; x_wconf 82' lang='lat' dir='ltr'>valet,</span> <span class='ocrx_word' id='word_1_220' title='bbox 1830 2669 1894 2752; x_wconf 84' lang='lat' dir='ltr'>quia</span> 
     </span>
     <span class='ocr_line' id='line_1_23' title="bbox 308 2775 1892 2859; baseline 0.001 -20"><span class='ocrx_word' id='word_1_221' title='bbox 308 2776 451 2839; x_wconf 81' lang='lat' dir='ltr'>tolleetus</span> <span class='ocrx_word' id='word_1_222' title='bbox 468 2793 632 2858; x_wconf 80' lang='lat' dir='ltr'>personae,</span> <span class='ocrx_word' id='word_1_223' title='bbox 651 2796 787 2859; x_wconf 88' lang='lat' dir='ltr'>persona</span> <span class='ocrx_word' id='word_1_224' title='bbox 807 2797 874 2843; x_wconf 92' lang='lat' dir='ltr'>non</span> <span class='ocrx_word' id='word_1_225' title='bbox 893 2778 1008 2843; x_wconf 81' lang='lat' dir='ltr'>dicitm</span> <span class='ocrx_word' id='word_1_226' title='bbox 1027 2797 1078 2843; x_wconf 88' lang='lat' dir='ltr'>se·</span> <span class='ocrx_word' id='word_1_227' title='bbox 1130 2791 1230 2839; x_wconf 89' lang='lat' dir='ltr'>omne</span> <span class='ocrx_word' id='word_1_228' title='bbox 1259 2775 1382 2857; x_wconf 87' lang='lat' dir='ltr'>plurale</span> <span class='ocrx_word' id='word_1_229' title='bbox 1410 2775 1555 2856; x_wconf 79' lang='lat' dir='ltr'>geminat</span> <span class='ocrx_word' id='word_1_230' title='bbox 1575 2794 1677 2839; x_wconf 90' lang='lat' dir='ltr'>sunm</span> <span class='ocrx_word' id='word_1_231' title='bbox 1705 2776 1863 2858; x_wconf 77' lang='lat' dir='ltr'>singulare</span> <span class='ocrx_word' id='word_1_232' title='bbox 1885 2801 1892 2840; x_wconf 89' lang='lat'>:</span> 
     </span>
     <span class='ocr_line' id='line_1_24' title="bbox 308 2883 1895 2968; baseline 0.001 -21"><span class='ocrx_word' id='word_1_233' title='bbox 308 2884 453 2952; x_wconf 89' lang='lat' dir='ltr'>cundum</span> <span class='ocrx_word' id='word_1_234' title='bbox 475 2883 661 2949; x_wconf 87' lang='lat' dir='ltr'>relationem</span> <span class='ocrx_word' id='word_1_235' title='bbox 683 2905 692 2949; x_wconf 92' lang='lat'>:</span> <span class='ocrx_word' id='word_1_236' title='bbox 715 2891 746 2950; x_wconf 91' lang='lat' dir='ltr'>et</span> <span class='ocrx_word' id='word_1_237' title='bbox 768 2886 884 2950; x_wconf 87' lang='lat' dir='ltr'>dicitur</span> <span class='ocrx_word' id='word_1_238' title='bbox 899 2886 1078 2951; x_wconf 90' lang='lat' dir='ltr'>secundum</span> <span class='ocrx_word' id='word_1_239' title='bbox 1130 2900 1210 2965; x_wconf 78' lang='lat' dir='ltr'>ergo</span> <span class='ocrx_word' id='word_1_240' title='bbox 1224 2901 1290 2947; x_wconf 91' lang='lat' dir='ltr'>non</span> <span class='ocrx_word' id='word_1_241' title='bbox 1309 2886 1413 2948; x_wconf 86' lang='lat' dir='ltr'>mutet</span> <span class='ocrx_word' id='word_1_242' title='bbox 1427 2883 1713 2965; x_wconf 77' lang='lat' dir='ltr'>significationem.</span> <span class='ocrx_word' id='word_1_243' title='bbox 1727 2885 1778 2949; x_wconf 81' lang='lat' dir='ltr'>Ad</span> <span class='ocrx_word' id='word_1_244' title='bbox 1794 2903 1895 2968; x_wconf 88' lang='lat' dir='ltr'>propo·</span> 
     </span>
     <span class='ocr_line' id='line_1_25' title="bbox 255 2988 1893 3086; baseline 0.002 -32"><span class='ocrx_word' id='word_1_245' title='bbox 255 3057 258 3064; x_wconf 71' lang='grc'><strong>,</strong></span> <span class='ocrx_word' id='word_1_246' title='bbox 308 2988 515 3068; x_wconf 87' lang='lat' dir='ltr'>relationem,</span> <span class='ocrx_word' id='word_1_247' title='bbox 540 2991 593 3055; x_wconf 88' lang='lat' dir='ltr'>vel</span> <span class='ocrx_word' id='word_1_248' title='bbox 620 2992 797 3057; x_wconf 88' lang='lat' dir='ltr'>secundum</span> <span class='ocrx_word' id='word_1_249' title='bbox 822 2993 1034 3058; x_wconf 89' lang='lat' dir='ltr'>substantiam</span> <span class='ocrx_word' id='word_1_250' title='bbox 1067 3016 1075 3058; x_wconf 76' lang='grc' dir='ltr'>ε</span> <span class='ocrx_word' id='word_1_251' title='bbox 1130 2990 1229 3054; x_wconf 87' lang='lat' dir='ltr'>situm</span> <span class='ocrx_word' id='word_1_252' title='bbox 1242 3008 1308 3054; x_wconf 93' lang='lat' dir='ltr'>non</span> <span class='ocrx_word' id='word_1_253' title='bbox 1323 2990 1425 3067; x_wconf 87' lang='lat' dir='ltr'>valet,</span> <span class='ocrx_word' id='word_1_254' title='bbox 1439 2990 1517 3086; x_wconf 86' lang='lat' dir='ltr'>quia</span> <span class='ocrx_word' id='word_1_255' title='bbox 1529 2991 1650 3055; x_wconf 90' lang='lat' dir='ltr'>dicitur</span> <span class='ocrx_word' id='word_1_256' title='bbox 1668 2992 1706 3055; x_wconf 89' lang='lat' dir='ltr'>in</span> <span class='ocrx_word' id='word_1_257' title='bbox 1723 2992 1893 3074; x_wconf 79' lang='lat' dir='ltr'>singulari:</span> 
     </span>
     <span class='ocr_line' id='line_1_26' title="bbox 310 3096 1894 3184; baseline 0.003 -22"><span class='ocrx_word' id='word_1_258' title='bbox 310 3114 389 3180; x_wconf 80' lang='lat' dir='ltr'>ergo</span> <span class='ocrx_word' id='word_1_259' title='bbox 406 3097 522 3162; x_wconf 90' lang='lat' dir='ltr'>dieitur</span> <span class='ocrx_word' id='word_1_260' title='bbox 538 3098 713 3164; x_wconf 89' lang='lat' dir='ltr'>secundum</span> <span class='ocrx_word' id='word_1_261' title='bbox 731 3101 955 3165; x_wconf 87' lang='lat' dir='ltr'>substantiam.</span> <span class='ocrx_word' id='word_1_262' title='bbox 1135 3096 1236 3163; x_wconf 71' lang='lat' dir='ltr'>«Alia</span> <span class='ocrx_word' id='word_1_263' title='bbox 1248 3115 1382 3182; x_wconf 85' lang='lat' dir='ltr'>persona</span> <span class='ocrx_word' id='word_1_264' title='bbox 1395 3096 1514 3179; x_wconf 88' lang='lat' dir='ltr'>Patris,</span> <span class='ocrx_word' id='word_1_265' title='bbox 1531 3099 1597 3165; x_wconf 89' lang='lat' dir='ltr'>alia</span> <span class='ocrx_word' id='word_1_266' title='bbox 1607 3097 1704 3179; x_wconf 85' lang='lat' dir='ltr'>Filii;</span> <span class='ocrx_word' id='word_1_267' title='bbox 1720 3121 1736 3161; x_wconf 77' lang='grc' dir='ltr'>ι</span> <span class='ocrx_word' id='word_1_268' title='bbox 1750 3101 1833 3184; x_wconf 89' lang='lat' dir='ltr'>quod</span> <span class='ocrx_word' id='word_1_269' title='bbox 1843 3101 1894 3166; x_wconf 81' lang='lat' dir='ltr'>diu&#39;</span> 
     </span>
     <span class='ocr_line' id='line_1_27' title="bbox 266 3205 1894 3289; baseline 0.005 -24"><span class='ocrx_word' id='word_1_270' title='bbox 266 3234 296 3265; x_wconf 72' lang='lat' dir='ltr'>m.</span> <span class='ocrx_word' id='word_1_271' title='bbox 350 3205 465 3271; x_wconf 84' lang='lat' dir='ltr'>Contra</span> <span class='ocrx_word' id='word_1_272' title='bbox 484 3226 492 3270; x_wconf 91' lang='lat'><strong>:</strong></span> <span class='ocrx_word' id='word_1_273' title='bbox 509 3223 566 3288; x_wconf 90' lang='lat' dir='ltr'>per</span> <span class='ocrx_word' id='word_1_274' title='bbox 581 3205 726 3272; x_wconf 89' lang='lat' dir='ltr'>Boetium</span> <span class='ocrx_word' id='word_1_275' title='bbox 746 3208 781 3272; x_wconf 89' lang='lat' dir='ltr'>in</span> <span class='ocrx_word' id='word_1_276' title='bbox 803 3208 885 3273; x_wconf 89' lang='lat' dir='ltr'>libro</span> <span class='ocrx_word' id='word_1_277' title='bbox 905 3208 944 3276; x_wconf 81' lang='lat' dir='ltr'>de</span> <span class='ocrx_word' id='word_1_278' title='bbox 966 3210 1078 3277; x_wconf 66' lang='lat' dir='ltr'>rana-</span> <span class='ocrx_word' id='word_1_279' title='bbox 1131 3223 1199 3270; x_wconf 89' lang='lat' dir='ltr'>non</span> <span class='ocrx_word' id='word_1_280' title='bbox 1212 3207 1466 3289; x_wconf 88' lang='lat' dir='ltr'>posset,siesset</span> <span class='ocrx_word' id='word_1_281' title='bbox 1488 3208 1648 3273; x_wconf 86' lang='lat' dir='ltr'>terminus</span> <span class='ocrx_word' id='word_1_282' title='bbox 1671 3207 1894 3286; x_wconf 82' lang='lat' dir='ltr'>substantialis,</span> 
     </span>
     <span class='ocr_line' id='line_1_28' title="bbox 310 3312 1894 3397; baseline 0 -17"><span class='ocrx_word' id='word_1_283' title='bbox 310 3317 386 3391; x_wconf 82' lang='lat' dir='ltr'>tote,</span> <span class='ocrx_word' id='word_1_284' title='bbox 400 3313 436 3375; x_wconf 92' lang='lat' dir='ltr'>in</span> <span class='ocrx_word' id='word_1_285' title='bbox 448 3312 512 3376; x_wconf 87' lang='lat' dir='ltr'>tine</span> <span class='ocrx_word' id='word_1_286' title='bbox 530 3334 537 3377; x_wconf 92' lang='lat'><strong>:</strong></span> <span class='ocrx_word' id='word_1_287' title='bbox 558 3337 573 3375; x_wconf 80' lang='lat' dir='ltr'>c</span> <span class='ocrx_word' id='word_1_288' title='bbox 587 3313 621 3378; x_wconf 90' lang='lat' dir='ltr'>Si</span> <span class='ocrx_word' id='word_1_289' title='bbox 635 3332 779 3397; x_wconf 75' lang='lat' dir='ltr'>personae</span> <span class='ocrx_word' id='word_1_290' title='bbox 793 3314 904 3383; x_wconf 78' lang='lat' dir='ltr'>divisa</span> <span class='ocrx_word' id='word_1_291' title='bbox 917 3322 1004 3396; x_wconf 87' lang='lat' dir='ltr'>sunt,</span> <span class='ocrx_word' id='word_1_292' title='bbox 1017 3336 1079 3382; x_wconf 88' lang='lat' dir='ltr'>ne·</span> <span class='ocrx_word' id='word_1_293' title='bbox 1132 3331 1208 3378; x_wconf 88' lang='lat' dir='ltr'>cum</span> <span class='ocrx_word' id='word_1_294' title='bbox 1218 3332 1285 3378; x_wconf 92' lang='lat' dir='ltr'>non</span> <span class='ocrx_word' id='word_1_295' title='bbox 1296 3315 1336 3379; x_wconf 88' lang='lat' dir='ltr'>sit</span> <span class='ocrx_word' id='word_1_296' title='bbox 1349 3315 1412 3379; x_wconf 90' lang='lat' dir='ltr'>alia</span> <span class='ocrx_word' id='word_1_297' title='bbox 1423 3316 1600 3380; x_wconf 90' lang='lat' dir='ltr'>substantia</span> <span class='ocrx_word' id='word_1_298' title='bbox 1613 3314 1731 3397; x_wconf 77' lang='lat' dir='ltr'>Patris,</span> <span class='ocrx_word' id='word_1_299' title='bbox 1746 3316 1810 3381; x_wconf 89' lang='lat' dir='ltr'>alia</span> <span class='ocrx_word' id='word_1_300' title='bbox 1821 3314 1894 3380; x_wconf 83' lang='lat' dir='ltr'>lilii</span> 
     </span>
     <span class='ocr_line' id='line_1_29' title="bbox 308 3420 1895 3506; baseline 0.002 -21"><span class='ocrx_word' id='word_1_301' title='bbox 308 3439 393 3485; x_wconf 83' lang='lat' dir='ltr'>cesse</span> <span class='ocrx_word' id='word_1_302' title='bbox 406 3424 452 3484; x_wconf 90' lang='lat' dir='ltr'>est</span> <span class='ocrx_word' id='word_1_303' title='bbox 464 3421 659 3486; x_wconf 86' lang='lat' dir='ltr'>vocabulum</span> <span class='ocrx_word' id='word_1_304' title='bbox 672 3422 757 3504; x_wconf 91' lang='lat' dir='ltr'>qnod</span> <span class='ocrx_word' id='word_1_305' title='bbox 771 3441 812 3487; x_wconf 84' lang='lat' dir='ltr'>ex</span> <span class='ocrx_word' id='word_1_306' title='bbox 826 3423 968 3506; x_wconf 93' lang='lat' dir='ltr'>personis</span> <span class='ocrx_word' id='word_1_307' title='bbox 980 3423 1080 3489; x_wconf 87' lang='lat' dir='ltr'>trahit</span> <span class='ocrx_word' id='word_1_308' title='bbox 1132 3420 1195 3485; x_wconf 84' lang='lat' dir='ltr'>Alii</span> <span class='ocrx_word' id='word_1_309' title='bbox 1216 3421 1391 3487; x_wconf 88' lang='lat' dir='ltr'>voluerunt</span> <span class='ocrx_word' id='word_1_310' title='bbox 1409 3441 1466 3506; x_wconf 88' lang='lat' dir='ltr'>per</span> <span class='ocrx_word' id='word_1_311' title='bbox 1484 3424 1723 3489; x_wconf 82' lang='lat' dir='ltr'>distinctionem</span> <span class='ocrx_word' id='word_1_312' title='bbox 1745 3424 1895 3506; x_wconf 65' lang='lat' dir='ltr'>aiquilin-</span> 
     </span>
     <span class='ocr_line' id='line_1_30' title="bbox 308 3528 1892 3614; baseline 0.003 -22"><span class='ocrx_word' id='word_1_313' title='bbox 308 3528 478 3610; x_wconf 81' lang='lat' dir='ltr'>originem,</span> <span class='ocrx_word' id='word_1_314' title='bbox 490 3529 530 3594; x_wconf 85' lang='lat' dir='ltr'>ad</span> <span class='ocrx_word' id='word_1_315' title='bbox 539 3530 747 3595; x_wconf 88' lang='lat' dir='ltr'>substantiam</span> <span class='ocrx_word' id='word_1_316' title='bbox 758 3548 826 3595; x_wconf 90' lang='lat' dir='ltr'>non</span> <span class='ocrx_word' id='word_1_317' title='bbox 833 3532 1079 3614; x_wconf 61' lang='lat' dir='ltr'>pertineres&amp;</span> <span class='ocrx_word' id='word_1_318' title='bbox 1133 3528 1228 3592; x_wconf 89' lang='lat' dir='ltr'>tionis</span> <span class='ocrx_word' id='word_1_319' title='bbox 1248 3529 1371 3596; x_wconf 84' lang='lat' dir='ltr'>solvere</span> <span class='ocrx_word' id='word_1_320' title='bbox 1391 3531 1567 3596; x_wconf 87' lang='lat' dir='ltr'>secundum</span> <span class='ocrx_word' id='word_1_321' title='bbox 1590 3531 1721 3596; x_wconf 85' lang='lat' dir='ltr'>diversa</span> <span class='ocrx_word' id='word_1_322' title='bbox 1740 3536 1892 3614; x_wconf 87' lang='lat' dir='ltr'>tempora,</span> 
     </span>
     <span class='ocr_line' id='line_1_31' title="bbox 308 3635 1892 3722; baseline 0.004 -24"><span class='ocrx_word' id='word_1_323' title='bbox 308 3653 387 3717; x_wconf 81' lang='lat' dir='ltr'>ergo</span> <span class='ocrx_word' id='word_1_324' title='bbox 400 3654 473 3718; x_wconf 75' lang='lat' dir='ltr'>quae</span> <span class='ocrx_word' id='word_1_325' title='bbox 495 3636 625 3701; x_wconf 88' lang='lat' dir='ltr'>trabunt</span> <span class='ocrx_word' id='word_1_326' title='bbox 644 3638 837 3719; x_wconf 82' lang='lat' dir='ltr'>originema</span> <span class='ocrx_word' id='word_1_327' title='bbox 857 3640 1080 3721; x_wconf 89' lang='lat' dir='ltr'>personisnon</span> <span class='ocrx_word' id='word_1_328' title='bbox 1133 3635 1295 3717; x_wconf 86' lang='lat' dir='ltr'>videlieet,</span> <span class='ocrx_word' id='word_1_329' title='bbox 1309 3638 1394 3720; x_wconf 88' lang='lat' dir='ltr'>quod</span> <span class='ocrx_word' id='word_1_330' title='bbox 1407 3644 1484 3702; x_wconf 89' lang='lat' dir='ltr'>ante</span> <span class='ocrx_word' id='word_1_331' title='bbox 1498 3638 1742 3722; x_wconf 89' lang='lat' dir='ltr'>responsionem</span> <span class='ocrx_word' id='word_1_332' title='bbox 1762 3639 1892 3704; x_wconf 71' lang='lat' dir='ltr'>Ecclesia</span> 
     </span>
     <span class='ocr_line' id='line_1_32' title="bbox 308 3742 1893 3825; baseline 0.006 -20"><span class='ocrx_word' id='word_1_333' title='bbox 308 3742 466 3825; x_wconf 87' lang='lat' dir='ltr'>pertinent</span> <span class='ocrx_word' id='word_1_334' title='bbox 478 3743 518 3807; x_wconf 91' lang='lat' dir='ltr'>ad</span> <span class='ocrx_word' id='word_1_335' title='bbox 532 3744 760 3822; x_wconf 87' lang='lat' dir='ltr'>substantiam,</span> <span class='ocrx_word' id='word_1_336' title='bbox 776 3746 879 3810; x_wconf 89' lang='lat' dir='ltr'>multo</span> <span class='ocrx_word' id='word_1_337' title='bbox 892 3747 1006 3812; x_wconf 87' lang='lat' dir='ltr'>lortius</span> <span class='ocrx_word' id='word_1_338' title='bbox 1019 3766 1080 3813; x_wconf 86' lang='lat' dir='ltr'>nec</span> <span class='ocrx_word' id='word_1_339' title='bbox 1134 3746 1291 3812; x_wconf 88' lang='lat' dir='ltr'>diceretur</span> <span class='ocrx_word' id='word_1_340' title='bbox 1310 3748 1557 3813; x_wconf 87' lang='lat' dir='ltr'>substantialiter</span> <span class='ocrx_word' id='word_1_341' title='bbox 1578 3754 1612 3814; x_wconf 87' lang='lat' dir='ltr'>et</span> <span class='ocrx_word' id='word_1_342' title='bbox 1628 3750 1810 3815; x_wconf 87' lang='lat' dir='ltr'>secundum</span> <span class='ocrx_word' id='word_1_343' title='bbox 1826 3750 1893 3814; x_wconf 83' lang='lat' dir='ltr'>snb-</span> 
     </span>
    </p>
   </div>
   <div class='ocr_carea' id='block_1_6' title="bbox 201 3850 1893 3944">
    <p class='ocr_par' dir='ltr' id='par_1_6' title="bbox 201 3850 1893 3944">
     <span class='ocr_line' id='line_1_33' title="bbox 201 3850 1893 3944; baseline 0.005 -31"><span class='ocrx_word' id='word_1_344' title='bbox 201 3924 211 3944; x_wconf 36' lang='lat'>‘</span> <span class='ocrx_word' id='word_1_345' title='bbox 307 3867 427 3915; x_wconf 91' lang='lat' dir='ltr'>nomen</span> <span class='ocrx_word' id='word_1_346' title='bbox 447 3869 604 3933; x_wconf 74' lang='lat' dir='ltr'>personae.</span> <span class='ocrx_word' id='word_1_347' title='bbox 620 3850 708 3916; x_wconf 90' lang='lat' dir='ltr'>Unde</span> <span class='ocrx_word' id='word_1_348' title='bbox 723 3851 901 3918; x_wconf 74' lang='lat' dir='ltr'>bichardus</span> <span class='ocrx_word' id='word_1_349' title='bbox 912 3855 952 3918; x_wconf 92' lang='lat' dir='ltr'>de</span> <span class='ocrx_word' id='word_1_350' title='bbox 963 3854 1079 3920; x_wconf 88' lang='lat' dir='ltr'>Sancto</span> <span class='ocrx_word' id='word_1_351' title='bbox 1134 3855 1295 3934; x_wconf 87' lang='lat' dir='ltr'>stantiam,</span> <span class='ocrx_word' id='word_1_352' title='bbox 1306 3856 1623 3939; x_wconf 79' lang='lat' dir='ltr'>postresponsionem</span> <span class='ocrx_word' id='word_1_353' title='bbox 1636 3856 1893 3940; x_wconf 77' lang='lat' dir='ltr'>dicereturlclre</span> 
     </span>
    </p>
   </div>
   <div class='ocr_carea' id='block_1_7' title="bbox 308 3956 1893 5235">
    <p class='ocr_par' dir='ltr' id='par_1_7' title="bbox 308 3956 1893 4475">
     <span class='ocr_line' id='line_1_34' title="bbox 308 3956 1893 4044; baseline 0.003 -20"><span class='ocrx_word' id='word_1_354' title='bbox 308 3956 434 4043; x_wconf 76' lang='lat' dir='ltr'>Victore</span> <span class='ocrx_word' id='word_1_355' title='bbox 447 3959 545 4023; x_wconf 76' lang='lat' dir='ltr'>dict·</span> <span class='ocrx_word' id='word_1_356' title='bbox 563 3960 649 4042; x_wconf 89' lang='lat' dir='ltr'>quod</span> <span class='ocrx_word' id='word_1_357' title='bbox 662 3978 798 4042; x_wconf 91' lang='lat' dir='ltr'>persona</span> <span class='ocrx_word' id='word_1_358' title='bbox 817 3961 902 4025; x_wconf 86' lang='lat' dir='ltr'>idem</span> <span class='ocrx_word' id='word_1_359' title='bbox 918 3963 1078 4044; x_wconf 73' lang='lat' dir='ltr'>estquod</span> <span class='ocrx_word' id='word_1_360' title='bbox 1135 3964 1278 4027; x_wconf 89' lang='lat' dir='ltr'>cundum</span> <span class='ocrx_word' id='word_1_361' title='bbox 1287 3963 1486 4028; x_wconf 87' lang='lat' dir='ltr'>relationem.</span> <span class='ocrx_word' id='word_1_362' title='bbox 1497 3963 1640 4030; x_wconf 84' lang='lat' dir='ltr'>Sedhaec</span> <span class='ocrx_word' id='word_1_363' title='bbox 1648 3964 1768 4031; x_wconf 82' lang='lat' dir='ltr'>solutio</span> <span class='ocrx_word' id='word_1_364' title='bbox 1778 3985 1841 4031; x_wconf 90' lang='lat' dir='ltr'>nou</span> <span class='ocrx_word' id='word_1_365' title='bbox 1849 3985 1893 4029; x_wconf 79' lang='lat' dir='ltr'>ra·</span> 
     </span>
     <span class='ocr_line' id='line_1_35' title="bbox 309 4066 1892 4154; baseline 0.004 -26"><span class='ocrx_word' id='word_1_366' title='bbox 309 4083 414 4148; x_wconf 90' lang='lat' dir='ltr'>perse</span> <span class='ocrx_word' id='word_1_367' title='bbox 427 4066 582 4144; x_wconf 81' lang='lat' dir='ltr'>existens,</span> <span class='ocrx_word' id='word_1_368' title='bbox 601 4068 697 4149; x_wconf 82' lang='lat' dir='ltr'>juxta</span> <span class='ocrx_word' id='word_1_369' title='bbox 715 4067 887 4149; x_wconf 90' lang='lat' dir='ltr'>quemdam</span> <span class='ocrx_word' id='word_1_370' title='bbox 907 4070 1082 4151; x_wconf 78' lang='lat' dir='ltr'>singularis</span> <span class='ocrx_word' id='word_1_371' title='bbox 1134 4069 1190 4148; x_wconf 85' lang='lat' dir='ltr'>let,</span> <span class='ocrx_word' id='word_1_372' title='bbox 1204 4087 1265 4134; x_wconf 90' lang='lat' dir='ltr'>nec</span> <span class='ocrx_word' id='word_1_373' title='bbox 1278 4069 1314 4133; x_wconf 89' lang='lat' dir='ltr'>in</span> <span class='ocrx_word' id='word_1_374' title='bbox 1329 4088 1375 4150; x_wconf 89' lang='lat' dir='ltr'>se,</span> <span class='ocrx_word' id='word_1_375' title='bbox 1389 4088 1448 4134; x_wconf 90' lang='lat' dir='ltr'>nec</span> <span class='ocrx_word' id='word_1_376' title='bbox 1461 4070 1500 4135; x_wconf 92' lang='lat' dir='ltr'>ad</span> <span class='ocrx_word' id='word_1_377' title='bbox 1515 4071 1729 4154; x_wconf 85' lang='lat' dir='ltr'>propositum.</span> <span class='ocrx_word' id='word_1_378' title='bbox 1746 4070 1783 4135; x_wconf 92' lang='lat' dir='ltr'>ln</span> <span class='ocrx_word' id='word_1_379' title='bbox 1794 4091 1828 4135; x_wconf 86' lang='lat' dir='ltr'>se</span> <span class='ocrx_word' id='word_1_380' title='bbox 1837 4089 1892 4135; x_wconf 84' lang='lat' dir='ltr'>nm</span> 
     </span>
     <span class='ocr_line' id='line_1_36' title="bbox 311 4174 1893 4263; baseline 0.004 -27"><span class='ocrx_word' id='word_1_381' title='bbox 311 4174 487 4237; x_wconf 77' lang='lat' dir='ltr'>existentia</span> <span class='ocrx_word' id='word_1_382' title='bbox 509 4174 641 4238; x_wconf 90' lang='lat' dir='ltr'>modum</span> <span class='ocrx_word' id='word_1_383' title='bbox 660 4179 787 4240; x_wconf 83' lang='lat' dir='ltr'>naturae</span> <span class='ocrx_word' id='word_1_384' title='bbox 808 4175 969 4241; x_wconf 86' lang='lat' dir='ltr'>rationalis</span> <span class='ocrx_word' id='word_1_385' title='bbox 996 4200 1004 4241; x_wconf 90' lang='lat'>:</span> <span class='ocrx_word' id='word_1_386' title='bbox 1027 4177 1082 4242; x_wconf 92' lang='lat' dir='ltr'>sed</span> <span class='ocrx_word' id='word_1_387' title='bbox 1135 4177 1230 4254; x_wconf 85' lang='lat' dir='ltr'>valet,</span> <span class='ocrx_word' id='word_1_388' title='bbox 1244 4178 1321 4259; x_wconf 90' lang='lat' dir='ltr'>quia</span> <span class='ocrx_word' id='word_1_389' title='bbox 1334 4177 1469 4242; x_wconf 79' lang='lat' dir='ltr'>Ecclesia</span> <span class='ocrx_word' id='word_1_390' title='bbox 1482 4179 1590 4261; x_wconf 88' lang='lat' dir='ltr'>eliqua</span> <span class='ocrx_word' id='word_1_391' title='bbox 1601 4179 1729 4244; x_wconf 86' lang='lat' dir='ltr'>ratione</span> <span class='ocrx_word' id='word_1_392' title='bbox 1742 4178 1893 4263; x_wconf 73' lang='lat' dir='ltr'>responde</span> 
     </span>
     <span class='ocr_line' id='line_1_37' title="bbox 312 4279 1891 4368; baseline 0.006 -25"><span class='ocrx_word' id='word_1_393' title='bbox 312 4279 485 4362; x_wconf 78' lang='lat' dir='ltr'>singularis</span> <span class='ocrx_word' id='word_1_394' title='bbox 497 4280 611 4346; x_wconf 80' lang='lat' dir='ltr'>modiis</span> <span class='ocrx_word' id='word_1_395' title='bbox 620 4282 795 4347; x_wconf 83' lang='lat' dir='ltr'>existentiae</span> <span class='ocrx_word' id='word_1_396' title='bbox 806 4285 854 4347; x_wconf 87' lang='lat' dir='ltr'>est</span> <span class='ocrx_word' id='word_1_397' title='bbox 861 4284 971 4349; x_wconf 89' lang='lat' dir='ltr'>relatio</span> <span class='ocrx_word' id='word_1_398' title='bbox 984 4284 1020 4349; x_wconf 94' lang='lat' dir='ltr'>in</span> <span class='ocrx_word' id='word_1_399' title='bbox 1033 4286 1083 4350; x_wconf 90' lang='lat' dir='ltr'>di·</span> <span class='ocrx_word' id='word_1_400' title='bbox 1137 4285 1241 4367; x_wconf 78' lang='lat' dir='ltr'>megio</span> <span class='ocrx_word' id='word_1_401' title='bbox 1251 4284 1330 4349; x_wconf 92' lang='lat' dir='ltr'>illud</span> <span class='ocrx_word' id='word_1_402' title='bbox 1339 4303 1469 4363; x_wconf 92' lang='lat' dir='ltr'>nomen,</span> <span class='ocrx_word' id='word_1_403' title='bbox 1479 4304 1579 4368; x_wconf 80' lang='lat' dir='ltr'>qrram</span> <span class='ocrx_word' id='word_1_404' title='bbox 1589 4286 1677 4351; x_wconf 88' lang='lat' dir='ltr'>aliud</span> <span class='ocrx_word' id='word_1_405' title='bbox 1690 4285 1891 4363; x_wconf 57' lang='lat' dir='ltr'>mbstanfim</span> 
     </span>
     <span class='ocr_line' id='line_1_38' title="bbox 312 4389 1892 4475; baseline 0.003 -20"><span class='ocrx_word' id='word_1_406' title='bbox 312 4389 409 4465; x_wconf 88' lang='lat' dir='ltr'>vinis,</span> <span class='ocrx_word' id='word_1_407' title='bbox 423 4392 482 4452; x_wconf 85' lang='lat' dir='ltr'>ate.</span> <span class='ocrx_word' id='word_1_408' title='bbox 1135 4396 1169 4458; x_wconf 89' lang='lat' dir='ltr'>et</span> <span class='ocrx_word' id='word_1_409' title='bbox 1181 4396 1259 4456; x_wconf 91' lang='lat' dir='ltr'>tunc</span> <span class='ocrx_word' id='word_1_410' title='bbox 1275 4410 1342 4457; x_wconf 92' lang='lat' dir='ltr'>non</span> <span class='ocrx_word' id='word_1_411' title='bbox 1355 4392 1507 4475; x_wconf 87' lang='lat' dir='ltr'>imposuit</span> <span class='ocrx_word' id='word_1_412' title='bbox 1519 4393 1892 4475; x_wconf 73' lang='lat' dir='ltr'>dgnmmdoncmzcrgo</span> 
     </span>
    </p>

    <p class='ocr_par' dir='ltr' id='par_1_8' title="bbox 312 4493 1892 5235">
     <span class='ocr_line' id='line_1_39' title="bbox 352 4493 1891 4583; baseline 0.007 -25"><span class='ocrx_word' id='word_1_413' title='bbox 352 4493 433 4558; x_wconf 80' lang='lat' dir='ltr'>Item</span> <span class='ocrx_word' id='word_1_414' title='bbox 452 4495 575 4561; x_wconf 89' lang='lat' dir='ltr'>ratione</span> <span class='ocrx_word' id='word_1_415' title='bbox 586 4496 732 4575; x_wconf 83' lang='lat' dir='ltr'>videtur,</span> <span class='ocrx_word' id='word_1_416' title='bbox 751 4497 827 4579; x_wconf 90' lang='lat' dir='ltr'>quia</span> <span class='ocrx_word' id='word_1_417' title='bbox 848 4516 944 4564; x_wconf 90' lang='lat' dir='ltr'>omne</span> <span class='ocrx_word' id='word_1_418' title='bbox 962 4518 1084 4566; x_wconf 90' lang='lat' dir='ltr'>nomen</span> <span class='ocrx_word' id='word_1_419' title='bbox 1136 4501 1300 4583; x_wconf 90' lang='lat' dir='ltr'>responsio</span> <span class='ocrx_word' id='word_1_420' title='bbox 1311 4499 1459 4564; x_wconf 81' lang='lat' dir='ltr'>Eeelesiae</span> <span class='ocrx_word' id='word_1_421' title='bbox 1472 4499 1553 4564; x_wconf 88' lang='lat' dir='ltr'>nihil</span> <span class='ocrx_word' id='word_1_422' title='bbox 1564 4500 1891 4569; x_wconf 83' lang='lat' dir='ltr'>lacitadmutatlouen</span> 
     </span>
     <span class='ocr_line' id='line_1_40' title="bbox 313 4600 1891 4690; baseline 0.007 -25"><span class='ocrx_word' id='word_1_423' title='bbox 313 4600 400 4684; x_wconf 88' lang='lat' dir='ltr'>quod</span> <span class='ocrx_word' id='word_1_424' title='bbox 422 4601 537 4684; x_wconf 90' lang='lat' dir='ltr'>recipit</span> <span class='ocrx_word' id='word_1_425' title='bbox 559 4602 819 4685; x_wconf 89' lang='lat' dir='ltr'>multitudinem,</span> <span class='ocrx_word' id='word_1_426' title='bbox 843 4604 895 4670; x_wconf 84' lang='lat' dir='ltr'>vel</span> <span class='ocrx_word' id='word_1_427' title='bbox 918 4607 1102 4689; x_wconf 88' lang='lat' dir='ltr'>plurissca-·</span> <span class='ocrx_word' id='word_1_428' title='bbox 1136 4605 1390 4687; x_wconf 79' lang='lat' dir='ltr'>significationis.</span> <span class='ocrx_word' id='word_1_429' title='bbox 1411 4606 1461 4670; x_wconf 87' lang='lat' dir='ltr'>Ad</span> <span class='ocrx_word' id='word_1_430' title='bbox 1486 4607 1691 4690; x_wconf 88' lang='lat' dir='ltr'>propositum</span> <span class='ocrx_word' id='word_1_431' title='bbox 1712 4628 1781 4675; x_wconf 92' lang='lat' dir='ltr'>non</span> <span class='ocrx_word' id='word_1_432' title='bbox 1801 4609 1891 4685; x_wconf 78' lang='lat' dir='ltr'>valet,</span> 
     </span>
     <span class='ocr_line' id='line_1_41' title="bbox 312 4712 1892 4800; baseline 0.005 -25"><span class='ocrx_word' id='word_1_433' title='bbox 312 4712 444 4793; x_wconf 91' lang='lat' dir='ltr'>tionem,</span> <span class='ocrx_word' id='word_1_434' title='bbox 457 4713 595 4795; x_wconf 89' lang='lat' dir='ltr'>pertinet</span> <span class='ocrx_word' id='word_1_435' title='bbox 608 4713 647 4777; x_wconf 89' lang='lat' dir='ltr'>ad</span> <span class='ocrx_word' id='word_1_436' title='bbox 657 4714 856 4795; x_wconf 86' lang='lat' dir='ltr'>relationem,</span> <span class='ocrx_word' id='word_1_437' title='bbox 871 4716 958 4799; x_wconf 86' lang='lat' dir='ltr'>quia,</span> <span class='ocrx_word' id='word_1_438' title='bbox 973 4736 1085 4783; x_wconf 90' lang='lat' dir='ltr'>secun·</span> <span class='ocrx_word' id='word_1_439' title='bbox 1137 4714 1214 4796; x_wconf 90' lang='lat' dir='ltr'>quia</span> <span class='ocrx_word' id='word_1_440' title='bbox 1226 4714 1403 4778; x_wconf 90' lang='lat' dir='ltr'>secundum</span> <span class='ocrx_word' id='word_1_441' title='bbox 1413 4712 1696 4796; x_wconf 79' lang='lat' dir='ltr'>significationem,</span> <span class='ocrx_word' id='word_1_442' title='bbox 1707 4735 1804 4800; x_wconf 88' lang='lat' dir='ltr'>quam</span> <span class='ocrx_word' id='word_1_443' title='bbox 1814 4717 1892 4783; x_wconf 79' lang='lat' dir='ltr'>babet</span> 
     </span>
     <span class='ocr_line' id='line_1_42' title="bbox 313 4818 1892 4907; baseline 0.005 -24"><span class='ocrx_word' id='word_1_444' title='bbox 313 4818 392 4884; x_wconf 91' lang='lat' dir='ltr'>dum</span> <span class='ocrx_word' id='word_1_445' title='bbox 415 4837 545 4899; x_wconf 89' lang='lat' dir='ltr'>omnes,</span> <span class='ocrx_word' id='word_1_446' title='bbox 567 4820 745 4885; x_wconf 90' lang='lat' dir='ltr'>substantia</span> <span class='ocrx_word' id='word_1_447' title='bbox 767 4828 910 4888; x_wconf 89' lang='lat' dir='ltr'>remanet</span> <span class='ocrx_word' id='word_1_448' title='bbox 936 4824 1082 4889; x_wconf 85' lang='lat' dir='ltr'>indivisa.</span> <span class='ocrx_word' id='word_1_449' title='bbox 1136 4825 1208 4904; x_wconf 85' lang='lat' dir='ltr'>post</span> <span class='ocrx_word' id='word_1_450' title='bbox 1222 4820 1459 4903; x_wconf 89' lang='lat' dir='ltr'>responsionem</span> <span class='ocrx_word' id='word_1_451' title='bbox 1474 4820 1634 4902; x_wconf 72' lang='lat' dir='ltr'>Ecclesia,</span> <span class='ocrx_word' id='word_1_452' title='bbox 1647 4822 1824 4907; x_wconf 85' lang='lat' dir='ltr'>loquuntur</span> <span class='ocrx_word' id='word_1_453' title='bbox 1834 4826 1892 4890; x_wconf 83' lang='lat' dir='ltr'>dot·</span> 
     </span>
     <span class='ocr_line' id='line_1_43' title="bbox 313 4925 1892 5018; baseline 0.004 -27"><span class='ocrx_word' id='word_1_454' title='bbox 313 4926 353 4991; x_wconf 89' lang='lat' dir='ltr'>Et</span> <span class='ocrx_word' id='word_1_455' title='bbox 369 4925 497 4991; x_wconf 89' lang='lat' dir='ltr'>Boetius</span> <span class='ocrx_word' id='word_1_456' title='bbox 516 4927 592 4992; x_wconf 91' lang='lat' dir='ltr'>dicit</span> <span class='ocrx_word' id='word_1_457' title='bbox 606 4929 693 5010; x_wconf 91' lang='lat' dir='ltr'>quod</span> <span class='ocrx_word' id='word_1_458' title='bbox 719 4954 734 4990; x_wconf 75' lang='lat' dir='ltr'>a</span> <span class='ocrx_word' id='word_1_459' title='bbox 748 4930 925 4996; x_wconf 89' lang='lat' dir='ltr'>substantia</span> <span class='ocrx_word' id='word_1_460' title='bbox 945 4933 1085 4998; x_wconf 88' lang='lat' dir='ltr'>eontinet</span> <span class='ocrx_word' id='word_1_461' title='bbox 1136 4934 1231 4993; x_wconf 89' lang='lat' dir='ltr'>tores.</span> <span class='ocrx_word' id='word_1_462' title='bbox 1246 4927 1287 4992; x_wconf 87' lang='lat' dir='ltr'>Et</span> <span class='ocrx_word' id='word_1_463' title='bbox 1299 4932 1436 4992; x_wconf 89' lang='lat' dir='ltr'>currunt</span> <span class='ocrx_word' id='word_1_464' title='bbox 1444 4928 1584 4994; x_wconf 89' lang='lat' dir='ltr'>rationes</span> <span class='ocrx_word' id='word_1_465' title='bbox 1597 4931 1638 4995; x_wconf 89' lang='lat' dir='ltr'>ad</span> <span class='ocrx_word' id='word_1_466' title='bbox 1653 4937 1822 5017; x_wconf 71' lang='lat' dir='ltr'>unamque</span> <span class='ocrx_word' id='word_1_467' title='bbox 1832 4952 1892 5018; x_wconf 84' lang='lat' dir='ltr'>par-</span> 
     </span>
     <span class='ocr_line' id='line_1_44' title="bbox 313 5029 1892 5125; baseline 0.011 -34"><span class='ocrx_word' id='word_1_468' title='bbox 313 5029 480 5106; x_wconf 87' lang='lat' dir='ltr'>unitatem,</span> <span class='ocrx_word' id='word_1_469' title='bbox 503 5029 614 5095; x_wconf 89' lang='lat' dir='ltr'>relatio</span> <span class='ocrx_word' id='word_1_470' title='bbox 634 5033 824 5116; x_wconf 84' lang='lat' dir='ltr'>multiplicat</span> <span class='ocrx_word' id='word_1_471' title='bbox 843 5032 1042 5101; x_wconf 88' lang='lat' dir='ltr'>Trinitatem.</span> <span class='ocrx_word' id='word_1_472' title='bbox 1063 5059 1079 5096; x_wconf 79' lang='lat' dir='ltr'>a</span> <span class='ocrx_word' id='word_1_473' title='bbox 1137 5038 1214 5099; x_wconf 87' lang='lat' dir='ltr'>tem.</span> <span class='ocrx_word' id='word_1_474' title='bbox 1234 5034 1273 5098; x_wconf 90' lang='lat' dir='ltr'>Et</span> <span class='ocrx_word' id='word_1_475' title='bbox 1290 5039 1456 5118; x_wconf 89' lang='lat' dir='ltr'>propterea</span> <span class='ocrx_word' id='word_1_476' title='bbox 1474 5040 1522 5099; x_wconf 89' lang='lat' dir='ltr'>est</span> <span class='ocrx_word' id='word_1_477' title='bbox 1541 5036 1812 5123; x_wconf 80' lang='lat' dir='ltr'>intelligendum,</span> <span class='ocrx_word' id='word_1_478' title='bbox 1824 5041 1892 5125; x_wconf 87' lang='lat' dir='ltr'>quot</span> 
     </span>
     <span class='ocr_line' id='line_1_45' title="bbox 314 5134 1892 5235; baseline 0.011 -36"><span class='ocrx_word' id='word_1_479' title='bbox 314 5134 348 5199; x_wconf 89' lang='lat' dir='ltr'>Si</span> <span class='ocrx_word' id='word_1_480' title='bbox 364 5155 443 5218; x_wconf 84' lang='lat' dir='ltr'>ergo</span> <span class='ocrx_word' id='word_1_481' title='bbox 456 5155 576 5202; x_wconf 88' lang='lat' dir='ltr'>nomen</span> <span class='ocrx_word' id='word_1_482' title='bbox 594 5156 739 5221; x_wconf 75' lang='lat' dir='ltr'>personae</span> <span class='ocrx_word' id='word_1_483' title='bbox 761 5145 809 5205; x_wconf 91' lang='lat' dir='ltr'>est</span> <span class='ocrx_word' id='word_1_484' title='bbox 825 5141 1081 5225; x_wconf 84' lang='lat' dir='ltr'>multiplicabile,</span> <span class='ocrx_word' id='word_1_485' title='bbox 1138 5159 1274 5224; x_wconf 84' lang='lat' dir='ltr'>persona</span> <span class='ocrx_word' id='word_1_486' title='bbox 1281 5140 1395 5206; x_wconf 81' lang='lat' dir='ltr'>dicilm</span> <span class='ocrx_word' id='word_1_487' title='bbox 1402 5142 1569 5208; x_wconf 86' lang='lat' dir='ltr'>rationalis</span> <span class='ocrx_word' id='word_1_488' title='bbox 1577 5151 1710 5214; x_wconf 72' lang='lat' dir='ltr'>naturae</span> <span class='ocrx_word' id='word_1_489' title='bbox 1718 5151 1892 5235; x_wconf 78' lang='lat' dir='ltr'>suppositum</span> 
     </span>
    </p>
   </div>
   <div class='ocr_carea' id='block_1_8' title="bbox 347 5276 1891 5431">
    <p class='ocr_par' dir='ltr' id='par_1_9' title="bbox 347 5276 1891 5431">
     <span class='ocr_line' id='line_1_46' title="bbox 347 5276 1891 5380; baseline 0.019 -54"><span class='ocrx_word' id='word_1_490' title='bbox 347 5276 442 5342; x_wconf 62' lang='lat' dir='ltr'>hiup,</span> <span class='ocrx_word' id='word_1_491' title='bbox 459 5276 490 5327; x_wconf 85' lang='lat' dir='ltr'>de</span> <span class='ocrx_word' id='word_1_492' title='bbox 512 5278 613 5344; x_wconf 69' lang='lat' dir='ltr'>trinit,</span> <span class='ocrx_word' id='word_1_493' title='bbox 631 5278 675 5332; x_wconf 89' lang='lat' dir='ltr'>lib.</span> <span class='ocrx_word' id='word_1_494' title='bbox 690 5279 753 5346; x_wconf 85' lang='lat' dir='ltr'>vn,</span> <span class='ocrx_word' id='word_1_495' title='bbox 769 5281 1038 5336; x_wconf 79' lang='lat' dir='ltr'>e.1v.-²Richard.</span> <span class='ocrx_word' id='word_1_496' title='bbox 1051 5285 1084 5337; x_wconf 82' lang='lat' dir='ltr'>de</span> <span class='ocrx_word' id='word_1_497' title='bbox 1139 5304 1167 5356; x_wconf 64' lang='lat' dir='ltr'>s,</span> <span class='ocrx_word' id='word_1_498' title='bbox 1178 5302 1256 5368; x_wconf 53' lang='lat' dir='ltr'>vict„</span> <span class='ocrx_word' id='word_1_499' title='bbox 1269 5302 1299 5354; x_wconf 64' lang='lat' dir='ltr'>,p</span> <span class='ocrx_word' id='word_1_500' title='bbox 1311 5303 1468 5368; x_wconf 42' lang='grc' dir='ltr'>ιηηιιῃιιιι,</span> <span class='ocrx_word' id='word_1_501' title='bbox 1481 5305 1891 5380; x_wconf 60' lang='lat' dir='ltr'>111‚0,1111‚-t13002„p2ffl</span> 
     </span>
     <span class='ocr_line' id='line_1_47' title="bbox 348 5366 1225 5431; baseline 0.009 -15"><span class='ocrx_word' id='word_1_502' title='bbox 348 5366 380 5429; x_wconf 75' lang='lat' dir='ltr'>tc)</span> <span class='ocrx_word' id='word_1_503' title='bbox 394 5366 493 5431; x_wconf 68' lang='lat' dir='ltr'>Cento.</span> <span class='ocrx_word' id='word_1_504' title='bbox 507 5366 614 5419; x_wconf 87' lang='lat' dir='ltr'>dicatur.</span> <span class='ocrx_word' id='word_1_505' title='bbox 1138 5377 1225 5426; x_wconf 67' lang='lat' dir='ltr'>ratur.</span> 
     </span>
    </p>
   </div>
   <div class='ocr_carea' id='block_1_9' title="bbox 0 0 2066 6292">
    <p class='ocr_par' dir='ltr' id='par_1_10' title="bbox 0 0 2066 6292">
     <span class='ocr_line' id='line_1_48' title="bbox 0 0 2066 6292; baseline 0 0"><span class='ocrx_word' id='word_1_506' title='bbox 0 0 2066 6292; x_wconf 95' lang='lat' dir='ltr'> </span> 
     </span>
    </p>
   </div>
  </div>
 </body>
</html>
