<?xml version="1.0" encoding="UTF-8"?>
<!DOCTYPE html PUBLIC "-//W3C//DTD XHTML 1.0 Transitional//EN"
    "http://www.w3.org/TR/xhtml1/DTD/xhtml1-transitional.dtd">
<html xmlns="http://www.w3.org/1999/xhtml" xml:lang="en" lang="en">
 <head>
  <title>
</title>
<meta http-equiv="Content-Type" content="text/html;charset=utf-8" />
  <meta name='ocr-system' content='tesseract 3.04.00' />
  <meta name='ocr-capabilities' content='ocr_page ocr_carea ocr_par ocr_line ocrx_word'/>
</head>
<body>
  <div class='ocr_page' id='page_1' title='image "./srecardinalissb00peltgoog_0050.png"; bbox 0 0 4100 6300; ppageno 0'>
   <div class='ocr_carea' id='block_1_1' title="bbox 344 511 448 560">
    <p class='ocr_par' dir='ltr' id='par_1_1' title="bbox 344 511 448 560">
     <span class='ocr_line' id='line_1_1' title="bbox 344 511 448 560; baseline -0.029 0"><span class='ocrx_word' id='word_1_1' title='bbox 344 511 448 560; x_wconf 78' lang='lat' dir='ltr'>mm</span> 
     </span>
    </p>
   </div>
   <div class='ocr_carea' id='block_1_2' title="bbox 370 628 569 1230">
    <p class='ocr_par' dir='ltr' id='par_1_2' title="bbox 370 628 569 1230">
     <span class='ocr_line' id='line_1_2' title="bbox 427 628 510 696; baseline -0.036 0"><span class='ocrx_word' id='word_1_2' title='bbox 427 628 510 696; x_wconf 88' lang='lat' dir='ltr'>Ordo</span> 
     </span>
     <span class='ocr_line' id='line_1_3' title="bbox 388 735 566 802; baseline -0.006 -1"><span class='ocrx_word' id='word_1_3' title='bbox 388 735 471 802; x_wconf 84' lang='lat' dir='ltr'>Edit.</span> <span class='ocrx_word' id='word_1_4' title='bbox 506 735 566 801; x_wconf 84' lang='lat' dir='ltr'>tir-</span> 
     </span>
     <span class='ocr_line' id='line_1_4' title="bbox 370 843 568 925; baseline 0 -18"><span class='ocrx_word' id='word_1_5' title='bbox 370 843 568 925; x_wconf 78' lang='lat' dir='ltr'>gentinensis</span> 
     </span>
     <span class='ocr_line' id='line_1_5' title="bbox 378 952 556 1015; baseline -0.006 0"><span class='ocrx_word' id='word_1_6' title='bbox 378 952 440 1015; x_wconf 81' lang='lat' dir='ltr'>An.</span> <span class='ocrx_word' id='word_1_7' title='bbox 466 954 556 1015; x_wconf 69' lang='lat'><strong>1495.</strong></span> 
     </span>
     <span class='ocr_line' id='line_1_6' title="bbox 396 1055 569 1123; baseline 0.012 -2"><span class='ocrx_word' id='word_1_8' title='bbox 396 1055 469 1123; x_wconf 84' lang='lat' dir='ltr'>Non</span> <span class='ocrx_word' id='word_1_9' title='bbox 508 1058 569 1123; x_wconf 84' lang='lat' dir='ltr'>he-</span> 
     </span>
     <span class='ocr_line' id='line_1_7' title="bbox 419 1165 546 1230; baseline -0.008 0"><span class='ocrx_word' id='word_1_10' title='bbox 419 1165 546 1230; x_wconf 81' lang='lat' dir='ltr'>bantur.</span> 
     </span>
    </p>
   </div>
   <div class='ocr_carea' id='block_1_3' title="bbox 836 485 1458 560">
    <p class='ocr_par' dir='ltr' id='par_1_3' title="bbox 836 485 1458 560">
     <span class='ocr_line' id='line_1_8' title="bbox 836 485 1458 560; baseline -0.011 0"><span class='ocrx_word' id='word_1_11' title='bbox 836 494 887 560; x_wconf 87' lang='lat' dir='ltr'>DE</span> <span class='ocrx_word' id='word_1_12' title='bbox 906 491 1080 560; x_wconf 77' lang='lat' dir='ltr'>SCRIPTIS</span> <span class='ocrx_word' id='word_1_13' title='bbox 1101 491 1133 556; x_wconf 89' lang='lat' dir='ltr'>S.</span> <span class='ocrx_word' id='word_1_14' title='bbox 1153 485 1458 556; x_wconf 77' lang='lat' dir='ltr'><strong>BONAVEN&#39;I&#39;URAE</strong></span> 
     </span>
    </p>
   </div>
   <div class='ocr_carea' id='block_1_4' title="bbox 622 611 2007 2972">
    <p class='ocr_par' dir='ltr' id='par_1_4' title="bbox 622 611 2007 2972">
     <span class='ocr_line' id='line_1_9' title="bbox 1079 611 1863 691; baseline -0.001 0"><span class='ocrx_word' id='word_1_15' title='bbox 1079 623 1205 691; x_wconf 85' lang='lat' dir='ltr'>ORDO</span> <span class='ocrx_word' id='word_1_16' title='bbox 1778 611 1863 679; x_wconf 72' lang='grc' dir='ltr'>01·ΰο</span> 
     </span>
     <span class='ocr_line' id='line_1_10' title="bbox 968 719 1930 800; baseline -0.003 0"><span class='ocrx_word' id='word_1_17' title='bbox 968 733 1135 800; x_wconf 68' lang='lat' dir='ltr'>tottionis</span> <span class='ocrx_word' id='word_1_18' title='bbox 1150 733 1310 798; x_wconf 67' lang='lat' dir='ltr'>umore.</span> <span class='ocrx_word' id='word_1_19' title='bbox 1701 720 1785 786; x_wconf 79' lang='lat' dir='ltr'>Edit·</span> <span class='ocrx_word' id='word_1_20' title='bbox 1812 719 1930 786; x_wconf 70' lang='lat' dir='ltr'>Veneta</span> 
     </span>
     <span class='ocr_line' id='line_1_11' title="bbox 1051 828 2007 933; baseline -0.014 -29"><span class='ocrx_word' id='word_1_21' title='bbox 1051 840 1242 905; x_wconf 70' lang='lat' dir='ltr'>Innataue.</span> <span class='ocrx_word' id='word_1_22' title='bbox 1735 828 1902 892; x_wconf 68' lang='lat' dir='ltr'>mauu.</span> <span class='ocrx_word' id='word_1_23' title='bbox 2006 926 2007 933; x_wconf 11' lang='grc' dir='ltr'><strong><em>Ν</em></strong></span> 
     </span>
     <span class='ocr_line' id='line_1_12' title="bbox 1059 948 1221 1015; baseline -0.006 -2"><span class='ocrx_word' id='word_1_24' title='bbox 1059 949 1150 1015; x_wconf 86' lang='lat' dir='ltr'>Tum.</span> <span class='ocrx_word' id='word_1_25' title='bbox 1168 948 1221 1013; x_wconf 94' lang='lat' dir='ltr'><strong>III.</strong></span> 
     </span>
     <span class='ocr_line' id='line_1_13' title="bbox 623 1048 1896 1142; baseline -0.009 -20"><span class='ocrx_word' id='word_1_26' title='bbox 623 1057 646 1122; x_wconf 89' lang='grc' dir='ltr'>Ι.</span> <span class='ocrx_word' id='word_1_27' title='bbox 668 1056 836 1123; x_wconf 86' lang='lat' dir='ltr'><strong>Sermones</strong></span> <span class='ocrx_word' id='word_1_28' title='bbox 851 1057 889 1122; x_wconf 89' lang='lat' dir='ltr'>de</span> <span class='ocrx_word' id='word_1_29' title='bbox 904 1056 1071 1140; x_wconf 83' lang='lat' dir='ltr'>Tempore,</span> <span class='ocrx_word' id='word_1_30' title='bbox 1512 1077 1587 1142; x_wconf 76' lang='lat' dir='ltr'>pag,</span> <span class='ocrx_word' id='word_1_31' title='bbox 1649 1063 1664 1121; x_wconf 74' lang='lat' dir='ltr'>t</span> <span class='ocrx_word' id='word_1_32' title='bbox 1720 1048 1792 1114; x_wconf 91' lang='lat' dir='ltr'>Non</span> <span class='ocrx_word' id='word_1_33' title='bbox 1812 1053 1896 1111; x_wconf 83' lang='lat' dir='ltr'>sunt</span> 
     </span>
     <span class='ocr_line' id='line_1_14' title="bbox 623 1164 1664 1245; baseline -0.001 -15"><span class='ocrx_word' id='word_1_34' title='bbox 623 1165 662 1230; x_wconf 87' lang='lat' dir='ltr'>ll.</span> <span class='ocrx_word' id='word_1_35' title='bbox 679 1164 847 1231; x_wconf 80' lang='lat' dir='ltr'>Sermones</span> <span class='ocrx_word' id='word_1_36' title='bbox 859 1164 898 1230; x_wconf 89' lang='lat' dir='ltr'>de</span> <span class='ocrx_word' id='word_1_37' title='bbox 911 1165 1036 1230; x_wconf 88' lang='lat' dir='ltr'>Sanctis</span> <span class='ocrx_word' id='word_1_38' title='bbox 1050 1164 1148 1229; x_wconf 87' lang='lat' dir='ltr'>totius</span> <span class='ocrx_word' id='word_1_39' title='bbox 1162 1166 1255 1245; x_wconf 85' lang='lat' dir='ltr'>anni,</span> <span class='ocrx_word' id='word_1_40' title='bbox 1605 1171 1664 1232; x_wconf 72' lang='lat'>237</span> 
     </span>
     <span class='ocr_line' id='line_1_15' title="bbox 622 1271 1666 1355; baseline 0 -16"><span class='ocrx_word' id='word_1_41' title='bbox 622 1274 677 1339; x_wconf 90' lang='lat' dir='ltr'><strong>III.</strong></span> <span class='ocrx_word' id='word_1_42' title='bbox 694 1273 864 1340; x_wconf 81' lang='lat' dir='ltr'>Sermones</span> <span class='ocrx_word' id='word_1_43' title='bbox 879 1273 919 1339; x_wconf 84' lang='lat' dir='ltr'>da</span> <span class='ocrx_word' id='word_1_44' title='bbox 932 1271 1056 1339; x_wconf 85' lang='lat' dir='ltr'>Sanctis</span> <span class='ocrx_word' id='word_1_45' title='bbox 1070 1274 1105 1337; x_wconf 94' lang='lat' dir='ltr'>in</span> <span class='ocrx_word' id='word_1_46' title='bbox 1117 1292 1247 1355; x_wconf 80' lang='lat' dir='ltr'>genera,</span> <span class='ocrx_word' id='word_1_47' title='bbox 1607 1279 1666 1339; x_wconf 71' lang='lat'>323</span> 
     </span>
     <span class='ocr_line' id='line_1_16' title="bbox 1062 1380 1220 1447; baseline -0.006 -2"><span class='ocrx_word' id='word_1_48' title='bbox 1062 1380 1153 1445; x_wconf 91' lang='lat' dir='ltr'>Tom.</span> <span class='ocrx_word' id='word_1_49' title='bbox 1169 1380 1220 1447; x_wconf 80' lang='lat' dir='ltr'>IV.</span> 
     </span>
     <span class='ocr_line' id='line_1_17' title="bbox 1049 1489 1242 1554; baseline 0.01 -2"><span class='ocrx_word' id='word_1_50' title='bbox 1049 1489 1136 1553; x_wconf 80' lang='lat' dir='ltr'>Anni</span> <span class='ocrx_word' id='word_1_51' title='bbox 1152 1492 1242 1554; x_wconf 72' lang='lat' dir='ltr'>rouo.</span> 
     </span>
     <span class='ocr_line' id='line_1_18' title="bbox 623 1585 1911 1681; baseline -0.009 -20"><span class='ocrx_word' id='word_1_52' title='bbox 623 1596 648 1662; x_wconf 95' lang='lat' dir='ltr'>I.</span> <span class='ocrx_word' id='word_1_53' title='bbox 666 1597 702 1661; x_wconf 95' lang='lat' dir='ltr'>In</span> <span class='ocrx_word' id='word_1_54' title='bbox 717 1596 859 1679; x_wconf 90' lang='lat' dir='ltr'>primum</span> <span class='ocrx_word' id='word_1_55' title='bbox 873 1595 1123 1674; x_wconf 79' lang='lat' dir='ltr'>Sententiarum,</span> <span class='ocrx_word' id='word_1_56' title='bbox 1511 1617 1586 1681; x_wconf 80' lang='lat' dir='ltr'>pag.</span> <span class='ocrx_word' id='word_1_57' title='bbox 1650 1604 1665 1662; x_wconf 70' lang='grc' dir='ltr'>ι</span> <span class='ocrx_word' id='word_1_58' title='bbox 1724 1585 1911 1681; x_wconf 76' lang='lat' dir='ltr'>Decideran-</span> 
     </span>
     <span class='ocr_line' id='line_1_19' title="bbox 624 1697 1862 1780; baseline 0.001 -10"><span class='ocrx_word' id='word_1_59' title='bbox 624 1705 663 1770; x_wconf 89' lang='lat' dir='ltr'>II.</span> <span class='ocrx_word' id='word_1_60' title='bbox 681 1705 719 1769; x_wconf 94' lang='lat' dir='ltr'>In</span> <span class='ocrx_word' id='word_1_61' title='bbox 733 1703 924 1780; x_wconf 80' lang='lat' dir='ltr'>secundum,</span> <span class='ocrx_word' id='word_1_62' title='bbox 1612 1710 1673 1771; x_wconf 68' lang='grc'>448</span> <span class='ocrx_word' id='word_1_63' title='bbox 1797 1697 1862 1758; x_wconf 60' lang='lat' dir='ltr'>tur·</span> 
     </span>
     <span class='ocr_line' id='line_1_20' title="bbox 1076 1811 1219 1879; baseline 0.007 -3"><span class='ocrx_word' id='word_1_64' title='bbox 1076 1811 1166 1877; x_wconf 83' lang='lat' dir='ltr'>Tum.</span> <span class='ocrx_word' id='word_1_65' title='bbox 1182 1812 1219 1879; x_wconf 77' lang='lat' dir='ltr'>V.</span> 
     </span>
     <span class='ocr_line' id='line_1_21' title="bbox 909 1919 1280 2009; baseline 0.011 -28"><span class='ocrx_word' id='word_1_66' title='bbox 909 2004 912 2009; x_wconf 9' lang='grc' dir='ltr'><strong><em>ἢ</em></strong></span> <span class='ocrx_word' id='word_1_67' title='bbox 1025 1919 1112 1983; x_wconf 83' lang='lat' dir='ltr'>Anni</span> <span class='ocrx_word' id='word_1_68' title='bbox 1125 1921 1280 2003; x_wconf 83' lang='lat' dir='ltr'>ejusdem.</span> 
     </span>
     <span class='ocr_line' id='line_1_22' title="bbox 626 2024 1115 2104; baseline 0.002 -14"><span class='ocrx_word' id='word_1_69' title='bbox 626 2027 650 2090; x_wconf 91' lang='lat' dir='ltr'>I.</span> <span class='ocrx_word' id='word_1_70' title='bbox 668 2025 705 2090; x_wconf 92' lang='lat' dir='ltr'>In</span> <span class='ocrx_word' id='word_1_71' title='bbox 719 2026 850 2091; x_wconf 86' lang='lat' dir='ltr'>tortium</span> <span class='ocrx_word' id='word_1_72' title='bbox 864 2024 1115 2104; x_wconf 79' lang='lat' dir='ltr'>Sententiarum,</span> 
     </span>
     <span class='ocr_line' id='line_1_23' title="bbox 626 2133 903 2216; baseline 0 -18"><span class='ocrx_word' id='word_1_73' title='bbox 626 2133 666 2198; x_wconf 95' lang='lat' dir='ltr'>II.</span> <span class='ocrx_word' id='word_1_74' title='bbox 681 2133 718 2198; x_wconf 91' lang='lat' dir='ltr'>In</span> <span class='ocrx_word' id='word_1_75' title='bbox 731 2137 903 2216; x_wconf 87' lang='lat' dir='ltr'>quartum,</span> 
     </span>
     <span class='ocr_line' id='line_1_24' title="bbox 1004 2242 1303 2309; baseline 0.01 -3"><span class='ocrx_word' id='word_1_76' title='bbox 1004 2242 1095 2307; x_wconf 86' lang='lat' dir='ltr'>Tom.</span> <span class='ocrx_word' id='word_1_77' title='bbox 1110 2242 1163 2309; x_wconf 80' lang='lat' dir='ltr'>VI.</span> <span class='ocrx_word' id='word_1_78' title='bbox 1178 2242 1263 2309; x_wconf 85' lang='lat' dir='ltr'>Part.</span> <span class='ocrx_word' id='word_1_79' title='bbox 1278 2244 1303 2309; x_wconf 93' lang='lat' dir='ltr'>I.</span> 
     </span>
     <span class='ocr_line' id='line_1_25' title="bbox 1037 2353 1288 2435; baseline 0.004 -19"><span class='ocrx_word' id='word_1_80' title='bbox 1037 2353 1121 2416; x_wconf 81' lang='lat' dir='ltr'>Anni</span> <span class='ocrx_word' id='word_1_81' title='bbox 1134 2353 1288 2435; x_wconf 83' lang='lat' dir='ltr'>ejusdcm.</span> 
     </span>
     <span class='ocr_line' id='line_1_26' title="bbox 627 2456 1230 2540; baseline 0.005 -19"><span class='ocrx_word' id='word_1_82' title='bbox 627 2456 652 2520; x_wconf 90' lang='grc' dir='ltr'><strong>Ι.</strong></span> <span class='ocrx_word' id='word_1_83' title='bbox 668 2456 711 2521; x_wconf 85' lang='lat' dir='ltr'>Ite</span> <span class='ocrx_word' id='word_1_84' title='bbox 724 2457 906 2523; x_wconf 84' lang='lat' dir='ltr'>reductione</span> <span class='ocrx_word' id='word_1_85' title='bbox 919 2457 1039 2523; x_wconf 71' lang='lat' dir='ltr'>aruum</span> <span class='ocrx_word' id='word_1_86' title='bbox 1052 2461 1093 2524; x_wconf 86' lang='lat' dir='ltr'>ad</span> <span class='ocrx_word' id='word_1_87' title='bbox 1106 2457 1230 2540; x_wconf 80' lang='lat' dir='ltr'>Theoi,</span> 
     </span>
     <span class='ocr_line' id='line_1_27' title="bbox 628 2562 938 2647; baseline 0.003 -20"><span class='ocrx_word' id='word_1_88' title='bbox 628 2562 669 2628; x_wconf 92' lang='lat' dir='ltr'>II.</span> <span class='ocrx_word' id='word_1_89' title='bbox 685 2562 938 2647; x_wconf 84' lang='lat' dir='ltr'>Brevilcquium,</span> 
     </span>
     <span class='ocr_line' id='line_1_28' title="bbox 629 2670 948 2755; baseline 0.009 -22"><span class='ocrx_word' id='word_1_90' title='bbox 629 2670 684 2735; x_wconf 93' lang='lat' dir='ltr'><strong>III.</strong></span> <span class='ocrx_word' id='word_1_91' title='bbox 704 2670 948 2755; x_wconf 79' lang='lat' dir='ltr'>CentiloquInm,</span> 
     </span>
     <span class='ocr_line' id='line_1_29' title="bbox 630 2777 864 2856; baseline 0.013 -14"><span class='ocrx_word' id='word_1_92' title='bbox 630 2778 681 2843; x_wconf 82' lang='lat' dir='ltr'>IV.</span> <span class='ocrx_word' id='word_1_93' title='bbox 697 2777 864 2856; x_wconf 87' lang='lat' dir='ltr'>Phuretra,</span> 
     </span>
     <span class='ocr_line' id='line_1_30' title="bbox 627 2885 1296 2972; baseline 0.004 -21"><span class='ocrx_word' id='word_1_94' title='bbox 627 2886 665 2951; x_wconf 79' lang='lat' dir='ltr'>v.</span> <span class='ocrx_word' id='word_1_95' title='bbox 679 2885 851 2951; x_wconf 86' lang='lat' dir='ltr'>Declaratio</span> <span class='ocrx_word' id='word_1_96' title='bbox 864 2887 1077 2953; x_wconf 87' lang='lat' dir='ltr'>terminorum</span> <span class='ocrx_word' id='word_1_97' title='bbox 1091 2888 1296 2972; x_wconf 81' lang='lat' dir='ltr'>Theologiae,&#39;</span> 
     </span>
    </p>
   </div>
   <div class='ocr_carea' id='block_1_5' title="bbox 547 2991 1435 3080">
    <p class='ocr_par' dir='ltr' id='par_1_5' title="bbox 547 2991 1435 3080">
     <span class='ocr_line' id='line_1_31' title="bbox 547 2991 1435 3080; baseline 0.007 -22"><span class='ocrx_word' id='word_1_98' title='bbox 547 3042 555 3058; x_wconf 95' lang='lat'><strong>.</strong></span> <span class='ocrx_word' id='word_1_99' title='bbox 630 2993 683 3058; x_wconf 82' lang='lat' dir='ltr'><strong>III.</strong></span> <span class='ocrx_word' id='word_1_100' title='bbox 698 2991 975 3078; x_wconf 72' lang='lat' dir='ltr'>compendiosium</span> <span class='ocrx_word' id='word_1_101' title='bbox 989 2996 1183 3078; x_wconf 87' lang='lat' dir='ltr'>principium</span> <span class='ocrx_word' id='word_1_102' title='bbox 1198 2998 1233 3061; x_wconf 92' lang='lat' dir='ltr'>in</span> <span class='ocrx_word' id='word_1_103' title='bbox 1249 2996 1317 3062; x_wconf 86' lang='lat' dir='ltr'><strong>Lib.</strong></span> <span class='ocrx_word' id='word_1_104' title='bbox 1334 2999 1435 3080; x_wconf 81' lang='lat' dir='ltr'>Sunt,</span> 
     </span>
    </p>
   </div>
   <div class='ocr_carea' id='block_1_6' title="bbox 630 3100 1203 3289">
    <p class='ocr_par' dir='ltr' id='par_1_6' title="bbox 630 3100 1203 3289">
     <span class='ocr_line' id='line_1_32' title="bbox 630 3100 1149 3184; baseline 0 -16"><span class='ocrx_word' id='word_1_105' title='bbox 630 3101 698 3168; x_wconf 78' lang='lat' dir='ltr'><strong>XII.</strong></span> <span class='ocrx_word' id='word_1_106' title='bbox 716 3101 886 3168; x_wconf 65' lang='lat' dir='ltr'>Sententia}</span> <span class='ocrx_word' id='word_1_107' title='bbox 901 3100 1149 3184; x_wconf 70' lang='lat' dir='ltr'>Sententiarum,</span> 
     </span>
     <span class='ocr_line' id='line_1_33' title="bbox 631 3209 1203 3289; baseline 0.002 -14"><span class='ocrx_word' id='word_1_108' title='bbox 631 3209 713 3275; x_wconf 81' lang='lat' dir='ltr'><strong>VIII.</strong></span> <span class='ocrx_word' id='word_1_109' title='bbox 730 3210 773 3275; x_wconf 81' lang='lat' dir='ltr'>ue</span> <span class='ocrx_word' id='word_1_110' title='bbox 788 3210 829 3277; x_wconf 80' lang='lat' dir='ltr'>IV</span> <span class='ocrx_word' id='word_1_111' title='bbox 840 3210 1019 3277; x_wconf 79' lang='lat' dir='ltr'>Virtutibus</span> <span class='ocrx_word' id='word_1_112' title='bbox 1032 3211 1203 3289; x_wconf 75' lang='lat' dir='ltr'>Gardmat,</span> 
     </span>
    </p>
   </div>
   <div class='ocr_carea' id='block_1_7' title="bbox 405 3316 1212 3403">
    <p class='ocr_par' dir='ltr' id='par_1_7' title="bbox 405 3316 1212 3403">
     <span class='ocr_line' id='line_1_34' title="bbox 405 3316 1212 3403; baseline 0.004 -22"><span class='ocrx_word' id='word_1_113' title='bbox 405 3364 415 3396; x_wconf 92' lang='lat'>,</span> <span class='ocrx_word' id='word_1_114' title='bbox 549 3368 557 3384; x_wconf 95' lang='lat'><strong>.</strong></span> <span class='ocrx_word' id='word_1_115' title='bbox 632 3316 684 3382; x_wconf 93' lang='lat' dir='ltr'>IX.</span> <span class='ocrx_word' id='word_1_116' title='bbox 700 3317 744 3383; x_wconf 84' lang='lat' dir='ltr'>Ita</span> <span class='ocrx_word' id='word_1_117' title='bbox 757 3317 812 3384; x_wconf 78' lang='lat' dir='ltr'>VII</span> <span class='ocrx_word' id='word_1_118' title='bbox 828 3318 923 3384; x_wconf 86' lang='lat' dir='ltr'>Dunis</span> <span class='ocrx_word' id='word_1_119' title='bbox 935 3318 1073 3403; x_wconf 84' lang='lat' dir='ltr'>Spiritus</span> <span class='ocrx_word' id='word_1_120' title='bbox 1086 3319 1212 3397; x_wconf 79' lang='lat' dir='ltr'>Sancti,</span> 
     </span>
    </p>
   </div>
   <div class='ocr_carea' id='block_1_8' title="bbox 632 3425 1365 3511">
    <p class='ocr_par' dir='ltr' id='par_1_8' title="bbox 632 3425 1365 3511">
     <span class='ocr_line' id='line_1_35' title="bbox 632 3425 1365 3511; baseline 0.003 -20"><span class='ocrx_word' id='word_1_121' title='bbox 632 3425 670 3491; x_wconf 91' lang='lat' dir='ltr'>X.</span> <span class='ocrx_word' id='word_1_122' title='bbox 687 3426 731 3491; x_wconf 83' lang='lat' dir='ltr'>Ite</span> <span class='ocrx_word' id='word_1_123' title='bbox 743 3428 974 3492; x_wconf 86' lang='lat' dir='ltr'>resurrectione</span> <span class='ocrx_word' id='word_1_124' title='bbox 986 3447 1006 3492; x_wconf 86' lang='lat' dir='ltr'>a</span> <span class='ocrx_word' id='word_1_125' title='bbox 1020 3433 1149 3511; x_wconf 83' lang='lat' dir='ltr'>peccato</span> <span class='ocrx_word' id='word_1_126' title='bbox 1161 3428 1202 3493; x_wconf 87' lang='lat' dir='ltr'>ad</span> <span class='ocrx_word' id='word_1_127' title='bbox 1215 3430 1365 3510; x_wconf 80' lang='lat' dir='ltr'>gratiam,</span> 
     </span>
    </p>
   </div>
   <div class='ocr_carea' id='block_1_9' title="bbox 524 3533 1434 3717">
    <p class='ocr_par' dir='ltr' id='par_1_9' title="bbox 524 3533 1434 3717">
     <span class='ocr_line' id='line_1_36' title="bbox 549 3533 1434 3619; baseline 0.001 -18"><span class='ocrx_word' id='word_1_128' title='bbox 549 3585 556 3601; x_wconf 97' lang='lat'><strong>.</strong></span> <span class='ocrx_word' id='word_1_129' title='bbox 632 3533 684 3598; x_wconf 92' lang='lat' dir='ltr'>XI.</span> <span class='ocrx_word' id='word_1_130' title='bbox 701 3535 745 3599; x_wconf 85' lang='lat' dir='ltr'>De</span> <span class='ocrx_word' id='word_1_131' title='bbox 759 3534 863 3601; x_wconf 85' lang='lat' dir='ltr'>tribus</span> <span class='ocrx_word' id='word_1_132' title='bbox 873 3535 1022 3599; x_wconf 84' lang='lat' dir='ltr'>ternariis</span> <span class='ocrx_word' id='word_1_133' title='bbox 1035 3539 1238 3617; x_wconf 84' lang='lat' dir='ltr'>peccatorum</span> <span class='ocrx_word' id='word_1_134' title='bbox 1251 3536 1434 3619; x_wconf 78' lang='lat' dir='ltr'>infamibus,</span> 
     </span>
     <span class='ocr_line' id='line_1_37' title="bbox 524 3639 962 3717; baseline -0.007 -9"><span class='ocrx_word' id='word_1_135' title='bbox 524 3691 531 3708; x_wconf 93' lang='lat'><strong>.</strong></span> <span class='ocrx_word' id='word_1_136' title='bbox 630 3641 698 3707; x_wconf 92' lang='lat' dir='ltr'><strong>XII.</strong></span> <span class='ocrx_word' id='word_1_137' title='bbox 715 3641 814 3706; x_wconf 85' lang='lat' dir='ltr'>itiaeta</span> <span class='ocrx_word' id='word_1_138' title='bbox 829 3639 962 3717; x_wconf 68' lang='lat' dir='ltr'>Saluis,</span> 
     </span>
    </p>
   </div>
   <div class='ocr_carea' id='block_1_10' title="bbox 634 3746 1390 5450">
    <p class='ocr_par' dir='ltr' id='par_1_10' title="bbox 634 3746 1390 5450">
     <span class='ocr_line' id='line_1_38' title="bbox 1086 3746 1230 3814; baseline 0.007 -3"><span class='ocrx_word' id='word_1_139' title='bbox 1086 3746 1171 3814; x_wconf 84' lang='lat' dir='ltr'>Part.</span> <span class='ocrx_word' id='word_1_140' title='bbox 1189 3748 1230 3813; x_wconf 95' lang='lat' dir='ltr'>II.</span> 
     </span>
     <span class='ocr_line' id='line_1_39' title="bbox 634 3854 1182 3936; baseline -0.007 -13"><span class='ocrx_word' id='word_1_141' title='bbox 634 3856 714 3923; x_wconf 91' lang='lat' dir='ltr'><strong>XIII.</strong></span> <span class='ocrx_word' id='word_1_142' title='bbox 731 3855 949 3922; x_wconf 79' lang='lat' dir='ltr'>Meditationes</span> <span class='ocrx_word' id='word_1_143' title='bbox 961 3854 1044 3922; x_wconf 70' lang='lat' dir='ltr'>uta</span> <span class='ocrx_word' id='word_1_144' title='bbox 1056 3855 1182 3936; x_wconf 79' lang='lat' dir='ltr'>Christi,</span> 
     </span>
     <span class='ocr_line' id='line_1_40' title="bbox 635 3963 980 4047; baseline -0.009 -16"><span class='ocrx_word' id='word_1_145' title='bbox 635 3965 714 4032; x_wconf 79' lang='lat' dir='ltr'><strong>XIV.</strong></span> <span class='ocrx_word' id='word_1_146' title='bbox 730 3965 871 4047; x_wconf 79' lang='lat' dir='ltr'>Lignum</span> <span class='ocrx_word' id='word_1_147' title='bbox 887 3963 980 4041; x_wconf 77' lang='lat' dir='ltr'>vice,</span> 
     </span>
     <span class='ocr_line' id='line_1_41' title="bbox 634 4070 1269 4154; baseline -0.003 -14"><span class='ocrx_word' id='word_1_148' title='bbox 634 4073 699 4140; x_wconf 81' lang='lat' dir='ltr'>XV.</span> <span class='ocrx_word' id='word_1_149' title='bbox 714 4073 758 4137; x_wconf 79' lang='lat' dir='ltr'>Ite</span> <span class='ocrx_word' id='word_1_150' title='bbox 770 4071 808 4138; x_wconf 78' lang='lat' dir='ltr'>V.</span> <span class='ocrx_word' id='word_1_151' title='bbox 823 4070 1059 4137; x_wconf 84' lang='lat' dir='ltr'>Festivitatibus</span> <span class='ocrx_word' id='word_1_152' title='bbox 1074 4070 1170 4137; x_wconf 86' lang='lat' dir='ltr'>Pueri</span> <span class='ocrx_word' id='word_1_153' title='bbox 1181 4071 1269 4154; x_wconf 86' lang='lat' dir='ltr'>Jesu,</span> 
     </span>
     <span class='ocr_line' id='line_1_42' title="bbox 634 4178 1246 4260; baseline -0.007 -12"><span class='ocrx_word' id='word_1_154' title='bbox 634 4181 713 4248; x_wconf 83' lang='lat' dir='ltr'><strong>XIII.</strong></span> <span class='ocrx_word' id='word_1_155' title='bbox 728 4180 875 4248; x_wconf 78' lang='lat' dir='ltr'>Officium</span> <span class='ocrx_word' id='word_1_156' title='bbox 887 4181 926 4246; x_wconf 85' lang='lat' dir='ltr'>dc</span> <span class='ocrx_word' id='word_1_157' title='bbox 940 4178 1090 4244; x_wconf 81' lang='lat' dir='ltr'>Passione</span> <span class='ocrx_word' id='word_1_158' title='bbox 1104 4179 1246 4260; x_wconf 81' lang='lat' dir='ltr'>Domini,</span> 
     </span>
     <span class='ocr_line' id='line_1_43' title="bbox 634 4287 1200 4372; baseline -0.011 -16"><span class='ocrx_word' id='word_1_159' title='bbox 634 4289 729 4356; x_wconf 84' lang='lat' dir='ltr'><strong>XIIII.</strong></span> <span class='ocrx_word' id='word_1_160' title='bbox 748 4288 835 4372; x_wconf 73' lang='lat' dir='ltr'>Opus</span> <span class='ocrx_word' id='word_1_161' title='bbox 847 4287 1138 4371; x_wconf 82' lang='lat' dir='ltr'>contemplationis,</span> <span class='ocrx_word' id='word_1_162' title='bbox 1177 4359 1180 4366; x_wconf 26' lang='lat'><strong>¹</strong></span> <span class='ocrx_word' id='word_1_163' title='bbox 1197 4319 1200 4326; x_wconf 95' lang='lat'>·</span> 
     </span>
     <span class='ocr_line' id='line_1_44' title="bbox 634 4392 1184 4476; baseline -0.004 -13"><span class='ocrx_word' id='word_1_164' title='bbox 634 4396 744 4463; x_wconf 80' lang='lat' dir='ltr'><strong>XVIII.</strong></span> <span class='ocrx_word' id='word_1_165' title='bbox 761 4395 951 4462; x_wconf 75' lang='lat' dir='ltr'>Leudumus</span> <span class='ocrx_word' id='word_1_166' title='bbox 965 4395 1004 4459; x_wconf 91' lang='lat' dir='ltr'>de</span> <span class='ocrx_word' id='word_1_167' title='bbox 1019 4393 1054 4459; x_wconf 89' lang='lat' dir='ltr'>S.</span> <span class='ocrx_word' id='word_1_168' title='bbox 1069 4392 1184 4476; x_wconf 87' lang='lat' dir='ltr'>Gruoc,</span> 
     </span>
     <span class='ocr_line' id='line_1_45' title="bbox 635 4502 934 4584; baseline -0.013 -13"><span class='ocrx_word' id='word_1_169' title='bbox 635 4504 715 4571; x_wconf 86' lang='lat' dir='ltr'><strong>XIX.</strong></span> <span class='ocrx_word' id='word_1_170' title='bbox 731 4502 934 4584; x_wconf 85' lang='lat' dir='ltr'>Philumena,</span> 
     </span>
     <span class='ocr_line' id='line_1_46' title="bbox 634 4608 1240 4693; baseline -0.002 -13"><span class='ocrx_word' id='word_1_171' title='bbox 634 4613 700 4680; x_wconf 88' lang='lat' dir='ltr'>XX.</span> <span class='ocrx_word' id='word_1_172' title='bbox 718 4612 762 4678; x_wconf 83' lang='lat' dir='ltr'>Ita</span> <span class='ocrx_word' id='word_1_173' title='bbox 773 4610 828 4677; x_wconf 78' lang='lat' dir='ltr'>VII</span> <span class='ocrx_word' id='word_1_174' title='bbox 841 4608 953 4677; x_wconf 77' lang='lat' dir='ltr'>Verbis</span> <span class='ocrx_word' id='word_1_175' title='bbox 965 4610 1057 4676; x_wconf 87' lang='lat' dir='ltr'>Dom.</span> <span class='ocrx_word' id='word_1_176' title='bbox 1072 4612 1108 4676; x_wconf 91' lang='lat' dir='ltr'>in</span> <span class='ocrx_word' id='word_1_177' title='bbox 1121 4610 1240 4693; x_wconf 74' lang='lat' dir='ltr'>cruca,</span> 
     </span>
     <span class='ocr_line' id='line_1_47' title="bbox 634 4716 1079 4802; baseline -0.013 -14"><span class='ocrx_word' id='word_1_178' title='bbox 634 4721 715 4788; x_wconf 90' lang='lat' dir='ltr'><strong>XXI.</strong></span> <span class='ocrx_word' id='word_1_179' title='bbox 731 4718 903 4802; x_wconf 84' lang='lat' dir='ltr'>Speculum</span> <span class='ocrx_word' id='word_1_180' title='bbox 918 4717 954 4783; x_wconf 89' lang='grc' dir='ltr'><strong>Β.</strong></span> <span class='ocrx_word' id='word_1_181' title='bbox 970 4717 1013 4784; x_wconf 97' lang='grc' dir='ltr'><strong>Μ.</strong></span> <span class='ocrx_word' id='word_1_182' title='bbox 1027 4716 1079 4799; x_wconf 76' lang='lat' dir='ltr'>V,</span> 
     </span>
     <span class='ocr_line' id='line_1_48' title="bbox 635 4826 1349 4912; baseline -0.001 -17"><span class='ocrx_word' id='word_1_183' title='bbox 635 4828 731 4895; x_wconf 86' lang='lat' dir='ltr'><strong>XXII.</strong></span> <span class='ocrx_word' id='word_1_184' title='bbox 747 4826 894 4893; x_wconf 81' lang='lat' dir='ltr'>Officium</span> <span class='ocrx_word' id='word_1_185' title='bbox 906 4827 946 4892; x_wconf 88' lang='lat' dir='ltr'>do</span> <span class='ocrx_word' id='word_1_186' title='bbox 957 4826 1178 4910; x_wconf 81' lang='lat' dir='ltr'>compassIona</span> <span class='ocrx_word' id='word_1_187' title='bbox 1191 4827 1228 4893; x_wconf 87' lang='lat' dir='ltr'>B.</span> <span class='ocrx_word' id='word_1_188' title='bbox 1244 4827 1287 4894; x_wconf 90' lang='grc' dir='ltr'><strong>Μ.</strong></span> <span class='ocrx_word' id='word_1_189' title='bbox 1296 4827 1349 4912; x_wconf 69' lang='lat' dir='ltr'>V,</span> 
     </span>
     <span class='ocr_line' id='line_1_49' title="bbox 637 4932 1060 5011; baseline -0.005 -9"><span class='ocrx_word' id='word_1_190' title='bbox 637 4935 746 5002; x_wconf 90' lang='lat' dir='ltr'><strong>XXIII.</strong></span> <span class='ocrx_word' id='word_1_191' title='bbox 761 4932 885 5000; x_wconf 86' lang='lat' dir='ltr'>Corona</span> <span class='ocrx_word' id='word_1_192' title='bbox 897 4933 933 4999; x_wconf 85' lang='lat' dir='ltr'>B.</span> <span class='ocrx_word' id='word_1_193' title='bbox 949 4934 993 5000; x_wconf 92' lang='grc' dir='ltr'><strong>Μ.</strong></span> <span class='ocrx_word' id='word_1_194' title='bbox 1008 4933 1060 5011; x_wconf 68' lang='grc' dir='ltr'>Μ,</span> 
     </span>
     <span class='ocr_line' id='line_1_50' title="bbox 637 5041 1377 5129; baseline 0.005 -20"><span class='ocrx_word' id='word_1_195' title='bbox 637 5042 744 5109; x_wconf 75' lang='lat' dir='ltr'><strong>XXIV.</strong></span> <span class='ocrx_word' id='word_1_196' title='bbox 760 5041 910 5107; x_wconf 82' lang='lat' dir='ltr'>Carmina</span> <span class='ocrx_word' id='word_1_197' title='bbox 925 5042 1122 5125; x_wconf 78' lang='lat' dir='ltr'>supertiam.</span> <span class='ocrx_word' id='word_1_198' title='bbox 1135 5042 1228 5111; x_wconf 80' lang='lat' dir='ltr'>Sotae</span> <span class='ocrx_word' id='word_1_199' title='bbox 1242 5045 1377 5129; x_wconf 77' lang='lat' dir='ltr'>Rapina,</span> 
     </span>
     <span class='ocr_line' id='line_1_51' title="bbox 639 5147 1390 5226; baseline -0.003 -8"><span class='ocrx_word' id='word_1_200' title='bbox 639 5150 729 5218; x_wconf 82' lang='lat' dir='ltr'><strong>XXII.</strong></span> <span class='ocrx_word' id='word_1_201' title='bbox 746 5149 829 5216; x_wconf 84' lang='lat' dir='ltr'>Laus</span> <span class='ocrx_word' id='word_1_202' title='bbox 842 5150 879 5215; x_wconf 87' lang='lat' dir='ltr'>B.</span> <span class='ocrx_word' id='word_1_203' title='bbox 893 5149 936 5216; x_wconf 94' lang='grc' dir='ltr'><strong>Μ.</strong></span> <span class='ocrx_word' id='word_1_204' title='bbox 950 5147 1002 5226; x_wconf 68' lang='lat' dir='ltr'>V,</span> <span class='ocrx_word' id='word_1_205' title='bbox 1387 5187 1390 5196; x_wconf 92' lang='lat'>·</span> 
     </span>
     <span class='ocr_line' id='line_1_52' title="bbox 639 5257 1250 5339; baseline -0.005 -11"><span class='ocrx_word' id='word_1_206' title='bbox 639 5259 746 5328; x_wconf 79' lang='lat' dir='ltr'><strong>XXVI.</strong></span> <span class='ocrx_word' id='word_1_207' title='bbox 763 5259 955 5326; x_wconf 83' lang='lat' dir='ltr'>Psalterinm</span> <span class='ocrx_word' id='word_1_208' title='bbox 969 5258 1078 5324; x_wconf 86' lang='lat' dir='ltr'>minus</span> <span class='ocrx_word' id='word_1_209' title='bbox 1089 5257 1125 5324; x_wconf 92' lang='lat' dir='ltr'>B.</span> <span class='ocrx_word' id='word_1_210' title='bbox 1141 5257 1185 5323; x_wconf 92' lang='grc' dir='ltr'><strong>Μ.</strong></span> <span class='ocrx_word' id='word_1_211' title='bbox 1197 5257 1250 5339; x_wconf 70' lang='lat' dir='ltr'>V,</span> 
     </span>
     <span class='ocr_line' id='line_1_53' title="bbox 639 5367 1258 5450; baseline -0.008 -13"><span class='ocrx_word' id='word_1_212' title='bbox 639 5367 761 5438; x_wconf 77' lang='lat' dir='ltr'>xxvii.</span> <span class='ocrx_word' id='word_1_213' title='bbox 777 5367 967 5436; x_wconf 80' lang='lat' dir='ltr'>Psaltarinm</span> <span class='ocrx_word' id='word_1_214' title='bbox 981 5369 1088 5450; x_wconf 77' lang='lat' dir='ltr'>majus</span> <span class='ocrx_word' id='word_1_215' title='bbox 1103 5367 1258 5450; x_wconf 70' lang='lat' dir='ltr'>eiusdem,</span> 
     </span>
    </p>
   </div>
   <div class='ocr_carea' id='block_1_11' title="bbox 0 0 2078 6292">
    <p class='ocr_par' dir='ltr' id='par_1_11' title="bbox 0 0 2078 6292">
     <span class='ocr_line' id='line_1_54' title="bbox 0 0 2078 6292; baseline 0 0"><span class='ocrx_word' id='word_1_216' title='bbox 0 0 2078 6292; x_wconf 95' lang='lat' dir='ltr'> </span> 
     </span>
    </p>
   </div>
  </div>
 </body>
</html>
