4100 6300
363 458 422 521 tio

928 459 1241 527 supracitatum
1261 460 1337 527 LlB.
1361 464 1385 528 l.

362 600 401 661 ut
420 615 488 661 non
511 593 609 664 luerit
630 618 767 688 semper,
790 597 845 666 cui
858 596 1029 689 proprium
1043 604 1090 665 est
1103 619 1230 689 semper
1242 619 1309 666 esse
1322 598 1412 690 quod
1425 606 1542 667 natum
1555 604 1625 667 esti
1640 599 1768 668 Natum
1785 622 1867 688 ergo
1882 600 1948 667 nni-

362 708 510 796 genitnm
523 710 628 780 Deum
640 712 835 781 confitemur
850 739 860 798 ;
875 712 931 781 sed
952 721 1065 782 natum
1088 721 1164 782 ante
1186 721 1349 805 tempora,
1364 736 1425 782 nee
1444 723 1520 783 ante
1541 737 1609 784 esse
1626 738 1730 807 quam
1744 724 1884 801 natum,
1897 738 1950 783 nec

362 830 437 891 ante
451 833 564 893 natum
579 850 680 917 quam
694 851 774 915 esse,
790 829 868 920 quia
881 830 971 899 nasci
992 829 1082 921 quod
1100 839 1187 914 erat,
1199 829 1268 920 jam
1284 822 1353 898 uon
1367 830 1456 898 nasci
1469 841 1536 913 est,
1553 831 1609 901 sed
1624 833 1772 924 seipsum
1787 831 1949 900 demutare

361 940 531 1009 nascendo.
546 942 617 1011 Hoc
630 951 740 1013 autem
756 945 938 1014 humanum
954 968 1087 1014 sensum
1101 954 1133 1014 et
1145 946 1397 1036 intelligentiam
1417 947 1543 1015 excedit
1558 948 1696 1034 mundi,
1713 970 1784 1017 non
1798 947 1862 1017 hoc
1873 949 1949 1039 capit

361 1055 444 1124 ratio
456 1056 612 1129 humanae
624 1060 851 1150 intelligentiae
859 1088 868 1149 ;
883 1062 940 1131 sed
953 1062 1136 1154 prudentia
1150 1062 1256 1131 tidelis
1269 1062 1426 1154 professio
1439 1070 1497 1132 est.
1514 1088 1531 1128 o

549 1358 755 1430 expositio
775 1362 938 1431 TEXTUS.

374 1540 447 1590 Nune
460 1540 494 1591 ad
504 1539 693 1590 distinctionem
706 1552 874 1605 personarum
887 1541 1049 1605 accedamus,
1061 1545 1111 1592 etc.

397 1686 503 1769 Supra
533 1686 602 1767 egit
631 1685 782 1767 Magister
817 1687 856 1752 de
884 1688 1129 1770 proprietatibus

356 1811 431 1876 quae
451 1793 625 1875 respiciunt
643 1793 827 1873 essentiam3
852 1794 905 1856 hic
923 1796 992 1875 agit
1015 1794 1054 1858 de
1077 1794 1128 1857 his

355 1920 430 1984 quae
441 1902 615 1984 respiciunt
628 1919 796 1984 personas:
815 1906 846 1965 et
860 1902 931 1966 haec
946 1920 1020 1984 pars
1033 1901 1128 1965 habet

355 2013 436 2078 duas
457 2016 573 2095 partes.
595 2012 676 2089 Quia
694 2014 782 2077 enim
800 2013 959 2078 distinctio
977 2031 1128 2096 persona-

354 2141 431 2186 rum
445 2122 617 2187 attenditur
629 2122 807 2201 seeundum
821 2122 981 2205 duplicem
993 2139 1127 2185 emana-

354 2230 486 2310 tionem,
497 2230 616 2294 scilicet
628 2229 846 2311 generationis
856 2233 888 2294 et
900 2228 1107 2311 processionis
1116 2251 1125 2308 ;

275 2380 281 2395 .
354 2336 425 2400 ideo
434 2337 539 2418 primo
549 2336 619 2418 agit
627 2336 889 2417 degeneratione,
899 2336 1039 2400 secundo
1049 2354 1127 2400 vero

354 2446 393 2510 de
400 2446 609 2529 processione,
619 2446 714 2522 infra,
726 2445 797 2508 dist.
809 2464 832 2508 x
844 2468 851 2510 :
864 2447 957 2512 Nunc
965 2453 1038 2528 post
1048 2447 1129 2513 iiiii

354 2556 578 2631 eternitatem,
602 2551 1002 2634 narrentanorum.
1029 2552 1125 2635 item,

355 2661 460 2743 prima
483 2678 557 2743 pars
583 2660 678 2723 habet
701 2659 782 2722 duas
809 2663 935 2741 partes:
965 2660 1000 2723 in
1024 2661 1129 2742 prima

356 2765 493 2829 ostendit
503 2766 582 2848 quid
590 2766 629 2830 de
638 2767 844 2848 generatione
855 2765 927 2829 Filii
936 2771 983 2830 est
991 2767 1127 2831 sentien-

355 2875 450 2949 dum;
464 2873 613 2952 seeundo,
627 2894 669 2939 err
681 2876 842 2953 incidenti,
853 2894 918 2959 quo
927 2893 1073 2940 sermone
1081 2881 1128 2940 est

355 2980 424 3064 ipsa
437 2980 656 3062 exprimenda,
669 2983 733 3046 ihi:
751 2983 812 3048 Hic
824 2984 1127 3065 campiductorem

355 3089 515 3170 nemrutio
529 3087 610 3155 Filii
623 3106 644 3155 a
656 3089 761 3170 Putre,
776 3094 834 3155 etc.

395 3194 503 3259 Prima
521 3198 639 3261 iterum
652 3215 726 3278 pars
738 3197 836 3262 habet
848 3202 988 3281 quatuor
1008 3201 1124 3280 partes.

355 3302 462 3369 Primo
478 3304 626 3387 proponit
641 3304 820 3384 veritatem,
836 3324 910 3388 quae
923 3310 971 3370 est
984 3324 1004 3369 a
1017 3307 1126 3370 catho-

352 3412 421 3476 licis
434 3412 609 3492 mtinenda,
622 3413 739 3478 scilicet
751 3415 837 3497 quod
852 3431 1013 3495 generem
1024 3418 1056 3477 et
1066 3433 1126 3495 ge·

352 3520 439 3583 nitus
449 3525 525 3583 sunt
533 3539 591 3603 per
602 3522 842 3603 generationem
854 3523 993 3587 distincti
1002 3527 1035 3587 et
1046 3542 1125 3588 coae⁴

352 3626 447 3705 terni,
468 3625 513 3690 ita
532 3627 618 3710 quod
637 3629 800 3709 generatio
821 3634 868 3694 est
890 3629 1071 3695 distinctiva
1094 3635 1126 3694 et

353 3735 482 3796 aeterna.
498 3731 534 3795 lu
548 3734 699 3809 secunda,
719 3740 829 3799 contra
843 3737 904 3800 hoc
924 3737 1057 3820 opponit
1071 3757 1127 3820 per

352 3839 582 3922 oppositionem
597 3840 832 3921 haereticorum,
845 3844 909 3906 ihi:
935 3842 997 3909 Sed
1016 3850 1128 3911 contra

352 3948 409 4013 icoc
432 3949 540 4029 inquit
562 3949 739 4015 decretione.
764 3949 802 4013 ln
822 3952 916 4015 tertia
935 3952 1128 4018 determinat

352 4049 474 4131 conda,
491 4056 658 4138 arguendo
670 4075 727 4139 per
740 4057 878 4121 rationes
894 4060 1123 4125 catholicorum

353 4163 520 4227 doctorum
528 4164 700 4245 Augustini
708 4169 739 4229 et
746 4166 915 4246 Ambrosii,
925 4167 985 4231 ibi:
1004 4169 1127 4241 Ouiltoc

353 4269 448 4349 dicit,
463 4287 529 4337 nou
545 4271 711 4354 tntettipit,
730 4274 828 4339 etium
844 4282 957 4341 cotom
973 4292 1052 4356 eece,
1066 4281 1125 4340 ete.

353 4378 390 4442 ln
403 4382 518 4462 quarta
534 4383 565 4443 et
579 4379 692 4443 ultima
706 4381 884 4462 respondet,
898 4384 1127 4465 compescendo

351 4486 593 4569 inquisitionem
614 4487 811 4569 superfluam
830 4489 1067 4567 haereticorum,
1096 4495 1128 4555 et

353 4594 450 4658 etiarn
468 4593 698 4659 catholicorum
720 4596 942 4679 superborum,
967 4597 1032 4662 ibi:
1062 4597 1124 4664 Sed

354 4703 473 4784 quana
487 4719 577 4775 ame,
592 4704 703 4785 inquit
713 4703 914 4783 Amanum
923 4704 980 4768 ubi
990 4707 1127 4771 ostendit

353 4809 439 4892 quod
453 4809 658 4875 inscrutabile
670 4814 720 4875 ast
733 4815 968 4877 samamenturn
988 4830 1126 4895 genera-

353 4917 461 4980 tionis.

392 5022 545 5089 Similiter
556 5027 695 5091 secunda
707 5045 781 5110 pars
789 5028 889 5111 hujus
901 5027 1124 5109 distinctionis,

352 5128 387 5191 in
398 5149 462 5212 qua
473 5130 623 5214 Magister
636 5134 825 5201 determinat
836 5153 900 5219 quo
908 5154 1056 5200 sermone
1064 5154 1125 5217 ge-

353 5237 525 5303 nerationis
541 5243 701 5307 aeternitas
713 5243 946 5325 congruentius
959 5244 1126 5325 exprima-

352 5344 416 5422 tur,
439 5345 535 5410 hahet
556 5352 693 5430 quatuor
721 5356 836 5433 partes.
865 5348 902 5414 ln
919 5350 1024 5433 prima
1036 5353 1127 5434 ponit

353 5447 519 5517 doctormn
532 5461 739 5537 apparentem
758 5457 1027 5525 controversiam:
1048 5475 1125 5521 nam

1182 1366 1313 1448 quidam
1322 1366 1431 1429 dicum
1442 1366 1949 1451 eamdehereexprimipervaffl

1180 1473 1332 1556 praeteriti
1344 1474 1506 1556 temporis,
1524 1473 1578 1537 alii
1589 1492 1646 1556 per
1660 1475 1761 1537 verba
1777 1476 1947 1558 prasentia

1181 1582 1217 1646 In
1236 1583 1377 1648 secunda
1390 1583 1573 1666 praedictam
1590 1582 1845 1646 controversiam
1859 1584 1949 1648 redu·

1180 1691 1222 1753 cit
1231 1690 1272 1753 ad
1285 1690 1551 1761 concordantiam.
1567 1689 1629 1752 ibi:
1649 1688 1713 1754 sed
1725 1706 1766 1755 nc
1780 1693 1869 1756 tanti
1881 1708 1951 1757 unc·
2021 1726 2022 1729 ¹

1181 1803 1265 1863 tores
1281 1799 1318 1863 io
1336 1813 1369 1863 re
1386 1801 1478 1863 tauta
1494 1796 1560 1862 siti
1577 1796 1798 1863 contradicere
1818 1797 1950 1863 aidem-

1180 1908 1244 1967 tur.
1267 1902 1305 1966 ln
1326 1902 1419 1966 tertia
1441 1921 1498 1986 per
1522 1903 1618 1967 verba
1648 1902 1763 1967 Hilarii
1787 1905 1950 1969 confimat

1181 2012 1418 2095 responsionem
1438 2030 1541 2091 suam,
1559 2030 1600 2076 ne
1614 2012 1763 2077 videatur
1775 2013 1868 2077 dictis
1884 2014 1952 2079 Ori·

1182 2120 1274 2199 genis
1290 2118 1397 2195 inniti,
1413 2118 1476 2183 ibi:
1499 2118 1648 2184 Hilarius
1664 2122 1790 2202 quoque
1803 2118 1888 2185 dicit
1901 2121 1950 2186 it-

1180 2223 1262 2291 tium
1274 2228 1415 2291 nascier
1425 2226 1527 2304 Putre,
1541 2230 1601 2289 etc.
1617 2223 1655 2289 ln
1664 2231 1780 2309 quarta
1797 2227 1951 2291 concludit

1181 2333 1366 2396 summatim
1391 2332 1468 2416 quid
1488 2333 1678 2412 dicendum,
1705 2333 1775 2397 sive
1794 2335 1948 2417 mornado

1181 2439 1394 2524 loquendum,
1410 2446 1442 2505 et
1466 2441 1627 2523 quomodo
1646 2441 1743 2505 etiarn
1761 2441 1801 2505 de
1821 2460 1948 2523 genna·

1180 2550 1266 2614 tione
1285 2555 1405 2614 aeterna
1419 2550 1622 2614 sentiendum
1645 2550 1698 2630 sit,
1721 2550 1786 2614 ibi:
1804 2551 1947 2615 Dicam

1183 2678 1255 2746 erpo
1269 2663 1390 2729 Filium
1403 2669 1517 2730 cutum
1533 2662 1572 2727 de
1587 2663 1695 2741 Patra
1717 2662 1775 2726 ubi
1787 2664 1946 2726 confirmat

1183 2772 1348 2836 veritatem
1358 2791 1414 2854 per
1422 2771 1641 2835 auctoritatem
1652 2770 1775 2847 Hilarii,
1788 2789 1943 2853 perquam

1182 2878 1279 2942 etiam
1293 2878 1387 2943 solvit
1398 2878 1609 2959 objectionem
1618 2877 1773 2942 haeretici.

1512 3057 1581 3103 DUB.
1595 3056 1619 3101 1.

1423 3183 1481 3233 Non
1493 3186 1532 3233 est
1544 3182 1613 3232 aliud
1625 3183 1710 3233 Pater.

1221 3307 1352 3373 Videtur
1379 3307 1496 3372 falsum
1519 3306 1605 3389 quod
1627 3305 1755 3384 dicitur,
1779 3306 1854 3388 quia
1871 3306 1943 3370 benc

1182 3417 1325 3499 sequitur
1339 3438 1346 3479 :
1363 3437 1379 3474 e
1392 3414 1504 3478 Petrus
1515 3417 1563 3478 est
1574 3412 1667 3476 albus
1679 3413 1779 3476 homo
1793 3432 1801 3475 :
1816 3431 1891 3494 ergo
1902 3419 1941 3475 est
2021 3459 2022 3490 ,

1181 3522 1301 3586 animal
1312 3521 1463 3598 album3r
1481 3519 1654 3603 quiaident
1669 3520 1941 3600 signiticantalbtn
2021 3495 2022 3518 Χ

1181 3634 1213 3693 et
1232 3630 1363 3693 album:
1381 3646 1460 3710 ergo
1475 3628 1543 3710 pari
1561 3628 1696 3706 ratione,
1713 3628 1790 3708 quia
1810 3626 1889 3690 idem
1902 3627 1940 3687 si·

1181 3737 1335 3818 gnificant
1360 3734 1447 3802 utitis
1474 3741 1504 3800 et
1531 3733 1644 3811 uliud,
1671 3733 1838 3815 sequitur:
1869 3731 1939 3795 «ue

1181 3843 1263 3907 alius
1277 3862 1285 3906 ε
1301 3861 1380 3924 ergo
1394 3848 1440 3906 est
1451 3842 1539 3906 aliud
1552 3859 1650 3905 ens.»
1668 3845 1702 3905 Sr
1715 3860 1754 3904 ru
1768 3858 1851 3903 crans
1864 3838 1938 3921 quod

1180 3969 1247 4014 non
1267 3953 1314 4013 est
1336 3950 1437 4013 simile
1459 3948 1581 4013 dehoc
1600 3947 1732 4011 nomine
1755 3947 1849 4024 nlius,
1862 3951 1889 4008 ct
1902 3943 1938 4007 de

1181 4056 1241 4120 hoc
1262 4057 1393 4120 nomine
1412 4055 1507 4121 uliud
1529 4071 1607 4130 cun
1630 4055 1777 4120 Corum:
1800 4052 1877 4117 Bene
1891 4069 1937 4112 se-

1180 4163 1315 4245 quitur:
1346 4163 1427 4227 «Est
1449 4162 1530 4250 alius
1550 4162 1673 4226 homo:
1696 4180 1777 4243 ergo
1800 4165 1845 4224 est
1861 4157 1935 4222 aliud

1181 4268 1303 4334 animal
1319 4292 1353 4333 :r
1376 4288 1455 4351 ergo
1468 4288 1488 4332 a
1500 4268 1598 4332 simili
1611 4269 1691 4334 illud
1705 4268 1856 4351 seqnimr.

1221 4376 1314 4459 Resp.
1343 4376 1517 4441 Dicendum
1544 4376 1647 4459 quod,
1667 4376 1747 4458 quia
1764 4377 1799 4438 in
1821 4374 1879 4438 Dm
1895 4377 1934 4435 est

1180 4485 1353 4566 singularis
1363 4486 1491 4566 aliem,
1507 4485 1583 4567 quia
1600 4484 1712 4550 alietas
1728 4489 1776 4549 est
1797 4480 1932 4566 supponit

1180 4611 1254 4658 eum
1265 4593 1451 4658 omnimoda
1465 4594 1587 4657 unitate
1598 4596 1748 4672 naturae;
1763 4591 1932 4669 idmmgc

1180 4699 1239 4764 lari
1252 4701 1346 4765 modo
1358 4703 1481 4784 oportet
1493 4699 1631 4782 exprimi
1640 4722 1649 4763 ι
1658 4704 1692 4763 et
1702 4698 1853 4781 quoniam
1862 4711 1930 4758 ro&

1180 4807 1325 4872 culinum
1332 4803 1930 4890 genusimportatquemdamtisnnne

1181 4932 1257 4978 nem
1276 4915 1328 4979 vel
1346 4913 1586 4993 discretionem,
1600 4914 1672 4978 ideo
1693 4912 1822 4996 respicit
1839 4924 1927 4993 petae

1180 5039 1272 5086 nem:
1286 5023 1341 5088 sed
1349 5028 1513 5103 neutrum,
1525 5026 1654 5105 propter
1666 5020 1924 5091 indistinctiouen,

1179 5129 1306 5212 respicit
1329 5134 1507 5204 naturam:
1531 5135 1562 5193 et
1585 5128 1656 5194 ideo
1681 5115 1768 5195 utitis
1798 5127 1924 5209 imponi

1180 5237 1339 5302 alietatem
1361 5239 1396 5301 in
1415 5256 1570 5321 persona3
1597 5237 1703 5316 atiud,
1732 5229 1923 5302 atienemir

1180 5350 1295 5410 natura
1308 5369 1315 5410 ε
1330 5352 1362 5411 et
1374 5347 1444 5411 ideo
1458 5348 1493 5410 in
1513 5346 1630 5410 divinis
1642 5365 1709 5411 non
1722 5347 1805 5411 idem
1815 5337 1923 5423 domiti-

1182 5459 1265 5520 eant.
1291 5453 1398 5520 Posset
1417 5455 1514 5521 etiam
1541 5455 1602 5520 dici
1623 5455 1711 5538 quod
1736 5455 1769 5519 in
1794 5446 1921 5518 meatuffl
