4100 6300
469 396 567 464 DlST.
588 397 708 464 XXVII.
731 397 848 471 PART.
866 398 892 462 Ι.
911 395 1002 463 ART.
1024 396 1050 461 Ι.
1071 393 1220 474 QUAEST.
1242 394 1297 460 ΙΙΙ.
1615 389 1673 448 437
1699 488 1702 494 ¹

91 536 238 614 teruitas,
257 536 289 598 et
302 531 543 613 innascibilitas,
565 535 597 597 et
616 533 745 616 spiratio
767 555 775 597 :
795 533 850 598 sed

90 640 308 709 innascibilitas
332 659 399 706 non
422 643 468 706 ast
488 640 669 705 reducihilis
688 641 729 706 ad
749 640 848 705 alias:
1147 651 1351 733 QUAEsplq
1372 652 1435 717 111,

90 768 164 832 ergo
180 766 305 812 neeesse
327 752 373 812 ast
397 748 482 831 quod
504 747 575 812 aliae
595 749 790 812 reducantur
809 748 850 814 ad

89 855 380 933 innascibilitatem,
405 873 479 939 quae
499 859 563 935 est,
581 856 662 920 sicat
679 855 847 932 dixerunt,

88 962 393 1046 fontalisplenitndo.
534 1033 537 1038 ,

124 1071 284 1154 Amplius,
299 1070 495 1154 paternitatis
507 1076 538 1135 et
552 1070 766 1152 generationis
779 1089 849 1154 pro
945 1071 1059 1136 Utrum
1072 1072 1237 1153 contingat
1248 1069 1456 1153 proprietates
1466 1067 1624 1132 abstrahi:
1643 1068 1674 1130 et
1690 1104 1786 1150 pm

86 1180 212 1263 prietes,
227 1182 384 1261 quantum
401 1181 449 1241 θεῖ
462 1177 501 1243 de
517 1179 660 1260 generali
675 1197 734 1243 sna
747 1168 850 1260 signi·
903 1180 990 1262 qnod
1011 1198 1095 1260 non,
1118 1178 1246 1243 videtur
1259 1196 1268 1241 ε
1282 1177 1360 1260 quia
1381 1175 1486 1241 omnis
1506 1174 1673 1239 abstractio

86 1285 247 1364 beaticus,
266 1285 537 1350 communicabilis
560 1290 624 1363 est,
650 1290 688 1349 ut
706 1289 792 1368 patet
814 1285 849 1348 in
903 1285 1055 1368 supponit
1077 1286 1338 1350 concretionem:
1365 1283 1474 1349 sedin
1499 1282 1545 1346 eis
1569 1282 1674 1346 solum

86 1394 247 1473 meaturis,
256 1393 467 1475 quiagenitus
477 1397 620 1475 generat,
631 1393 754 1457 attilius
763 1412 849 1457 unus
903 1394 1031 1475 proprie
1044 1397 1091 1458 est
1104 1392 1278 1470 concretio,
1293 1393 1329 1455 iu
1344 1391 1463 1474 quihus
1473 1394 1521 1454 est
1532 1390 1673 1454 denomi-

86 1504 121 1566 dt
129 1507 216 1585 pater
229 1501 370 1566 alterius.
381 1501 416 1565 ln
429 1501 546 1565 divinis
556 1504 664 1565 autem
677 1502 849 1582 paternitas
903 1500 1011 1564 nativa
1023 1499 1206 1582 pradicatio
1222 1522 1229 1562 :
1244 1517 1342 1580 ergo,
1360 1498 1387 1562 si
1401 1499 1464 1562 hoc
1482 1499 1577 1562 estin
1591 1496 1674 1561 acei-

87 1615 131 1674 est
141 1609 447 1674 incommunicabilis
458 1630 466 1673 :
479 1627 557 1690 ergo
573 1627 646 1673 eum
660 1609 722 1673 hoe
734 1609 850 1673 nonsit
904 1607 1050 1671 dentibus
1063 1609 1209 1686 tantum,
1222 1606 1349 1670 videtur
1362 1605 1463 1687 quod,
1476 1605 1673 1687 ubicumque

86 1717 123 1781 de
139 1718 260 1781 ratione
274 1716 487 1800 paternitatis,
510 1717 543 1779 in
567 1721 724 1798 quantum
741 1721 848 1799 pater·
904 1719 951 1778 θεῖ
967 1732 1085 1797 ponere
1101 1715 1326 1796 proprietatem
1346 1712 1601 1789 abstrahihilem,
1628 1712 1673 1775 ibi

85 1826 184 1903 nitas,
200 1825 259 1889 erit
276 1825 315 1889 de
334 1826 455 1889 ratione
476 1824 611 1906 alicujus
628 1825 713 1907 quod
732 1828 779 1888 θεῖ
795 1826 849 1888 iu·
904 1824 951 1885 θεῖ
959 1821 1054 1885 etiam
1066 1838 1183 1903 ponere
1191 1820 1416 1904 proprietatem
1430 1819 1670 1884 accidentalem:

85 1932 346 1997 communicabile
362 1952 370 1995 :
386 1932 446 1996 hoe
459 1935 567 1997 autem
582 1933 643 1997 erit
653 1933 849 1997 innascibili·
904 1927 958 1992 sed
973 1927 1045 1991 talis
1058 1927 1149 1992 nullo
1162 1928 1257 1992 modo
1269 1927 1399 2011 ponitur
1413 1926 1448 1989 in
1459 1926 1596 1991 divinis:
1618 1944 1673 1991 er·

84 2041 144 2115 tas,
167 2036 234 2100 siva
246 2036 408 2119 primitas,
426 2036 501 2118 quia
514 2036 655 2118 primum
669 2054 737 2100 non
749 2042 851 2120 potest
905 2053 968 2117 go,
982 2038 1042 2099 etc.

84 2144 158 2209 dara
171 2144 224 2208 alii
237 2143 450 2227 primitatem,
466 2146 498 2207 et
509 2143 703 2208 innascibilis
715 2163 781 2209 non
796 2164 849 2227 po-
944 2143 1041 2224 ltem,
1056 2143 1253 2225 ubicumque
1266 2145 1314 2207 θεῖ
1328 2141 1514 2221 abstractio,
1531 2142 1673 2206 abstrae-
1735 2170 1742 2184 ·

84 2256 143 2316 test
165 2270 318 2334 generare
343 2252 561 2315 innascibilem
590 2274 598 2315 :
624 2270 703 2333 ergo
724 2252 850 2318 videtur
903 2257 974 2317 tum
988 2256 1035 2316 est
1047 2252 1222 2334 simplicius
1242 2255 1404 2328 concreto,
1420 2249 1482 2314 hoe
1493 2267 1560 2313 non
1578 2249 1674 2314 hahet

86 2355 171 2437 quod
185 2356 218 2418 in
234 2355 353 2419 divinis
363 2355 541 2437 hypostasis
553 2353 654 2418 Patris
665 2355 736 2421 ideo
747 2375 850 2438 gene·
904 2359 1088 2423 instantiam
1100 2376 1108 2422 :
1118 2358 1171 2422 sed
1181 2358 1215 2421 iu
1223 2357 1341 2422 divinis
1352 2374 1418 2420 non
1426 2360 1473 2420 est
1485 2358 1589 2438 maior
1597 2358 1674 2420 sim-

83 2466 148 2539 ret,
166 2460 455 2544 quiainnascibilis.
904 2465 1027 2549 plicitas
1058 2468 1090 2530 et
1109 2465 1225 2544 minor,
1242 2483 1318 2529 cum
1339 2481 1435 2528 omne
1457 2462 1543 2546 quod
1564 2468 1611 2527 θεῖ
1626 2463 1672 2528 ihi

121 2567 301 2647 Postremo,
318 2587 392 2633 cum
406 2568 490 2633 idem
504 2570 544 2632 sit
559 2569 701 2651 primum
713 2574 745 2635 et
757 2572 850 2654 prin·
904 2574 944 2637 sit
954 2573 1223 2655 simplicissimum
1236 2620 1244 2646 ‚
1259 2577 1290 2637 et
1308 2573 1342 2634 in
1359 2573 1424 2635 fine
1437 2571 1534 2635 totius
1546 2571 1671 2654 simpli-

904 817 952 875 Aa
972 817 1127 875 diotaumm
1144 820 1345 891 proprietatum
1371 817 1410 872 sit
1433 814 1528 886 atiquo
1552 813 1674 870 abstrae-

1254 910 1323 967 aot

84 2675 221 2758 eipium,
236 2676 318 2740 sicut
330 2679 434 2758 patet,
454 2680 486 2741 θῖ
505 2675 716 2761 Philosophus
730 2678 805 2744 dicit
819 2681 848 2761 ¹,
904 2680 1006 2744 citatis
1014 2683 1079 2745 est:
1093 2698 1172 2762 ergo
1183 2680 1217 2743 in
1230 2679 1347 2746 divinis
1360 2696 1427 2742 non
1439 2678 1521 2742 eadit
1531 2678 1672 2742 abstrac-

82 2783 221 2847 antideo
235 2787 282 2847 est
294 2784 438 2866 primum
451 2784 747 2867 quiaprincipium,
763 2792 820 2851 aut
832 2807 850 2853 θ
902 2787 958 2852 tio.

82 2907 246 2954 converso.
272 2890 399 2955 Consut
428 2891 514 2974 quod
538 2891 567 2957 ei
592 2893 741 2956 convenit
768 2895 850 2960 ratio
943 2894 1038 2975 Item,
1054 2895 1158 2960 omnis
1170 2894 1340 2959 abstractio
1352 2898 1410 2959 aut
1422 2897 1468 2959 θεῖ
1481 2894 1672 2959 universalis

81 2997 229 3081 principii
237 2998 337 3081 ,zquia
350 3003 397 3063 θεῖ
413 2998 555 3081 primum
571 3019 579 3062 ε
593 2999 663 3064 ideo
676 3017 734 3082 per
746 3018 780 3064 se
789 3000 851 3066 hoc
903 3020 923 3065 a
935 3001 1119 3084 particulari
1131 3050 1139 3079 ,
1155 3006 1211 3067 aut
1221 3002 1363 3066 lormaea
1376 3002 1509 3066 materia
1522 3006 1534 3041 ³
1547 3024 1555 3065 ι
1569 3001 1624 3066 sed
1637 3000 1671 3064 in

81 3105 189 3172 hahet.
206 3105 246 3171 Et
263 3108 384 3172 constat
402 3106 488 3191 quod
507 3110 607 3172 εῖθῖιιε
626 3108 725 3172 estin
745 3108 850 3192 primo
903 3108 1019 3174 divinis
1030 3127 1090 3174 nee
1105 3112 1152 3174 θεῖ
1170 3109 1366 3190 universale,
1386 3126 1446 3173 nec
1459 3108 1669 3192 particulare,

81 3215 257 3298 principio,
279 3234 345 3280 non
365 3218 442 3299 quia
461 3217 674 3300 principium,
699 3219 755 3284 sed
774 3220 851 3303 quia
902 3234 962 3281 nec
974 3217 1087 3298 torma,
1101 3234 1161 3280 nec
1170 3216 1322 3281 materia:
1337 3235 1416 3299 ergo
1427 3216 1463 3280 in
1476 3217 1596 3281 divinis
1605 3235 1671 3281 non

82 3323 242 3405 primum
257 3326 514 3407 eteonstatquod
524 3326 850 3393 illaestconditiono-
902 3327 949 3388 θεῖ
959 3324 1137 3388 abstractio.

81 3428 213 3495 bilitatis
228 3453 236 3495 z
252 3449 349 3513 ergo,
362 3451 438 3497 cum
453 3431 545 3498 Pater
558 3434 598 3497 sit
616 3434 712 3498 totius
726 3435 850 3500 deitatis
943 3430 1040 3510 Item,
1055 3429 1321 3514 quandocumque
1340 3431 1537 3496 abstrahitur
1550 3431 1671 3514 aliquid

83 3538 296 3621 principium,
318 3545 356 3603 ut
375 3541 450 3605 dicit
472 3542 695 3623 Augustinus,
719 3542 781 3607 hoe
803 3550 851 3609 est
902 3539 1081 3622 abaliquo,
1096 3540 1205 3603 minus
1221 3544 1269 3604 θεῖ
1287 3539 1372 3622 quod
1385 3544 1549 3618 remanet,
1572 3558 1671 3621 quam

80 3646 159 3728 quia
171 3646 313 3728 primum
324 3694 334 3723 ,
347 3666 385 3712 ac
399 3667 457 3731 per
474 3651 536 3714 hoc
550 3651 627 3733 quia
643 3649 847 3717 innascibilis.
902 3652 975 3712 ante
999 3648 1243 3713 abstractionem
1271 3651 1360 3726 crat;
1387 3647 1464 3729 quia
1495 3651 1671 3731 utrumque

81 3752 149 3817 Hoc
177 3753 245 3818 sine
269 3755 455 3838 praejudicio
485 3757 621 3821 aliorum
648 3759 768 3823 dictum
790 3764 847 3825 est.
902 3757 1022 3840 aliquid
1036 3761 1100 3834 est3
1122 3757 1203 3821 nihil
1224 3757 1311 3819 enim
1325 3774 1391 3819 non
1413 3755 1609 3820 abstrahitur
1630 3758 1670 3821 ah

80 3859 220 3944 Utraque
234 3864 321 3926 enim
329 3863 446 3927 harum
458 3864 652 3946 positionum
661 3885 779 3948 magna
788 3874 846 3946 θεῖ,
902 3865 1028 3946 aliquo,
1041 3883 1101 3928 nec
1111 3864 1192 3927 nihil
1202 3883 1222 3927 a
1232 3863 1353 3942 nihilo,
1368 3862 1422 3928 sed
1431 3863 1551 3946 aliquid
1564 3864 1604 3927 ah
1615 3865 1670 3927 ali-

79 3971 112 4031 et
124 3973 239 4032 neutra
258 3974 304 4033 est
318 3972 548 4035 contemnenda
562 3989 571 4035 z
586 3972 657 4036 haec
671 3978 779 4039 autem
797 3976 848 4041 vi·
902 3989 967 4052 quo
984 3993 991 4035 :
1006 3989 1103 4052 ergo,
1121 3971 1147 4033 si
1169 3971 1341 4053 paternitas
1354 3990 1374 4033 a
1386 3987 1522 4052 persona
1536 3970 1587 4034 vel
1604 3971 1670 4052 hy-

79 4075 175 4140 dctur
188 4077 291 4157 magis
305 4076 415 4141 cadere
429 4077 464 4140 in
475 4077 653 4158 intellectu,
668 4099 765 4163 quam
777 4084 845 4166 pri·
902 4078 1017 4160 postasi
1028 4081 1076 4141 θεῖ
1088 4078 1317 4158 abstrahihilis,
1329 4097 1408 4160 ergo
1418 4077 1527 4141 minus
1539 4077 1672 4141 haberet

78 4200 150 4261 ma3
169 4184 309 4247 maxime
322 4183 349 4246 si
362 4184 549 4266 respiciatur
561 4185 661 4267 ipsius
675 4189 848 4270 paternita-
902 4184 941 4249 de
954 4186 1095 4266 θθῖῖῖεῖθ,
1110 4203 1208 4268 quam
1221 4203 1297 4249 cum
1310 4185 1518 4268 paternitate:
1532 4184 1587 4248 sed
1596 4203 1670 4249 con·

78 4290 120 4352 tis
133 4290 262 4372 propria
283 4291 441 4372 acceptio,
460 4310 534 4375 quae
554 4296 601 4356 est
618 4312 694 4358 vere
715 4296 846 4376 relatio,
901 4295 961 4369 tra,
976 4293 1162 4374 paternitate
1175 4293 1340 4371 abstracta,
1351 4291 1670 4373 intelligiturhypos-

78 4402 111 4460 et
124 4397 222 4461 simul
241 4401 356 4462 natura
378 4416 452 4462 cum
471 4399 646 4480 filiatione,
667 4421 726 4466 nec
745 4408 847 4487 potest
901 4404 975 4468 tasis
988 4422 1055 4468 esse
1071 4404 1153 4469 D'cus
1168 4424 1177 4468 τ
1193 4423 1286 4486 ergo,
1308 4405 1336 4467 si
1354 4404 1462 4468 minus
1480 4403 1611 4468 haberet
1631 4405 1670 4468 da
1785 4390 1788 4395 ⁴

77 4504 219 4568 abstrahi
236 4507 387 4568 enatura
399 4509 430 4569 et
450 4506 638 4589 proprietate
657 4509 844 4576 relationis:
902 4513 1030 4576 entitate
1046 4530 1144 4594 quam
1163 4530 1237 4576 cum
1251 4511 1453 4595 paternitate,
1468 4511 1669 4593 intelligere-

77 4612 166 4676 unde
187 4612 232 4676 ita
248 4612 398 4695 importat
416 4613 638 4680 habitudinem
652 4617 845 4700 eddilam,
902 4623 955 4683 tur
968 4618 1051 4683 Deus
1064 4637 1129 4683 nou
1143 4620 1261 4683 hahere
1275 4636 1440 4684 summum
1454 4636 1533 4683 esse.

76 4719 162 4783 sicut
174 4722 206 4782 et
219 4737 385 4801 generare.
399 4719 472 4785 ldeo
486 4726 518 4786 et
530 4722 589 4786 ista
601 4725 715 4805 positio
726 4725 845 4791 iutelli—
942 4726 1056 4791 Contra
1072 4749 1079 4791 ι
1096 4733 1125 4791 l.
1142 4726 1292 4809 Magister
1303 4726 1378 4792 dicit
1389 4727 1423 4790 in
1437 4726 1541 4791 littera
1556 4746 1564 4792 z
1583 4727 1671 4792 «Ρθ-
1685 4756 1720 4801 aa
1736 4770 1788 4817 qq„

76 4825 523 4905 gibiliorvidetur3etmelius
535 4830 754 4911 patebitinlra,
771 4851 848 4898 cum
900 4835 1051 4913 teruibs,
1075 4834 1205 4913 filiatio,
1233 4834 1408 4916 processio,
1431 4834 1516 4916 ipsas
1544 4840 1669 4900 tantum

76 4935 195 5012 agetur
207 4933 247 4997 de
259 4932 514 4999 innascibilitate.
900 4941 1067 5005 relationes
1074 4941 1257 5023 significant
1273 4964 1280 5006 ε
1296 4963 1312 5001 a
1327 4946 1383 5007 aut
1395 4961 1473 5024 ergo
1482 4942 1601 5025 aliquid
1615 4945 1668 5007 ad-

111 5093 121 5128 ,
132 5093 218 5158 arist,
237 5094 332 5144 aare.
345 5094 389 5145 liu.
401 5096 428 5155 1,
445 5100 514 5147 cont.
529 5099 567 5148 ¹3·
577 5123 609 5135 -
621 5097 633 5132 ,
643 5098 684 5161 Cf·
702 5100 730 5150 S·
744 5101 835 5153 raom.
900 5049 965 5113 huc
977 5050 1146 5132 respondet
1158 5049 1247 5127 iure,
1258 5050 1403 5114 autnihil
1419 5070 1427 5115 ε
1441 5051 1468 5113 si
1481 5051 1572 5129 nihil,
1587 5070 1666 5134 ergo

77 5180 103 5229 p.
117 5165 137 5228 l,
149 5179 174 5230 q.
186 5177 230 5228 ru,
244 5170 292 5217 art.
302 5170 316 5216 3
323 5180 332 5230 ς
347 5172 373 5218 ct
385 5167 415 5217 de
429 5168 534 5229 Patent,
548 5183 573 5234 q.
584 5181 642 5233 aru,
658 5174 704 5221 art.
715 5175 729 5222 i
737 5187 746 5235 ;
760 5143 845 5240 AEgidf
900 5159 978 5222 falso
990 5162 1021 5220 et
1034 5157 1170 5222 inaniter
1179 5158 1360 5239 significant
1373 5181 1381 5237 ;
1396 5158 1422 5221 si
1435 5158 1571 5240 aliquid,
1587 5178 1667 5242 ergo

77 5236 165 5299 Rom,
179 5237 189 5286 l
202 5238 281 5297 senc,
295 5236 355 5287 dist.
366 5250 444 5302 xxvi,
456 5253 474 5303 q
486 5276 492 5290 .
503 5251 533 5289 111
541 5255 550 5304 ς
564 5241 677 5305 henric,
691 5242 720 5292 in
733 5244 837 5297 Summa

76 5309 129 5356 art.
140 5319 185 5373 m,
200 5322 226 5373 q.
237 5309 298 5372 um
320 5309 449 5375 nmmo,
471 5311 481 5360 Ι
496 5312 575 5373 Sene,
591 5312 649 5363 dm·
664 5324 743 5380 ml,
757 5320 804 5369 m
815 5284 847 5383 n:
901 5266 1027 5331 videtur
1038 5266 1124 5348 qnod
1138 5267 1201 5329 sint
1214 5267 1433 5331 abstrahihiles
1446 5286 1466 5330 a
1478 5272 1567 5349 parte
1580 5270 1637 5333 rei.

76 5392 105 5444 q.
117 5391 137 5430 1.
146 5380 305 5448 aaran,
318 5380 349 5432 ae
358 5383 459 5447 marna,
468 5382 514 5435 tn.
525 5384 569 5436 in.
941 5378 972 5437 2.
989 5372 1083 5455 ltem,
1098 5392 1165 5439 aon
1178 5374 1335 5440 intellecto
1346 5372 1442 5456 Filio,
1456 5374 1668 5443 nihilominus
