4100 6300
791 520 991 586 666661.
1091 483 1094 490 ’
1619 544 1688 589 m

136 650 280 735 Itemque
295 653 487 737 Aquinatem
502 671 568 718 non
580 654 710 732 minus,
731 674 831 739 quarn
847 655 1106 721 Bonaventuram
1124 675 1163 721 ex
1179 657 1252 721 albo
1267 658 1433 723 doctorum
1447 659 1605 742 expungit
1619 659 1687 726 06-

96 758 205 838 dinus,
222 760 300 843 quia
316 764 451 843 uterque
468 762 618 826 nescierit
630 763 777 844 linguas,
794 782 874 846 quas
887 764 1047 847 appellant
1065 765 1221 844 exoticas,
1242 770 1273 830 et
1293 766 1416 830 critices
1434 767 1511 831 artis
1523 766 1611 847 leges
1628 785 1686 832 ne·

96 866 249 948 glexerit:
266 867 357 949 quasi
369 867 472 949 pluris
485 868 520 931 16
533 868 659 934 doctore
673 871 816 934 iacienda
827 872 868 935 sit
882 883 1017 955 precepta,
1033 890 1132 953 quam
1143 890 1228 937 verae
1243 872 1405 955 sapientie
1418 873 1570 955 cognitio.
1586 873 1688 951 Quint

96 974 182 1056 quod
196 992 237 1038 ne
250 975 453 1056 Augustinus
465 976 531 1059 ipse
544 977 683 1041 exoticas
697 978 805 1042 didicit
815 979 956 1061 linguas.
969 978 1070 1043 Testis
1083 983 1130 1043 est
1143 979 1256 1044 Petrus
1269 979 1463 1044 Castellanus
1477 979 1594 1045 inlita
1606 983 1689 1061 6166-

96 1080 188 1159 dem,
210 1100 308 1164 quam
329 1082 442 1149 deinde
462 1084 591 1166 optimis
604 1085 688 1148 notis
701 1086 1064 1152 111661161111161661661.
1086 1086 1218 1150 Minime
1232 1105 1361 1170 quoque
1383 1087 1525 1152 doctores
1542 1086 1688 1152 Ecclesiae

95 1188 235 1253 habendi
250 1195 367 1270 essent,
382 1190 457 1272 qui,
473 1195 510 1254 ut
521 1191 633 1255 altiora
646 1193 905 1276 adipiscerentur,
921 1194 1048 1258 minora
1064 1198 1303 1277 contempsere.
1321 1193 1478 1259 ceterum
1487 1193 1689 1274 linguarum

96 1297 296 1361 exotiearum
310 1297 451 1377 inscitia,
467 1317 535 1362 non
547 1301 616 1381 jam
634 1298 758 1364 Doctori
772 1305 899 1378 nostro,
915 1302 971 1366 secl
986 1302 1093 1381 aetati,
1109 1302 1143 1365 in
1158 1320 1223 1383 qua
1240 1301 1340 1377 vixit,
1356 1301 1510 1365 vertenda
1529 1305 1575 1364 est
1596 1302 1687 1365 vitio.

97 1403 199 1468 hene
214 1404 244 1470 id
261 1405 386 1468 anobis
402 1405 477 1469 talse
499 1405 620 1470 dictum
643 1411 753 1490 putes,
777 1409 993 1492 pereruditam
1013 1427 1303 1473 commemoramus
1321 1408 1508 1490 epistolam,
1523 1426 1622 1491 quam
1638 1408 1691 1473 vir

96 1510 291 1576 clarissimus
311 1510 526 1595 Hieronymus
548 1513 726 1579 tiradonins
759 1516 892 1582 clericus
913 1516 1072 1599 regularis
1090 1515 1296 1598 composuit²,
1320 1514 1354 1577 in
1373 1533 1439 1597 qua
1462 1533 1537 1578 euru
1556 1514 1690 1579 vetustis

95 1619 305 1700 documentis,
319 1623 392 1683 tum
404 1621 507 1684 tirmis
521 1621 842 1689 demonstrationibus
855 1625 895 1689 ad
916 1624 1109 1691 evidentiam
1123 1623 1269 1701 ostendit,
1287 1627 1356 1687 6616
1372 1623 1405 1685 16
1427 1622 1527 1687 ltaliae
1545 1623 1690 1705 partibus

95 1726 136 1792 ad
153 1738 319 1791 summum
333 1728 473 1794 extitisse
494 1728 598 1809 viros,
614 1730 670 1813 qui
685 1732 793 1796 seculo
811 1733 905 1797 tertio
919 1732 1042 1797 decimo
1055 1734 1201 1814 saperent
1220 1748 1337 1812 graece.
1355 1728 1453 1807 Quint
1478 1729 1513 1793 in
1530 1730 1620 1794 ltalia
1638 1748 1690 1794 so·

94 1833 191 1898 lumi
204 1834 350 1917 quinimo
368 1836 403 1899 in
420 1834 546 1911 Galliis,
562 1837 596 1901 in
610 1839 748 1920 Anglia,
767 1840 866 1922 inque
880 1840 992 1905 ceteris
1009 1839 1123 1905 mundi
1139 1839 1339 1920 regionibus.
1354 1837 1454 1903 Testis
1468 1837 1517 1902 rei
1529 1839 1629 1920 huJ'us
1643 1843 1691 1903 est

96 1939 150 2005 Fr.
165 1940 311 2023 Rogerus
329 1941 411 2006 Baco
428 1937 597 2024 Minorita,
612 1944 756 2028 inopere
770 1965 829 2011 suo
848 1947 889 2012 ad
903 1947 1096 2013 Clementem
1109 1945 1162 2025 lV,
1185 1946 1271 2029 quod
1289 1964 1374 2010 anno
1391 1945 1553 2027 praeterito
1570 1945 1688 2028 (1750)

96 2047 226 2112 Venetis
237 2050 321 2133 typis
332 2051 595 2116 committendum
607 2055 804 2119 curavimus.
814 2053 935 2119 Verum
945 2055 1023 2138 quid
1035 2055 1146 2119 attinet
1159 2053 1323 2117 confutare
1336 2053 1416 2117 16161
1429 2070 1503 2134 quae
1515 2070 1591 2115 cum
1605 2051 1690 2116 levia

96 2155 182 2234 sint,
197 2174 280 2236 uno,
296 2161 333 2221 ut
347 2158 391 2221 ita
403 2158 567 2238 dicamus,
582 2160 683 2240 11616,
703 2162 738 2225 16
756 2161 883 2225 sumum
897 2164 1027 2227 abeunt.
1045 2160 1145 2226 Multo
1159 2160 1252 2224 nobis
1271 2162 1399 2242 praestut
1413 2159 1567 2240 graviora
1579 2177 1690 2242 perse·

96 2264 175 2346 qui,
193 2282 291 2347 quam
305 2263 377 2328 haec
391 2265 552 2330 levissima
568 2266 683 2331 Ondini
698 2275 879 2334 commenta
894 2271 1044 2333 refutare.

137 2370 233 2436 Recte
252 2372 425 2454 praecipere
446 2373 605 2453 videntur,
624 2375 680 2457 qui
700 2381 852 2453 monent,
869 2380 907 2441 ut
926 2378 961 2441 16
980 2375 1158 2457 deligendis
1172 2358 1268 2458 atque
1283 2373 1499 2439 discernendis
1517 2374 1688 2456 operibus,

98 2497 137 2543 66
152 2497 212 2560 pro
227 2479 319 2543 certis
339 2479 473 2544 minime
493 2480 689 2562 habeamus,
706 2502 781 2565 quac
793 2486 934 2549 maxime
953 2484 1111 2567 disjuncta
1130 2487 1225 2560 sunt,
1251 2486 1347 2565 atque
1365 2482 1497 2546 omuino
1520 2482 1689 2547 contraria.

98 2585 186 2650 Fieri
196 2586 284 2648 enirn
297 2604 362 2650 non
375 2591 487 2669 potest,
498 2593 535 2651 ut
546 2607 632 2654 unus
645 2589 793 2673 idemque
808 2596 928 2671 auctor,
941 2592 1004 2655 nisi
1019 2594 1125 2655 mente
1139 2593 1249 2673 captus
1261 2589 1313 2669 sit,
1325 2606 1392 2652 666
1405 2588 1598 2653 cohaerentia
1610 2589 1692 2653 scri·

98 2693 165 2756 bat.
182 2692 241 2756 Hic
258 2711 339 2775 opus
353 2712 418 2759 non
436 2698 485 2759 est
503 2696 670 2778 exemplo,
693 2716 833 2780 quocum
853 2700 1044 2781 probemus,
1066 2696 1232 2779 complura
1244 2713 1311 2760 esse
1326 2694 1504 2777 Opuscula,
1527 2695 1690 2778 quaelicet

98 2799 336 2865 Bonaventurae
349 2819 468 2866 nomen
481 2820 548 2884 prae
562 2822 596 2867 se
616 2805 738 2882 terant,
756 2824 775 2868 e
792 2806 945 2869 diametro
962 2809 1071 2869 tamen
1085 2807 1291 2886 opponuntur
1309 2803 1366 2881 iis,
1388 2820 1462 2884 quae
1478 2802 1580 2865 111616
1597 2803 1691 2866 certis

99 2908 252 2991 operibus
266 2907 366 2973 docet.
383 2908 443 2973 Sed
456 2909 527 2974 haec
543 2911 667 2994 prolixe
681 2913 889 2976 tractabimus
901 2912 970 2976 loco
983 2930 1054 2976 sno.
1072 2911 1154 2988 Quid
1168 2911 1263 2975 modo
1275 2910 1314 2974 de
1329 2909 1487 2973 scribendi
1504 2928 1624 2990 genere
1639 2910 1691 2975 di-

99 3021 197 3079 66661
213 3014 350 3091 Tametsi
361 3017 529 3100 scriptores
542 3020 640 3083 seculi
653 3021 738 3084 tertii
750 3019 864 3084 decimi
879 3024 1076 3083 constantem
1094 3019 1129 3081 in
1147 3017 1312 3081 scribendo
1325 3015 1477 3080 orationis
1489 3016 1609 3097 stylum
1625 3035 1691 3080 non

98 3122 307 3206 usurparint,
323 3124 351 3189 si
368 3129 476 3190 tamen
489 3125 626 3209 penitius
639 3127 796 3192 scribendi
811 3128 925 3193 modus
943 3126 1192 3209 introspiciatur,
1209 3143 1275 3189 666
1289 3124 1349 3190 erit
1364 3124 1408 3188 ita
1422 3123 1568 3201 difficile,
1584 3128 1622 3189 ut
1634 3142 1691 3190 eo-

97 3248 176 3294 rum
191 3231 369 3314 scriptionis
382 3234 546 3311 ordinem,
563 3239 658 3317 atque
673 3238 836 3299 texturam
850 3235 1085 3319 deprehendere
1099 3252 1167 3297 non
1181 3232 1349 3315 possimus.
1366 3232 1400 3296 Si
1413 3232 1515 3312 igitur
1529 3229 1693 3297 Bonaven·

97 3340 186 3401 turae
200 3339 432 3404 commentaria
449 3341 557 3422 legas,
576 3342 611 3405 in
626 3342 890 3424 descriptionibus
908 3343 1095 3424 scriptorem
1112 3341 1220 3405 videas
1237 3357 1403 3423 pressum,
1418 3340 1453 3402 in
1466 3338 1626 3421 responsis
1638 3356 1693 3402 re-

96 3445 317 3523 dundantem,
335 3448 370 3511 in
382 3449 604 3513 controversiis
617 3450 802 3514 dirimendis
819 3450 971 3522 firmum,
988 3450 1022 3512 in
1036 3449 1228 3511 contutanda
1246 3450 1399 3527 argutum
1413 3450 1445 3509 et
1456 3446 1639 3523 urbanum,
1659 3446 1694 3509 in

95 3554 271 3618 asserendo
283 3555 419 3619 feracem
433 3560 465 3619 61
478 3555 626 3620 solidum.
646 3580 661 3619 u
676 3556 856 3622 Profundus
871 3561 932 3636 est,
946 3556 1054 3639 inquit
1066 3554 1203 3619 loannes
1215 3552 1419 3632 Tritbemius,
1435 3570 1502 3617 non
1517 3551 1691 3633 verbosus3

96 3660 246 3741 subtilis,
262 3681 328 3727 non
340 3665 504 3744 cuuosus;
520 3664 674 3742 disertus,
690 3682 757 3729 non
771 3682 896 3742 vanus3
912 3664 1128 3739 flammantia,
1143 3679 1210 3726 666
1230 3661 1374 3724 inflantia
1391 3660 1488 3724 verba
1505 3661 1693 3742 proterenst

95 3771 187 3836 unde
207 3772 351 3836 securius
371 3772 502 3854 legitur,
524 3771 648 3835 facilius
667 3771 708 3834 ab
729 3775 857 3836 amante
876 3770 1083 3852 intelligitur3
1106 3768 1216 3834 utilius
1236 3769 1468 3851 frequentatur,
1490 3766 1638 3846 11616166,
1664 3772 1696 3831 61

95 3879 295 3945 fructuosius
308 3880 463 3944 retinetur
472 3880 495 3944 ³.
512 3899 528 3938 r
546 3878 715 3959 Caeterum,
731 3882 768 3943 ut
781 3878 819 3943 de
832 3896 950 3943 vocum
964 3897 1028 3941 usu
1042 3876 1151 3960 aliqua
1165 3876 1319 3954 dicamus,
1336 3874 1571 3939 Beneventurae
1589 3893 1695 3960 sermo

96 4006 160 4053 nec
174 3989 222 4052 116
233 3988 380 4068 vulgaris
392 3992 457 4067 est,
477 3990 514 4051 61
523 3987 602 4052 Latii
621 3987 701 4051 nihil
715 3986 849 4065 haheat,
869 4004 929 4050 nec
940 3986 985 4050 ita
999 3985 1174 4059 demissus,
1190 3987 1228 4047 61
1238 3983 1321 4047 nihil
1333 3982 1476 4046 lucernae
1491 3982 1583 4047 oleat.
1601 3983 1697 4048 Com·

95 4096 228 4180 plures,
242 4095 389 4173 latemur,
406 4096 441 4159 in
454 4093 687 4159 Beneventurae
702 4094 791 4158 libris
808 4095 962 4173 leguntur
979 4110 1091 4168 voces,
1109 4109 1184 4174 quae
1200 4091 1297 4171 longe
1314 4088 1435 4153 aLatio
1455 4090 1565 4153 abesse
1583 4090 1695 4155 viden·

96 4209 167 4267 tur.
184 4201 247 4267 Sed
258 4203 328 4266 haec
341 4201 574 4267 Bonaventurae
589 4202 692 4268 danda
705 4201 799 4266 venia
812 4204 873 4280 661,
892 4199 950 4282 qui
962 4218 982 4262 6
995 4198 1151 4281 corruptis
1164 4201 1196 4262 61
1209 4197 1402 4280 perturbatis
1415 4196 1538 4261 lacunis
1554 4196 1696 4261 hauserit

97 4310 223 4375 omnia.
240 4309 310 4387 Quo
323 4310 422 4393 probe
436 4310 596 4387 stabilito,
613 4309 693 4373 illud
706 4309 841 4393 quisque
854 4307 1005 4388 intelligit
1017 4324 1074 4388 per
1087 4323 1141 4384 se,
1160 4305 1246 4387 quod
1263 4304 1462 4388 supposititia
1477 4304 1531 4368 illa
1544 4305 1698 4387 opuscula

97 4416 250 4482 habenda
265 4417 345 4496 sint,
360 4435 434 4499 quae
450 4417 641 4482 lutulentam
656 4416 846 4481 latinitatem
862 4414 1023 4480 continere
1040 4413 1220 4477 videantur.
1238 4411 1368 4489 Quodsi
1382 4412 1610 4494 opusculorum
1627 4411 1697 4475 col-

96 4523 236 4589 lectores
250 4523 448 4607 editoresque
462 4524 729 4604 considerassent,
744 4526 866 4588 tantam
880 4522 1040 4587 credimus
1050 4518 1283 4603 opusculorum
1296 4519 1440 4602 copiam,
1454 4521 1611 4601 quantam
1624 4537 1695 4583 eer-

97 4632 231 4711 nimus,
248 4629 281 4695 S.
298 4630 423 4695 Doctori
437 4633 627 4714 neutiquam
642 4631 891 4714 adscripsissent.

142 4735 211 4802 Nec
230 4739 320 4803 tacite
339 4739 488 4805 audiendi
509 4744 585 4804 sunt
603 4740 855 4804 nomenclatores
874 4737 937 4816 illi,
957 4735 1066 4819 quiin
1084 4733 1260 4798 asserendis
1277 4732 1513 4798 Bonaventnrae
1527 4731 1694 4814 operibus,

93 4864 173 4926 ¹non
186 4845 249 4911 ulio
268 4846 478 4911 fundamento
495 4848 690 4926 innituntur,
705 4865 805 4929 quam
823 4844 963 4927 antiquis
976 4842 1169 4908 editionibus
1183 4862 1191 4904 ε
1207 4840 1269 4904 6161
1287 4841 1366 4905 forte
1382 4839 1568 4922 presidium
1589 4843 1698 4923 petant

100 4952 157 5018 vel
170 4972 191 5017 a
203 4954 337 5019 testibus
354 4954 510 5037 probatis,
526 4955 577 5019 vel
595 4954 791 5037 abantiquis
810 4951 1024 5030 documentis,
1041 4951 1158 5034 quibus
1177 4967 1297 5032 negare
1314 4948 1428 5027 fldem,
1447 4948 1546 5011 nimis
1563 4948 1697 5015 levain

101 5079 205 5144 quam
218 5080 294 5126 sane
306 5063 421 5145 syrtim
434 5062 607 5145 saepissime
620 5063 752 5128 offendit
765 5061 920 5136 Oudinus,
934 5060 998 5139 cui,
1011 5078 1087 5123 eum
1099 5058 1228 5122 testium
1240 5055 1412 5122 auctoritas
1424 5054 1595 5138 aliquando
1608 5056 1698 5122 dees-

102 5172 163 5247 set,
179 5169 240 5232 sibi
252 5170 329 5233 satis
343 5170 483 5253 praesidii
498 5189 565 5234 esse
578 5171 711 5252 antiqua
725 5169 921 5253 exemplaria
934 5168 1106 5232 arbitratus
1117 5167 1190 5231 tuit.
1204 5164 1265 5230 Sed
1279 5183 1377 5247 quam
1391 5165 1597 5229 vehementer
1610 5182 1698 5230 erra·

102 5276 191 5341 verit
204 5274 365 5353 (ludinus,
379 5277 483 5341 visuri
496 5279 618 5342 erimus
635 5277 705 5342 1666
718 5296 788 5342 666.
803 5277 886 5343 llere
901 5279 1012 5343 autem
1027 5276 1121 5357 ratio,
1136 5293 1193 5340 cur
1206 5274 1241 5338 in
1255 5272 1450 5338 stabiliendis
1462 5272 1698 5340 Bonarenturae
1729 5351 1736 5364 .

137 5438 249 5504 ¹Paris.‚
264 5441 331 5506 168,
346 5456 408 5494 uun.
421 5445 489 5496 1111.
499 5444 653 5495 -2Venet
677 5442 804 5494 661113.

136 5509 197 5561 ’De
211 5512 335 5580 Scriptor.
347 5515 445 5579 eccles,
458 5515 550 5580 Paris,
566 5518 637 5581 lota,
650 5514 753 5566 161611.
