<?xml version="1.0" encoding="UTF-8"?>
<!DOCTYPE html PUBLIC "-//W3C//DTD XHTML 1.0 Transitional//EN"
    "http://www.w3.org/TR/xhtml1/DTD/xhtml1-transitional.dtd">
<html xmlns="http://www.w3.org/1999/xhtml" xml:lang="en" lang="en">
 <head>
  <title>
</title>
<meta http-equiv="Content-Type" content="text/html;charset=utf-8" />
  <meta name='ocr-system' content='tesseract 3.04.00' />
  <meta name='ocr-capabilities' content='ocr_page ocr_carea ocr_par ocr_line ocrx_word'/>
</head>
<body>
  <div class='ocr_page' id='page_1' title='image "./srecardinalissb00peltgoog_0284.png"; bbox 0 0 4100 6300; ppageno 0'>
   <div class='ocr_carea' id='block_1_1' title="bbox 350 328 2041 3103">
    <p class='ocr_par' dir='ltr' id='par_1_1' title="bbox 405 328 2041 1059">
     <span class='ocr_line' id='line_1_1' title="bbox 2040 328 2041 389; baseline 0 0"><span class='ocrx_word' id='word_1_1' title='bbox 2040 328 2041 389; x_wconf 84' lang='lat' dir='ltr'>t</span> 
     </span>
     <span class='ocr_line' id='line_1_2' title="bbox 405 404 2041 478; baseline -0.002 0"><span class='ocrx_word' id='word_1_2' title='bbox 405 415 465 478; x_wconf 69' lang='lat' dir='ltr'>tae</span> <span class='ocrx_word' id='word_1_3' title='bbox 969 405 1279 474; x_wconf 79' lang='lat' dir='ltr'>sunrsttrlnnutt</span> <span class='ocrx_word' id='word_1_4' title='bbox 1300 407 1374 475; x_wconf 74' lang='grc' dir='ltr'>ΠΒ.</span> <span class='ocrx_word' id='word_1_5' title='bbox 1397 410 1423 475; x_wconf 86' lang='grc' dir='ltr'>Ι.</span> <span class='ocrx_word' id='word_1_6' title='bbox 2040 404 2041 409; x_wconf 69' lang='grc'>’</span> 
     </span>
     <span class='ocr_line' id='line_1_3' title="bbox 405 540 1977 629; baseline -0.001 -17"><span class='ocrx_word' id='word_1_7' title='bbox 405 547 445 612; x_wconf 87' lang='lat' dir='ltr'>de</span> <span class='ocrx_word' id='word_1_8' title='bbox 464 545 518 611; x_wconf 90' lang='lat' dir='ltr'>sui·</span> <span class='ocrx_word' id='word_1_9' title='bbox 536 542 658 609; x_wconf 70' lang='lat' dir='ltr'>reione</span> <span class='ocrx_word' id='word_1_10' title='bbox 682 541 825 626; x_wconf 88' lang='lat' dir='ltr'>propria,</span> <span class='ocrx_word' id='word_1_11' title='bbox 850 540 926 607; x_wconf 83' lang='lat' dir='ltr'>dicit</span> <span class='ocrx_word' id='word_1_12' title='bbox 948 541 1169 609; x_wconf 81' lang='lat' dir='ltr'>habitudinem</span> <span class='ocrx_word' id='word_1_13' title='bbox 1226 542 1373 609; x_wconf 89' lang='lat' dir='ltr'>voluntas</span> <span class='ocrx_word' id='word_1_14' title='bbox 1391 563 1455 629; x_wconf 85' lang='lat' dir='ltr'>qua</span> <span class='ocrx_word' id='word_1_15' title='bbox 1472 543 1565 609; x_wconf 89' lang='lat' dir='ltr'>Pater</span> <span class='ocrx_word' id='word_1_16' title='bbox 1582 542 1651 611; x_wconf 81' lang='lat' dir='ltr'>vult</span> <span class='ocrx_word' id='word_1_17' title='bbox 1668 562 1737 610; x_wconf 77' lang='lat' dir='ltr'>esse</span> <span class='ocrx_word' id='word_1_18' title='bbox 1757 546 1863 629; x_wconf 84' lang='lat' dir='ltr'>pater,</span> <span class='ocrx_word' id='word_1_19' title='bbox 1878 548 1908 610; x_wconf 88' lang='lat' dir='ltr'>et</span> <span class='ocrx_word' id='word_1_20' title='bbox 1923 564 1977 611; x_wconf 80' lang='lat' dir='ltr'>nm</span> 
     </span>
     <span class='ocr_line' id='line_1_4' title="bbox 405 650 1977 735; baseline -0.001 -15"><span class='ocrx_word' id='word_1_21' title='bbox 405 652 581 720; x_wconf 88' lang='lat' dir='ltr'>seeundum</span> <span class='ocrx_word' id='word_1_22' title='bbox 593 651 752 733; x_wconf 79' lang='lat' dir='ltr'>originem</span> <span class='ocrx_word' id='word_1_23' title='bbox 766 668 774 713; x_wconf 92' lang='lat'>:</span> <span class='ocrx_word' id='word_1_24' title='bbox 789 653 821 715; x_wconf 84' lang='lat' dir='ltr'>et</span> <span class='ocrx_word' id='word_1_25' title='bbox 830 650 906 715; x_wconf 88' lang='lat' dir='ltr'>hino</span> <span class='ocrx_word' id='word_1_26' title='bbox 914 652 961 715; x_wconf 91' lang='lat' dir='ltr'>est</span> <span class='ocrx_word' id='word_1_27' title='bbox 971 651 1058 734; x_wconf 90' lang='lat' dir='ltr'>quod</span> <span class='ocrx_word' id='word_1_28' title='bbox 1069 651 1172 734; x_wconf 85' lang='lat' dir='ltr'>speei—</span> <span class='ocrx_word' id='word_1_29' title='bbox 1223 650 1294 716; x_wconf 82' lang='lat' dir='ltr'>vult</span> <span class='ocrx_word' id='word_1_30' title='bbox 1308 669 1376 717; x_wconf 88' lang='lat' dir='ltr'>esse</span> <span class='ocrx_word' id='word_1_31' title='bbox 1391 651 1495 729; x_wconf 83' lang='lat' dir='ltr'>tilius,</span> <span class='ocrx_word' id='word_1_32' title='bbox 1510 656 1542 717; x_wconf 89' lang='lat' dir='ltr'>et</span> <span class='ocrx_word' id='word_1_33' title='bbox 1555 671 1573 717; x_wconf 94' lang='lat' dir='ltr'>e</span> <span class='ocrx_word' id='word_1_34' title='bbox 1586 670 1753 735; x_wconf 82' lang='lat' dir='ltr'>eonverso,</span> <span class='ocrx_word' id='word_1_35' title='bbox 1770 652 1914 718; x_wconf 82' lang='lat' dir='ltr'>similiter</span> <span class='ocrx_word' id='word_1_36' title='bbox 1923 673 1977 718; x_wconf 82' lang='lat' dir='ltr'>una</span> 
     </span>
     <span class='ocr_line' id='line_1_5' title="bbox 405 757 1977 843; baseline 0.001 -19"><span class='ocrx_word' id='word_1_37' title='bbox 405 762 518 826; x_wconf 83' lang='lat' dir='ltr'>fleatur</span> <span class='ocrx_word' id='word_1_38' title='bbox 529 778 588 843; x_wconf 92' lang='lat' dir='ltr'>per</span> <span class='ocrx_word' id='word_1_39' title='bbox 599 757 797 841; x_wconf 68' lang='lat' dir='ltr'>adjunctum,</span> <span class='ocrx_word' id='word_1_40' title='bbox 812 760 850 822; x_wconf 85' lang='lat' dir='ltr'>ut</span> <span class='ocrx_word' id='word_1_41' title='bbox 862 758 945 823; x_wconf 87' lang='lat' dir='ltr'>dieat</span> <span class='ocrx_word' id='word_1_42' title='bbox 954 758 1170 824; x_wconf 79' lang='lat' dir='ltr'>uenditionem</span> <span class='ocrx_word' id='word_1_43' title='bbox 1224 761 1272 825; x_wconf 87' lang='lat' dir='ltr'>est</span> <span class='ocrx_word' id='word_1_44' title='bbox 1284 759 1440 842; x_wconf 86' lang='lat' dir='ltr'>potentia,</span> <span class='ocrx_word' id='word_1_45' title='bbox 1455 764 1494 824; x_wconf 87' lang='lat' dir='ltr'>ut</span> <span class='ocrx_word' id='word_1_46' title='bbox 1505 760 1643 825; x_wconf 87' lang='lat' dir='ltr'>videtur.</span> <span class='ocrx_word' id='word_1_47' title='bbox 1659 760 1693 826; x_wconf 90' lang='lat' dir='ltr'>Si</span> <span class='ocrx_word' id='word_1_48' title='bbox 1711 760 1789 843; x_wconf 87' lang='lat' dir='ltr'>quis</span> <span class='ocrx_word' id='word_1_49' title='bbox 1803 764 1910 825; x_wconf 84' lang='lat' dir='ltr'>autem</span> <span class='ocrx_word' id='word_1_50' title='bbox 1921 762 1977 826; x_wconf 77' lang='lat' dir='ltr'>uult</span> 
     </span>
     <span class='ocr_line' id='line_1_6' title="bbox 405 863 2041 953; baseline 0 -20"><span class='ocrx_word' id='word_1_51' title='bbox 405 867 568 953; x_wconf 85' lang='lat' dir='ltr'>principii,</span> <span class='ocrx_word' id='word_1_52' title='bbox 598 863 771 931; x_wconf 56' lang='lat' dir='ltr'>mensas</span> <span class='ocrx_word' id='word_1_53' title='bbox 797 866 849 929; x_wconf 87' lang='lat' dir='ltr'>vel</span> <span class='ocrx_word' id='word_1_54' title='bbox 872 865 1055 947; x_wconf 87' lang='lat' dir='ltr'>personalis.</span> <span class='ocrx_word' id='word_1_55' title='bbox 1081 865 1170 931; x_wconf 85' lang='lat' dir='ltr'>Hane</span> <span class='ocrx_word' id='word_1_56' title='bbox 1224 866 1378 932; x_wconf 86' lang='lat' dir='ltr'>sustinere</span> <span class='ocrx_word' id='word_1_57' title='bbox 1387 867 1575 950; x_wconf 89' lang='lat' dir='ltr'>positionem</span> <span class='ocrx_word' id='word_1_58' title='bbox 1585 866 1742 950; x_wconf 84' lang='lat' dir='ltr'>Magistri,</span> <span class='ocrx_word' id='word_1_59' title='bbox 1753 868 2041 951; x_wconf 61' lang='lat' dir='ltr'>depauperatos-</span> 
     </span>
     <span class='ocr_line' id='line_1_7' title="bbox 406 946 2041 1059; baseline -0.001 -17"><span class='ocrx_word' id='word_1_60' title='bbox 406 994 484 1059; x_wconf 90' lang='lat' dir='ltr'>ergo</span> <span class='ocrx_word' id='word_1_61' title='bbox 513 973 703 1058; x_wconf 74' lang='lat' dir='ltr'>positionem</span> <span class='ocrx_word' id='word_1_62' title='bbox 728 971 933 1048; x_wconf 87' lang='lat' dir='ltr'>sustinendo,</span> <span class='ocrx_word' id='word_1_63' title='bbox 960 973 1169 1056; x_wconf 89' lang='lat' dir='ltr'>respondetur</span> <span class='ocrx_word' id='word_1_64' title='bbox 1224 973 1264 1037; x_wconf 86' lang='lat' dir='ltr'>ad</span> <span class='ocrx_word' id='word_1_65' title='bbox 1275 991 1386 1038; x_wconf 90' lang='lat' dir='ltr'>omnes</span> <span class='ocrx_word' id='word_1_66' title='bbox 1397 975 1535 1040; x_wconf 87' lang='lat' dir='ltr'>rationes</span> <span class='ocrx_word' id='word_1_67' title='bbox 1547 976 1582 1039; x_wconf 89' lang='lat' dir='ltr'>in</span> <span class='ocrx_word' id='word_1_68' title='bbox 1595 977 1781 1059; x_wconf 85' lang='lat' dir='ltr'>oppositum</span> <span class='ocrx_word' id='word_1_69' title='bbox 1794 946 2041 1058; x_wconf 48' lang='lat' dir='ltr'>respondere*</span> 
     </span>
    </p>

    <p class='ocr_par' dir='ltr' id='par_1_2' title="bbox 350 1078 1978 1166">
     <span class='ocr_line' id='line_1_8' title="bbox 350 1078 1978 1166; baseline -0.001 -16"><span class='ocrx_word' id='word_1_70' title='bbox 350 1142 353 1150; x_wconf 94' lang='grc'><em>,</em></span> <span class='ocrx_word' id='word_1_71' title='bbox 405 1081 603 1165; x_wconf 78' lang='lat' dir='ltr'>argumentis</span> <span class='ocrx_word' id='word_1_72' title='bbox 616 1079 824 1164; x_wconf 78' lang='lat' dir='ltr'>probantibus</span> <span class='ocrx_word' id='word_1_73' title='bbox 835 1078 919 1162; x_wconf 88' lang='lat' dir='ltr'>quod</span> <span class='ocrx_word' id='word_1_74' title='bbox 931 1079 1005 1144; x_wconf 80' lang='lat' dir='ltr'>dicit</span> <span class='ocrx_word' id='word_1_75' title='bbox 1015 1081 1108 1163; x_wconf 74' lang='lat' dir='ltr'>perid.</span> <span class='ocrx_word' id='word_1_76' title='bbox 1224 1078 1307 1146; x_wconf 88' lang='lat' dir='ltr'>Nam</span> <span class='ocrx_word' id='word_1_77' title='bbox 1323 1081 1414 1147; x_wconf 89' lang='lat' dir='ltr'>nulla</span> <span class='ocrx_word' id='word_1_78' title='bbox 1426 1084 1508 1147; x_wconf 89' lang='lat' dir='ltr'>ratio</span> <span class='ocrx_word' id='word_1_79' title='bbox 1520 1083 1633 1166; x_wconf 89' lang='lat' dir='ltr'>probat</span> <span class='ocrx_word' id='word_1_80' title='bbox 1649 1083 1736 1166; x_wconf 86' lang='lat' dir='ltr'>quod</span> <span class='ocrx_word' id='word_1_81' title='bbox 1752 1083 1978 1166; x_wconf 72' lang='lat' dir='ltr'>potentiatleoe</span> 
     </span>
    </p>

    <p class='ocr_par' dir='ltr' id='par_1_3' title="bbox 403 1184 2041 2248">
     <span class='ocr_line' id='line_1_9' title="bbox 445 1184 1978 1274; baseline 0.001 -20"><span class='ocrx_word' id='word_1_82' title='bbox 445 1196 474 1255; x_wconf 80' lang='lat' dir='ltr'>t.</span> <span class='ocrx_word' id='word_1_83' title='bbox 497 1189 588 1267; x_wconf 83' lang='lat' dir='ltr'>Quod</span> <span class='ocrx_word' id='word_1_84' title='bbox 610 1189 697 1254; x_wconf 89' lang='lat' dir='ltr'>enim</span> <span class='ocrx_word' id='word_1_85' title='bbox 717 1187 858 1270; x_wconf 90' lang='lat' dir='ltr'>primum</span> <span class='ocrx_word' id='word_1_86' title='bbox 872 1186 1032 1269; x_wconf 82' lang='lat' dir='ltr'>objicitur,</span> <span class='ocrx_word' id='word_1_87' title='bbox 1054 1191 1169 1271; x_wconf 87' lang='lat' dir='ltr'>patet:</span> <span class='ocrx_word' id='word_1_88' title='bbox 1223 1184 1308 1252; x_wconf 85' lang='lat' dir='ltr'>dieat</span> <span class='ocrx_word' id='word_1_89' title='bbox 1332 1190 1514 1273; x_wconf 91' lang='lat' dir='ltr'>proprium;</span> <span class='ocrx_word' id='word_1_90' title='bbox 1538 1190 1593 1254; x_wconf 90' lang='lat' dir='ltr'>sed</span> <span class='ocrx_word' id='word_1_91' title='bbox 1616 1190 1703 1273; x_wconf 88' lang='lat' dir='ltr'>quod</span> <span class='ocrx_word' id='word_1_92' title='bbox 1729 1190 1879 1274; x_wconf 86' lang='lat' dir='ltr'>potentia</span> <span class='ocrx_word' id='word_1_93' title='bbox 1898 1209 1978 1272; x_wconf 69' lang='lat' dir='ltr'>gar·</span> 
     </span>
     <span class='ocr_line' id='line_1_10' title="bbox 405 1294 1980 1382; baseline -0.002 -17"><span class='ocrx_word' id='word_1_94' title='bbox 405 1298 542 1365; x_wconf 83' lang='lat' dir='ltr'>eoncedo</span> <span class='ocrx_word' id='word_1_95' title='bbox 562 1296 648 1362; x_wconf 88' lang='lat' dir='ltr'>enim</span> <span class='ocrx_word' id='word_1_96' title='bbox 669 1294 859 1377; x_wconf 77' lang='lat' dir='ltr'>Magistrum</span> <span class='ocrx_word' id='word_1_97' title='bbox 877 1294 975 1359; x_wconf 84' lang='lat' dir='ltr'>tuisse</span> <span class='ocrx_word' id='word_1_98' title='bbox 991 1295 1091 1378; x_wconf 90' lang='lat' dir='ltr'>hujus</span> <span class='ocrx_word' id='word_1_99' title='bbox 1110 1314 1171 1379; x_wconf 91' lang='lat' dir='ltr'>po-</span> <span class='ocrx_word' id='word_1_100' title='bbox 1223 1294 1315 1359; x_wconf 88' lang='lat' dir='ltr'>randi</span> <span class='ocrx_word' id='word_1_101' title='bbox 1327 1296 1428 1362; x_wconf 82' lang='lat' dir='ltr'>active</span> <span class='ocrx_word' id='word_1_102' title='bbox 1439 1297 1532 1378; x_wconf 84' lang='lat' dir='ltr'>diota,</span> <span class='ocrx_word' id='word_1_103' title='bbox 1547 1298 1616 1363; x_wconf 88' lang='lat' dir='ltr'>sive</span> <span class='ocrx_word' id='word_1_104' title='bbox 1627 1316 1720 1382; x_wconf 89' lang='lat' dir='ltr'>posse</span> <span class='ocrx_word' id='word_1_105' title='bbox 1731 1316 1904 1381; x_wconf 87' lang='lat' dir='ltr'>generare,</span> <span class='ocrx_word' id='word_1_106' title='bbox 1915 1297 1980 1362; x_wconf 75' lang='lat' dir='ltr'>diet</span> 
     </span>
     <span class='ocr_line' id='line_1_11' title="bbox 405 1402 1980 1490; baseline -0.001 -19"><span class='ocrx_word' id='word_1_107' title='bbox 405 1405 538 1471; x_wconf 89' lang='lat' dir='ltr'>sitionis.</span> <span class='ocrx_word' id='word_1_108' title='bbox 553 1402 643 1469; x_wconf 86' lang='lat' dir='ltr'>Unde</span> <span class='ocrx_word' id='word_1_109' title='bbox 655 1404 820 1483; x_wconf 78' lang='lat' dir='ltr'>dixerumt,</span> <span class='ocrx_word' id='word_1_110' title='bbox 834 1403 918 1485; x_wconf 86' lang='lat' dir='ltr'>quod</span> <span class='ocrx_word' id='word_1_111' title='bbox 932 1402 1043 1466; x_wconf 90' lang='lat' dir='ltr'>eadem</span> <span class='ocrx_word' id='word_1_112' title='bbox 1055 1407 1171 1486; x_wconf 88' lang='lat' dir='ltr'>poten·</span> <span class='ocrx_word' id='word_1_113' title='bbox 1224 1420 1266 1466; x_wconf 86' lang='lat' dir='ltr'>ex</span> <span class='ocrx_word' id='word_1_114' title='bbox 1278 1402 1428 1486; x_wconf 85' lang='lat' dir='ltr'>adjuncto</span> <span class='ocrx_word' id='word_1_115' title='bbox 1442 1410 1620 1488; x_wconf 80' lang='lat' dir='ltr'>respectum</span> <span class='ocrx_word' id='word_1_116' title='bbox 1637 1406 1678 1470; x_wconf 89' lang='lat' dir='ltr'>ad</span> <span class='ocrx_word' id='word_1_117' title='bbox 1696 1424 1873 1490; x_wconf 75' lang='lat' dir='ltr'>persomm</span> <span class='ocrx_word' id='word_1_118' title='bbox 1890 1404 1980 1486; x_wconf 66' lang='lat' dir='ltr'>titii</span> 
     </span>
     <span class='ocr_line' id='line_1_12' title="bbox 405 1508 2041 1598; baseline -0.001 -19"><span class='ocrx_word' id='word_1_119' title='bbox 405 1514 450 1580; x_wconf 85' lang='lat' dir='ltr'>tia</span> <span class='ocrx_word' id='word_1_120' title='bbox 473 1517 575 1598; x_wconf 89' lang='lat' dir='ltr'>potest</span> <span class='ocrx_word' id='word_1_121' title='bbox 596 1511 697 1576; x_wconf 85' lang='lat' dir='ltr'>Filius</span> <span class='ocrx_word' id='word_1_122' title='bbox 722 1510 834 1592; x_wconf 88' lang='lat' dir='ltr'>gigni,</span> <span class='ocrx_word' id='word_1_123' title='bbox 862 1528 927 1593; x_wconf 87' lang='lat' dir='ltr'>qua</span> <span class='ocrx_word' id='word_1_124' title='bbox 949 1509 1042 1575; x_wconf 89' lang='lat' dir='ltr'>Pater</span> <span class='ocrx_word' id='word_1_125' title='bbox 1069 1514 1172 1593; x_wconf 85' lang='lat' dir='ltr'>potest</span> <span class='ocrx_word' id='word_1_126' title='bbox 1223 1508 1269 1573; x_wconf 85' lang='lat' dir='ltr'>ita</span> <span class='ocrx_word' id='word_1_127' title='bbox 1287 1509 1363 1574; x_wconf 77' lang='lat' dir='ltr'>dieii</span> <span class='ocrx_word' id='word_1_128' title='bbox 1384 1510 1430 1577; x_wconf 74' lang='lat' dir='ltr'>ati</span> <span class='ocrx_word' id='word_1_129' title='bbox 1445 1512 1596 1596; x_wconf 48' lang='lat' dir='ltr'>altem&amp;</span> <span class='ocrx_word' id='word_1_130' title='bbox 1609 1513 1662 1578; x_wconf 84' lang='lat' dir='ltr'>sad</span> <span class='ocrx_word' id='word_1_131' title='bbox 1676 1512 1741 1579; x_wconf 85' lang='lat' dir='ltr'>hoc</span> <span class='ocrx_word' id='word_1_132' title='bbox 1761 1517 1814 1579; x_wconf 85' lang='lat' dir='ltr'>est</span> <span class='ocrx_word' id='word_1_133' title='bbox 1827 1513 1981 1578; x_wconf 75' lang='lat' dir='ltr'>solumra</span> <span class='ocrx_word' id='word_1_134' title='bbox 2040 1534 2041 1569; x_wconf 67' lang='lat'>÷</span> 
     </span>
     <span class='ocr_line' id='line_1_13' title="bbox 405 1616 1434 1704; baseline -0.002 -20"><span class='ocrx_word' id='word_1_135' title='bbox 405 1622 540 1704; x_wconf 78' lang='lat' dir='ltr'>gignere</span> <span class='ocrx_word' id='word_1_136' title='bbox 557 1643 565 1685; x_wconf 92' lang='lat'>:</span> <span class='ocrx_word' id='word_1_137' title='bbox 581 1619 667 1703; x_wconf 90' lang='lat' dir='ltr'>quod</span> <span class='ocrx_word' id='word_1_138' title='bbox 684 1637 751 1684; x_wconf 90' lang='lat' dir='ltr'>non</span> <span class='ocrx_word' id='word_1_139' title='bbox 770 1622 864 1697; x_wconf 85' lang='lat' dir='ltr'>esset,</span> <span class='ocrx_word' id='word_1_140' title='bbox 883 1617 946 1682; x_wconf 88' lang='lat' dir='ltr'>nisi</span> <span class='ocrx_word' id='word_1_141' title='bbox 961 1617 1102 1700; x_wconf 85' lang='lat' dir='ltr'>potentia</span> <span class='ocrx_word' id='word_1_142' title='bbox 1121 1617 1172 1682; x_wconf 89' lang='lat' dir='ltr'>di·</span> <span class='ocrx_word' id='word_1_143' title='bbox 1223 1616 1311 1681; x_wconf 87' lang='lat' dir='ltr'>tione</span> <span class='ocrx_word' id='word_1_144' title='bbox 1324 1618 1434 1683; x_wconf 84' lang='lat' dir='ltr'>additi.</span> 
     </span>
     <span class='ocr_line' id='line_1_14' title="bbox 404 1722 1982 1813; baseline -0.001 -19"><span class='ocrx_word' id='word_1_145' title='bbox 404 1731 489 1794; x_wconf 90' lang='lat' dir='ltr'>oeret</span> <span class='ocrx_word' id='word_1_146' title='bbox 501 1726 593 1811; x_wconf 77' lang='lat' dir='ltr'>quid.</span> <span class='ocrx_word' id='word_1_147' title='bbox 606 1725 696 1791; x_wconf 89' lang='lat' dir='ltr'>Unde</span> <span class='ocrx_word' id='word_1_148' title='bbox 708 1725 804 1805; x_wconf 87' lang='lat' dir='ltr'>dixit,</span> <span class='ocrx_word' id='word_1_149' title='bbox 819 1724 905 1808; x_wconf 86' lang='lat' dir='ltr'>quod</span> <span class='ocrx_word' id='word_1_150' title='bbox 918 1725 1059 1813; x_wconf 85' lang='lat' dir='ltr'>potentia</span> <span class='ocrx_word' id='word_1_151' title='bbox 1071 1742 1171 1807; x_wconf 91' lang='lat' dir='ltr'>gene·</span> <span class='ocrx_word' id='word_1_152' title='bbox 1264 1722 1633 1812; x_wconf 77' lang='lat' dir='ltr'>ltemnotandumquod</span> <span class='ocrx_word' id='word_1_153' title='bbox 1641 1732 1982 1812; x_wconf 79' lang='lat' dir='ltr'>qrratuorsuntgenen</span> 
     </span>
     <span class='ocr_line' id='line_1_15' title="bbox 403 1813 2021 1920; baseline 0.001 -19"><span class='ocrx_word' id='word_1_154' title='bbox 403 1835 496 1901; x_wconf 87' lang='lat' dir='ltr'>randi</span> <span class='ocrx_word' id='word_1_155' title='bbox 510 1835 604 1899; x_wconf 86' lang='lat' dir='ltr'>estin</span> <span class='ocrx_word' id='word_1_156' title='bbox 616 1833 712 1914; x_wconf 85' lang='lat' dir='ltr'>Filio,</span> <span class='ocrx_word' id='word_1_157' title='bbox 727 1832 781 1897; x_wconf 85' lang='lat' dir='ltr'>sed</span> <span class='ocrx_word' id='word_1_158' title='bbox 794 1850 861 1897; x_wconf 92' lang='lat' dir='ltr'>non</span> <span class='ocrx_word' id='word_1_159' title='bbox 877 1832 918 1897; x_wconf 86' lang='lat' dir='ltr'>ad</span> <span class='ocrx_word' id='word_1_160' title='bbox 931 1849 1100 1916; x_wconf 74' lang='lat' dir='ltr'>generare,</span> <span class='ocrx_word' id='word_1_161' title='bbox 1115 1831 1170 1897; x_wconf 86' lang='lat' dir='ltr'>sed</span> <span class='ocrx_word' id='word_1_162' title='bbox 1223 1832 1393 1898; x_wconf 90' lang='lat' dir='ltr'>nominum</span> <span class='ocrx_word' id='word_1_163' title='bbox 1410 1835 1445 1899; x_wconf 91' lang='lat' dir='ltr'>in</span> <span class='ocrx_word' id='word_1_164' title='bbox 1462 1835 1577 1901; x_wconf 89' lang='lat' dir='ltr'>divinis</span> <span class='ocrx_word' id='word_1_165' title='bbox 1594 1855 1603 1901; x_wconf 76' lang='lat' dir='ltr'><strong><em>z</em></strong></span> <span class='ocrx_word' id='word_1_166' title='bbox 1622 1837 1775 1920; x_wconf 83' lang='lat' dir='ltr'>quaedam</span> <span class='ocrx_word' id='word_1_167' title='bbox 1788 1838 1880 1901; x_wconf 90' lang='lat' dir='ltr'>enim</span> <span class='ocrx_word' id='word_1_168' title='bbox 1890 1855 1982 1903; x_wconf 62' lang='lat' dir='ltr'>men-</span> <span class='ocrx_word' id='word_1_169' title='bbox 1995 1813 2021 1841; x_wconf 81' lang='lat'>&#39;¹</span> 
     </span>
     <span class='ocr_line' id='line_1_16' title="bbox 405 1939 1981 2026; baseline 0.001 -18"><span class='ocrx_word' id='word_1_170' title='bbox 405 1943 614 2026; x_wconf 71' lang='lat' dir='ltr'>adgenerari.</span> <span class='ocrx_word' id='word_1_171' title='bbox 635 1940 711 2005; x_wconf 84' lang='lat' dir='ltr'>Haee</span> <span class='ocrx_word' id='word_1_172' title='bbox 729 1944 838 2006; x_wconf 90' lang='lat' dir='ltr'>autem</span> <span class='ocrx_word' id='word_1_173' title='bbox 858 1939 972 2023; x_wconf 91' lang='lat' dir='ltr'>positio</span> <span class='ocrx_word' id='word_1_174' title='bbox 989 1940 1065 2005; x_wconf 91' lang='lat' dir='ltr'>dieit</span> <span class='ocrx_word' id='word_1_175' title='bbox 1084 1940 1169 2023; x_wconf 88' lang='lat' dir='ltr'>quod</span> <span class='ocrx_word' id='word_1_176' title='bbox 1223 1939 1310 2004; x_wconf 89' lang='lat' dir='ltr'>tialia</span> <span class='ocrx_word' id='word_1_177' title='bbox 1328 1945 1404 2004; x_wconf 87' lang='lat' dir='ltr'>sunt</span> <span class='ocrx_word' id='word_1_178' title='bbox 1418 1941 1501 2007; x_wconf 85' lang='lat' dir='ltr'>dieta</span> <span class='ocrx_word' id='word_1_179' title='bbox 1520 1944 1744 2025; x_wconf 80' lang='lat' dir='ltr'>essentialiter,</span> <span class='ocrx_word' id='word_1_180' title='bbox 1765 1948 1805 2008; x_wconf 90' lang='lat' dir='ltr'>ut</span> <span class='ocrx_word' id='word_1_181' title='bbox 1829 1944 1981 2023; x_wconf 74' lang='lat' dir='ltr'>divinitas,</span> 
     </span>
     <span class='ocr_line' id='line_1_17' title="bbox 405 2047 1982 2140; baseline 0.004 -25"><span class='ocrx_word' id='word_1_182' title='bbox 405 2056 452 2115; x_wconf 88' lang='lat' dir='ltr'>est</span> <span class='ocrx_word' id='word_1_183' title='bbox 466 2053 501 2115; x_wconf 92' lang='lat' dir='ltr'>in</span> <span class='ocrx_word' id='word_1_184' title='bbox 514 2051 581 2116; x_wconf 91' lang='lat' dir='ltr'>solo</span> <span class='ocrx_word' id='word_1_185' title='bbox 595 2049 687 2115; x_wconf 88' lang='lat' dir='ltr'>Patre</span> <span class='ocrx_word' id='word_1_186' title='bbox 690 2071 704 2130; x_wconf 93' lang='lat'>,·</span> <span class='ocrx_word' id='word_1_187' title='bbox 716 2048 793 2133; x_wconf 78' lang='lat' dir='ltr'>quia</span> <span class='ocrx_word' id='word_1_188' title='bbox 810 2066 876 2113; x_wconf 91' lang='lat' dir='ltr'>non</span> <span class='ocrx_word' id='word_1_189' title='bbox 895 2052 1021 2113; x_wconf 66' lang='lat' dir='ltr'>mutum</span> <span class='ocrx_word' id='word_1_190' title='bbox 1042 2047 1171 2131; x_wconf 83' lang='lat' dir='ltr'>respicit</span> <span class='ocrx_word' id='word_1_191' title='bbox 1224 2048 1322 2115; x_wconf 88' lang='lat' dir='ltr'>deitas</span> <span class='ocrx_word' id='word_1_192' title='bbox 1336 2054 1368 2116; x_wconf 88' lang='lat' dir='ltr'>et</span> <span class='ocrx_word' id='word_1_193' title='bbox 1381 2054 1547 2135; x_wconf 83' lang='lat' dir='ltr'>majestas;</span> <span class='ocrx_word' id='word_1_194' title='bbox 1563 2054 1712 2137; x_wconf 76' lang='lat' dir='ltr'>quaedam</span> <span class='ocrx_word' id='word_1_195' title='bbox 1725 2055 1909 2121; x_wconf 79' lang='lat' dir='ltr'>essentialia</span> <span class='ocrx_word' id='word_1_196' title='bbox 1921 2075 1982 2140; x_wconf 82' lang='lat' dir='ltr'>per·</span> 
     </span>
     <span class='ocr_line' id='line_1_18' title="bbox 403 2157 1982 2248; baseline 0.003 -24"><span class='ocrx_word' id='word_1_197' title='bbox 403 2162 571 2238; x_wconf 89' lang='lat' dir='ltr'>naturam,</span> <span class='ocrx_word' id='word_1_198' title='bbox 586 2159 641 2224; x_wconf 83' lang='lat' dir='ltr'>sed</span> <span class='ocrx_word' id='word_1_199' title='bbox 654 2157 876 2242; x_wconf 85' lang='lat' dir='ltr'>proprietatem</span> <span class='ocrx_word' id='word_1_200' title='bbox 890 2174 1047 2240; x_wconf 83' lang='lat' dir='ltr'>personae.</span> <span class='ocrx_word' id='word_1_201' title='bbox 1223 2158 1373 2225; x_wconf 86' lang='lat' dir='ltr'>sonaliter</span> <span class='ocrx_word' id='word_1_202' title='bbox 1385 2161 1478 2242; x_wconf 72' lang='lat' dir='ltr'>diem,</span> <span class='ocrx_word' id='word_1_203' title='bbox 1493 2165 1530 2226; x_wconf 89' lang='lat' dir='ltr'>ut</span> <span class='ocrx_word' id='word_1_204' title='bbox 1542 2164 1683 2245; x_wconf 82' lang='lat' dir='ltr'>potentis</span> <span class='ocrx_word' id='word_1_205' title='bbox 1695 2164 1894 2245; x_wconf 79' lang='lat' dir='ltr'>generandi3</span> <span class='ocrx_word' id='word_1_206' title='bbox 1908 2182 1982 2248; x_wconf 68' lang='lat' dir='ltr'>qua</span> 
     </span>
    </p>

    <p class='ocr_par' dir='ltr' id='par_1_4' title="bbox 402 2264 2041 3103">
     <span class='ocr_line' id='line_1_19' title="bbox 442 2264 1982 2354; baseline 0.004 -24"><span class='ocrx_word' id='word_1_207' title='bbox 442 2272 474 2330; x_wconf 69' lang='grc' dir='ltr'>Ξ.</span> <span class='ocrx_word' id='word_1_208' title='bbox 485 2267 621 2332; x_wconf 79' lang='lat' dir='ltr'>Adillud</span> <span class='ocrx_word' id='word_1_209' title='bbox 632 2265 887 2349; x_wconf 86' lang='lat' dir='ltr'>quodobjieitur,</span> <span class='ocrx_word' id='word_1_210' title='bbox 900 2264 1061 2348; x_wconf 83' lang='lat' dir='ltr'>quomodo</span> <span class='ocrx_word' id='word_1_211' title='bbox 1071 2282 1170 2346; x_wconf 89' lang='lat' dir='ltr'>gene·</span> <span class='ocrx_word' id='word_1_212' title='bbox 1223 2265 1298 2330; x_wconf 88' lang='lat' dir='ltr'>dam</span> <span class='ocrx_word' id='word_1_213' title='bbox 1315 2268 1493 2350; x_wconf 88' lang='lat' dir='ltr'>personalia</span> <span class='ocrx_word' id='word_1_214' title='bbox 1510 2269 1592 2334; x_wconf 82' lang='lat' dir='ltr'>diota</span> <span class='ocrx_word' id='word_1_215' title='bbox 1610 2270 1833 2352; x_wconf 82' lang='lat' dir='ltr'>personaliter,</span> <span class='ocrx_word' id='word_1_216' title='bbox 1849 2275 1889 2336; x_wconf 89' lang='lat' dir='ltr'>ut</span> <span class='ocrx_word' id='word_1_217' title='bbox 1899 2291 1982 2354; x_wconf 56' lang='grc' dir='ltr'><em>ω</em></span> 
     </span>
     <span class='ocr_line' id='line_1_20' title="bbox 403 2372 2041 2463; baseline 0.003 -24"><span class='ocrx_word' id='word_1_218' title='bbox 403 2393 476 2439; x_wconf 88' lang='lat' dir='ltr'>rare</span> <span class='ocrx_word' id='word_1_219' title='bbox 489 2374 692 2456; x_wconf 86' lang='lat' dir='ltr'>consequitur</span> <span class='ocrx_word' id='word_1_220' title='bbox 704 2375 869 2451; x_wconf 82' lang='lat' dir='ltr'>naturam3</span> <span class='ocrx_word' id='word_1_221' title='bbox 885 2372 1065 2450; x_wconf 82' lang='lat' dir='ltr'>dicendum,</span> <span class='ocrx_word' id='word_1_222' title='bbox 1080 2372 1167 2455; x_wconf 90' lang='lat' dir='ltr'>quod</span> <span class='ocrx_word' id='word_1_223' title='bbox 1222 2391 1299 2437; x_wconf 88' lang='lat' dir='ltr'>rans</span> <span class='ocrx_word' id='word_1_224' title='bbox 1323 2378 1355 2439; x_wconf 90' lang='lat' dir='ltr'>et</span> <span class='ocrx_word' id='word_1_225' title='bbox 1373 2375 1519 2456; x_wconf 81' lang='lat' dir='ltr'>genitus3</span> <span class='ocrx_word' id='word_1_226' title='bbox 1541 2376 1690 2459; x_wconf 84' lang='lat' dir='ltr'>quaedam</span> <span class='ocrx_word' id='word_1_227' title='bbox 1709 2379 1895 2460; x_wconf 82' lang='lat' dir='ltr'>personalia</span> <span class='ocrx_word' id='word_1_228' title='bbox 1914 2380 1981 2444; x_wconf 77' lang='lat' dir='ltr'>dieta</span> <span class='ocrx_word' id='word_1_229' title='bbox 2040 2436 2041 2463; x_wconf 74' lang='lat'>,</span> 
     </span>
     <span class='ocr_line' id='line_1_21' title="bbox 402 2478 2041 2568; baseline 0.003 -22"><span class='ocrx_word' id='word_1_230' title='bbox 402 2483 438 2546; x_wconf 90' lang='lat' dir='ltr'>in</span> <span class='ocrx_word' id='word_1_231' title='bbox 465 2481 585 2547; x_wconf 87' lang='lat' dir='ltr'>divinis</span> <span class='ocrx_word' id='word_1_232' title='bbox 607 2498 674 2545; x_wconf 93' lang='lat' dir='ltr'>non</span> <span class='ocrx_word' id='word_1_233' title='bbox 695 2479 838 2562; x_wconf 88' lang='lat' dir='ltr'>sequitur</span> <span class='ocrx_word' id='word_1_234' title='bbox 866 2483 1017 2545; x_wconf 88' lang='lat' dir='ltr'>naturam</span> <span class='ocrx_word' id='word_1_235' title='bbox 1041 2479 1169 2564; x_wconf 90' lang='lat' dir='ltr'>simpli·</span> <span class='ocrx_word' id='word_1_236' title='bbox 1222 2481 1438 2559; x_wconf 86' lang='lat' dir='ltr'>essentialiter,</span> <span class='ocrx_word' id='word_1_237' title='bbox 1449 2486 1486 2546; x_wconf 88' lang='lat' dir='ltr'>ut</span> <span class='ocrx_word' id='word_1_238' title='bbox 1495 2482 1621 2560; x_wconf 89' lang='lat' dir='ltr'>missus,</span> <span class='ocrx_word' id='word_1_239' title='bbox 1632 2483 1829 2565; x_wconf 81' lang='lat' dir='ltr'>incarnatus,</span> <span class='ocrx_word' id='word_1_240' title='bbox 1845 2486 1980 2568; x_wconf 62' lang='lat' dir='ltr'>mhnjm</span> <span class='ocrx_word' id='word_1_241' title='bbox 2040 2478 2041 2567; x_wconf 63' lang='lat' dir='ltr'>s</span> 
     </span>
     <span class='ocr_line' id='line_1_22' title="bbox 403 2586 2041 2675; baseline 0.002 -21"><span class='ocrx_word' id='word_1_242' title='bbox 403 2590 496 2667; x_wconf 86' lang='lat' dir='ltr'>citer,</span> <span class='ocrx_word' id='word_1_243' title='bbox 509 2589 563 2654; x_wconf 85' lang='lat' dir='ltr'>sed</span> <span class='ocrx_word' id='word_1_244' title='bbox 577 2593 727 2653; x_wconf 88' lang='lat' dir='ltr'>naturam</span> <span class='ocrx_word' id='word_1_245' title='bbox 740 2591 777 2652; x_wconf 89' lang='lat' dir='ltr'>ut</span> <span class='ocrx_word' id='word_1_246' title='bbox 789 2586 825 2651; x_wconf 91' lang='lat' dir='ltr'>in</span> <span class='ocrx_word' id='word_1_247' title='bbox 838 2605 990 2670; x_wconf 87' lang='lat' dir='ltr'>persona,</span> <span class='ocrx_word' id='word_1_248' title='bbox 1004 2586 1081 2671; x_wconf 89' lang='lat' dir='ltr'>quia</span> <span class='ocrx_word' id='word_1_249' title='bbox 1100 2605 1167 2653; x_wconf 94' lang='lat' dir='ltr'>non</span> <span class='ocrx_word' id='word_1_250' title='bbox 1223 2588 1324 2667; x_wconf 86' lang='lat' dir='ltr'>modi,</span> <span class='ocrx_word' id='word_1_251' title='bbox 1340 2606 1414 2670; x_wconf 86' lang='lat' dir='ltr'>quae</span> <span class='ocrx_word' id='word_1_252' title='bbox 1432 2589 1542 2654; x_wconf 80' lang='lat' dir='ltr'>dieunt</span> <span class='ocrx_word' id='word_1_253' title='bbox 1558 2592 1793 2673; x_wconf 86' lang='lat' dir='ltr'>respectumad</span> <span class='ocrx_word' id='word_1_254' title='bbox 1806 2610 1978 2675; x_wconf 82' lang='lat' dir='ltr'>personam,</span> <span class='ocrx_word' id='word_1_255' title='bbox 2040 2636 2041 2669; x_wconf 70' lang='lat'>,</span> 
     </span>
     <span class='ocr_line' id='line_1_23' title="bbox 403 2684 2041 2779; baseline 0.004 -18"><span class='ocrx_word' id='word_1_256' title='bbox 403 2698 439 2761; x_wconf 91' lang='lat' dir='ltr'>in</span> <span class='ocrx_word' id='word_1_257' title='bbox 454 2696 595 2779; x_wconf 89' lang='lat' dir='ltr'>qualibet</span> <span class='ocrx_word' id='word_1_258' title='bbox 607 2713 742 2778; x_wconf 87' lang='lat' dir='ltr'>persona</span> <span class='ocrx_word' id='word_1_259' title='bbox 752 2698 800 2760; x_wconf 88' lang='lat' dir='ltr'>est</span> <span class='ocrx_word' id='word_1_260' title='bbox 810 2699 927 2761; x_wconf 88' lang='lat' dir='ltr'>natura</span> <span class='ocrx_word' id='word_1_261' title='bbox 938 2694 1099 2772; x_wconf 74' lang='lat' dir='ltr'>faecunda,</span> <span class='ocrx_word' id='word_1_262' title='bbox 1114 2695 1168 2760; x_wconf 91' lang='lat' dir='ltr'>sed</span> <span class='ocrx_word' id='word_1_263' title='bbox 1222 2697 1254 2759; x_wconf 88' lang='lat' dir='ltr'>et</span> <span class='ocrx_word' id='word_1_264' title='bbox 1267 2696 1338 2761; x_wconf 86' lang='lat' dir='ltr'>ideo</span> <span class='ocrx_word' id='word_1_265' title='bbox 1353 2696 1548 2779; x_wconf 82' lang='lat' dir='ltr'>personalia,</span> <span class='ocrx_word' id='word_1_266' title='bbox 1564 2698 1759 2763; x_wconf 84' lang='lat' dir='ltr'>eteffeetum</span> <span class='ocrx_word' id='word_1_267' title='bbox 1778 2698 1815 2764; x_wconf 94' lang='lat' dir='ltr'>in</span> <span class='ocrx_word' id='word_1_268' title='bbox 1828 2706 1978 2775; x_wconf 63' lang='lat' dir='ltr'>mutum,</span> <span class='ocrx_word' id='word_1_269' title='bbox 2040 2684 2041 2711; x_wconf 24' lang='grc' dir='ltr'>ἢ</span> 
     </span>
     <span class='ocr_line' id='line_1_24' title="bbox 403 2802 1750 2887; baseline 0 -18"><span class='ocrx_word' id='word_1_270' title='bbox 403 2804 508 2869; x_wconf 91' lang='lat' dir='ltr'>solum</span> <span class='ocrx_word' id='word_1_271' title='bbox 523 2805 557 2868; x_wconf 94' lang='lat' dir='ltr'>in</span> <span class='ocrx_word' id='word_1_272' title='bbox 569 2821 704 2886; x_wconf 88' lang='lat' dir='ltr'>persona</span> <span class='ocrx_word' id='word_1_273' title='bbox 717 2802 818 2868; x_wconf 88' lang='lat' dir='ltr'>Patris</span> <span class='ocrx_word' id='word_1_274' title='bbox 833 2825 841 2868; x_wconf 81' lang='lat' dir='ltr'>t</span> <span class='ocrx_word' id='word_1_275' title='bbox 856 2806 888 2868; x_wconf 90' lang='lat' dir='ltr'>et</span> <span class='ocrx_word' id='word_1_276' title='bbox 899 2803 960 2868; x_wconf 88' lang='lat' dir='ltr'>hoe</span> <span class='ocrx_word' id='word_1_277' title='bbox 974 2808 1021 2868; x_wconf 88' lang='lat' dir='ltr'>est</span> <span class='ocrx_word' id='word_1_278' title='bbox 1031 2821 1090 2887; x_wconf 91' lang='lat' dir='ltr'>per</span> <span class='ocrx_word' id='word_1_279' title='bbox 1105 2803 1168 2867; x_wconf 87' lang='lat' dir='ltr'>ali-</span> <span class='ocrx_word' id='word_1_280' title='bbox 1222 2806 1255 2868; x_wconf 87' lang='lat' dir='ltr'>et</span> <span class='ocrx_word' id='word_1_281' title='bbox 1266 2802 1337 2868; x_wconf 90' lang='lat' dir='ltr'>ideo</span> <span class='ocrx_word' id='word_1_282' title='bbox 1350 2803 1556 2869; x_wconf 86' lang='lat' dir='ltr'>essentialiter</span> <span class='ocrx_word' id='word_1_283' title='bbox 1568 2809 1644 2869; x_wconf 88' lang='lat' dir='ltr'>sunt</span> <span class='ocrx_word' id='word_1_284' title='bbox 1653 2804 1750 2871; x_wconf 82' lang='lat' dir='ltr'>dicta.</span> 
     </span>
     <span class='ocr_line' id='line_1_25' title="bbox 403 2909 1980 2996; baseline 0.003 -19"><span class='ocrx_word' id='word_1_285' title='bbox 403 2931 502 2996; x_wconf 88' lang='lat' dir='ltr'>quam</span> <span class='ocrx_word' id='word_1_286' title='bbox 514 2911 738 2995; x_wconf 85' lang='lat' dir='ltr'>proprietatem</span> <span class='ocrx_word' id='word_1_287' title='bbox 750 2928 824 2994; x_wconf 75' lang='lat' dir='ltr'>quae</span> <span class='ocrx_word' id='word_1_288' title='bbox 835 2914 884 2975; x_wconf 89' lang='lat' dir='ltr'>est</span> <span class='ocrx_word' id='word_1_289' title='bbox 893 2910 991 2976; x_wconf 86' lang='lat' dir='ltr'>solius</span> <span class='ocrx_word' id='word_1_290' title='bbox 1002 2910 1169 2993; x_wconf 89' lang='lat' dir='ltr'>illiusper·</span> <span class='ocrx_word' id='word_1_291' title='bbox 1262 2909 1392 2976; x_wconf 85' lang='lat' dir='ltr'>Duabus</span> <span class='ocrx_word' id='word_1_292' title='bbox 1410 2911 1590 2977; x_wconf 86' lang='lat' dir='ltr'>rationibus</span> <span class='ocrx_word' id='word_1_293' title='bbox 1609 2913 1819 2995; x_wconf 78' lang='lat' dir='ltr'>sequentihus</span> <span class='ocrx_word' id='word_1_294' title='bbox 1837 2915 1928 2981; x_wconf 68' lang='lat' dir='ltr'>tasilo</span> <span class='ocrx_word' id='word_1_295' title='bbox 1943 2922 1980 2981; x_wconf 66' lang='lat' dir='ltr'>es</span> 
     </span>
     <span class='ocr_line' id='line_1_26' title="bbox 404 3017 1978 3103; baseline 0.003 -20"><span class='ocrx_word' id='word_1_296' title='bbox 404 3037 501 3085; x_wconf 86' lang='lat' dir='ltr'>sonae.</span> <span class='ocrx_word' id='word_1_297' title='bbox 517 3017 588 3085; x_wconf 92' lang='lat' dir='ltr'>Non</span> <span class='ocrx_word' id='word_1_298' title='bbox 606 3019 652 3082; x_wconf 86' lang='lat' dir='ltr'>sie</span> <span class='ocrx_word' id='word_1_299' title='bbox 664 3021 711 3083; x_wconf 87' lang='lat' dir='ltr'>est</span> <span class='ocrx_word' id='word_1_300' title='bbox 724 3018 759 3081; x_wconf 92' lang='lat' dir='ltr'>in</span> <span class='ocrx_word' id='word_1_301' title='bbox 773 3017 994 3099; x_wconf 81' lang='lat' dir='ltr'>interioribus,</span> <span class='ocrx_word' id='word_1_302' title='bbox 1009 3017 1091 3082; x_wconf 88' lang='lat' dir='ltr'>sieut</span> <span class='ocrx_word' id='word_1_303' title='bbox 1099 3020 1168 3100; x_wconf 83' lang='lat' dir='ltr'>jam</span> <span class='ocrx_word' id='word_1_304' title='bbox 1222 3019 1427 3102; x_wconf 88' lang='lat' dir='ltr'>respondere;</span> <span class='ocrx_word' id='word_1_305' title='bbox 1442 3019 1519 3103; x_wconf 87' lang='lat' dir='ltr'>quia</span> <span class='ocrx_word' id='word_1_306' title='bbox 1531 3019 1610 3085; x_wconf 88' lang='lat' dir='ltr'>illud</span> <span class='ocrx_word' id='word_1_307' title='bbox 1622 3037 1689 3084; x_wconf 94' lang='lat' dir='ltr'>non</span> <span class='ocrx_word' id='word_1_308' title='bbox 1702 3020 1803 3086; x_wconf 86' lang='lat' dir='ltr'>habet</span> <span class='ocrx_word' id='word_1_309' title='bbox 1811 3023 1978 3099; x_wconf 80' lang='lat' dir='ltr'>veritutern,</span> 
     </span>
    </p>
   </div>
   <div class='ocr_carea' id='block_1_2' title="bbox 404 3107 1978 3321">
    <p class='ocr_par' dir='ltr' id='par_1_5' title="bbox 404 3107 1978 3321">
     <span class='ocr_line' id='line_1_27' title="bbox 404 3107 1978 3215; baseline 0.001 -22"><span class='ocrx_word' id='word_1_310' title='bbox 404 3127 521 3212; x_wconf 83' lang='lat' dir='ltr'>patebit</span> <span class='ocrx_word' id='word_1_311' title='bbox 536 3127 629 3193; x_wconf 86' lang='lat' dir='ltr'>:ideo</span> <span class='ocrx_word' id='word_1_312' title='bbox 642 3129 728 3209; x_wconf 82' lang='lat' dir='ltr'>patet</span> <span class='ocrx_word' id='word_1_313' title='bbox 739 3107 826 3208; x_wconf 84' lang='lat' dir='ltr'>quod</span> <span class='ocrx_word' id='word_1_314' title='bbox 836 3125 916 3191; x_wconf 86' lang='lat' dir='ltr'>illud</span> <span class='ocrx_word' id='word_1_315' title='bbox 926 3143 993 3191; x_wconf 91' lang='lat' dir='ltr'>non</span> <span class='ocrx_word' id='word_1_316' title='bbox 1012 3125 1107 3191; x_wconf 84' lang='lat' dir='ltr'>valet.</span> <span class='ocrx_word' id='word_1_317' title='bbox 1222 3126 1285 3191; x_wconf 90' lang='lat' dir='ltr'>nisi</span> <span class='ocrx_word' id='word_1_318' title='bbox 1305 3126 1434 3210; x_wconf 67' lang='lat' dir='ltr'>quanm</span> <span class='ocrx_word' id='word_1_319' title='bbox 1456 3131 1546 3193; x_wconf 87' lang='lat' dir='ltr'>aetus</span> <span class='ocrx_word' id='word_1_320' title='bbox 1567 3127 1791 3211; x_wconf 78' lang='lat' dir='ltr'>complectitur</span> <span class='ocrx_word' id='word_1_321' title='bbox 1812 3133 1916 3195; x_wconf 87' lang='lat' dir='ltr'>totam</span> <span class='ocrx_word' id='word_1_322' title='bbox 1931 3150 1978 3215; x_wconf 80' lang='lat' dir='ltr'>po</span> 
     </span>
     <span class='ocr_line' id='line_1_28' title="bbox 443 3233 1978 3321; baseline 0.001 -21"><span class='ocrx_word' id='word_1_323' title='bbox 443 3240 474 3300; x_wconf 89' lang='lat'>3.</span> <span class='ocrx_word' id='word_1_324' title='bbox 489 3235 539 3301; x_wconf 81' lang='lat' dir='ltr'>Ad</span> <span class='ocrx_word' id='word_1_325' title='bbox 550 3234 629 3299; x_wconf 90' lang='lat' dir='ltr'>illud</span> <span class='ocrx_word' id='word_1_326' title='bbox 641 3234 727 3316; x_wconf 85' lang='lat' dir='ltr'>quod</span> <span class='ocrx_word' id='word_1_327' title='bbox 736 3233 885 3315; x_wconf 85' lang='lat' dir='ltr'>objicitur</span> <span class='ocrx_word' id='word_1_328' title='bbox 897 3233 983 3317; x_wconf 81' lang='lat' dir='ltr'>quod</span> <span class='ocrx_word' id='word_1_329' title='bbox 994 3234 1029 3298; x_wconf 94' lang='lat' dir='ltr'>in</span> <span class='ocrx_word' id='word_1_330' title='bbox 1040 3234 1171 3300; x_wconf 85' lang='lat' dir='ltr'>aeternis</span> <span class='ocrx_word' id='word_1_331' title='bbox 1222 3233 1378 3299; x_wconf 85' lang='lat' dir='ltr'>tentiam:</span> <span class='ocrx_word' id='word_1_332' title='bbox 1393 3253 1458 3300; x_wconf 92' lang='lat' dir='ltr'>non</span> <span class='ocrx_word' id='word_1_333' title='bbox 1479 3234 1525 3298; x_wconf 87' lang='lat' dir='ltr'>sio</span> <span class='ocrx_word' id='word_1_334' title='bbox 1541 3237 1589 3299; x_wconf 83' lang='lat' dir='ltr'>est</span> <span class='ocrx_word' id='word_1_335' title='bbox 1605 3233 1638 3297; x_wconf 91' lang='lat' dir='ltr'>in</span> <span class='ocrx_word' id='word_1_336' title='bbox 1658 3235 1802 3319; x_wconf 82' lang='lat' dir='ltr'>potentia</span> <span class='ocrx_word' id='word_1_337' title='bbox 1824 3235 1896 3315; x_wconf 85' lang='lat' dir='ltr'>Dei,</span> <span class='ocrx_word' id='word_1_338' title='bbox 1918 3238 1978 3321; x_wconf 76' lang='lat' dir='ltr'>qur</span> 
     </span>
    </p>
   </div>
   <div class='ocr_carea' id='block_1_3' title="bbox 401 3340 2037 5257">
    <p class='ocr_par' dir='ltr' id='par_1_6' title="bbox 401 3340 1977 4720">
     <span class='ocr_line' id='line_1_29' title="bbox 404 3340 1975 3427; baseline 0.003 -20"><span class='ocrx_word' id='word_1_339' title='bbox 404 3345 451 3407; x_wconf 88' lang='lat' dir='ltr'>est</span> <span class='ocrx_word' id='word_1_340' title='bbox 463 3341 548 3407; x_wconf 85' lang='lat' dir='ltr'>idem</span> <span class='ocrx_word' id='word_1_341' title='bbox 561 3356 627 3408; x_wconf 83' lang='lat' dir='ltr'>esse</span> <span class='ocrx_word' id='word_1_342' title='bbox 638 3344 669 3405; x_wconf 87' lang='lat' dir='ltr'>ot</span> <span class='ocrx_word' id='word_1_343' title='bbox 686 3356 778 3423; x_wconf 81' lang='lat' dir='ltr'>posse</span> <span class='ocrx_word' id='word_1_344' title='bbox 784 3360 799 3420; x_wconf 89' lang='lat'><em>;</em></span> <span class='ocrx_word' id='word_1_345' title='bbox 809 3340 998 3421; x_wconf 85' lang='lat' dir='ltr'>dicendum,</span> <span class='ocrx_word' id='word_1_346' title='bbox 1013 3341 1100 3426; x_wconf 90' lang='lat' dir='ltr'>quod</span> <span class='ocrx_word' id='word_1_347' title='bbox 1113 3360 1171 3409; x_wconf 82' lang='lat' dir='ltr'>ve-</span> <span class='ocrx_word' id='word_1_348' title='bbox 1223 3342 1334 3407; x_wconf 86' lang='lat' dir='ltr'>eadem</span> <span class='ocrx_word' id='word_1_349' title='bbox 1347 3346 1395 3407; x_wconf 87' lang='lat' dir='ltr'>est</span> <span class='ocrx_word' id='word_1_350' title='bbox 1405 3341 1543 3426; x_wconf 86' lang='lat' dir='ltr'>potentia</span> <span class='ocrx_word' id='word_1_351' title='bbox 1551 3341 1699 3424; x_wconf 88' lang='lat' dir='ltr'>gignere,</span> <span class='ocrx_word' id='word_1_352' title='bbox 1711 3349 1744 3409; x_wconf 87' lang='lat' dir='ltr'>et</span> <span class='ocrx_word' id='word_1_353' title='bbox 1754 3344 1865 3427; x_wconf 90' lang='lat' dir='ltr'>gigni,</span> <span class='ocrx_word' id='word_1_354' title='bbox 1876 3345 1910 3409; x_wconf 92' lang='lat' dir='ltr'>in</span> <span class='ocrx_word' id='word_1_355' title='bbox 1918 3345 1975 3411; x_wconf 71' lang='lat' dir='ltr'>uo</span> 
     </span>
     <span class='ocr_line' id='line_1_30' title="bbox 402 3448 1977 3534; baseline 0.003 -19"><span class='ocrx_word' id='word_1_356' title='bbox 402 3469 477 3515; x_wconf 93' lang='lat' dir='ltr'>rum</span> <span class='ocrx_word' id='word_1_357' title='bbox 489 3453 547 3530; x_wconf 81' lang='lat' dir='ltr'>est,</span> <span class='ocrx_word' id='word_1_358' title='bbox 560 3449 731 3514; x_wconf 85' lang='lat' dir='ltr'>sedtamen</span> <span class='ocrx_word' id='word_1_359' title='bbox 744 3451 975 3529; x_wconf 88' lang='lat' dir='ltr'>argumentum</span> <span class='ocrx_word' id='word_1_360' title='bbox 985 3466 1052 3513; x_wconf 92' lang='lat' dir='ltr'>non</span> <span class='ocrx_word' id='word_1_361' title='bbox 1062 3449 1167 3513; x_wconf 83' lang='lat' dir='ltr'>valet:</span> <span class='ocrx_word' id='word_1_362' title='bbox 1264 3448 1314 3513; x_wconf 81' lang='lat' dir='ltr'>Ad</span> <span class='ocrx_word' id='word_1_363' title='bbox 1339 3449 1417 3514; x_wconf 89' lang='lat' dir='ltr'>illud</span> <span class='ocrx_word' id='word_1_364' title='bbox 1435 3448 1521 3532; x_wconf 84' lang='lat' dir='ltr'>quod</span> <span class='ocrx_word' id='word_1_365' title='bbox 1542 3448 1703 3531; x_wconf 78' lang='lat' dir='ltr'>objicitur,</span> <span class='ocrx_word' id='word_1_366' title='bbox 1728 3451 1819 3534; x_wconf 82' lang='lat' dir='ltr'>quod</span> <span class='ocrx_word' id='word_1_367' title='bbox 1837 3453 1923 3518; x_wconf 88' lang='lat' dir='ltr'>idem</span> <span class='ocrx_word' id='word_1_368' title='bbox 1942 3459 1977 3518; x_wconf 61' lang='grc' dir='ltr'><em>α</em></span> 
     </span>
     <span class='ocr_line' id='line_1_31' title="bbox 403 3555 1976 3644; baseline 0.002 -22"><span class='ocrx_word' id='word_1_369' title='bbox 403 3557 551 3641; x_wconf 64' lang='lat' dir='ltr'>quam</span> <span class='ocrx_word' id='word_1_370' title='bbox 570 3556 659 3621; x_wconf 92' lang='lat' dir='ltr'>enim</span> <span class='ocrx_word' id='word_1_371' title='bbox 681 3556 815 3621; x_wconf 91' lang='lat' dir='ltr'>omnino</span> <span class='ocrx_word' id='word_1_372' title='bbox 839 3556 881 3619; x_wconf 90' lang='lat' dir='ltr'>sit</span> <span class='ocrx_word' id='word_1_373' title='bbox 897 3556 983 3620; x_wconf 87' lang='lat' dir='ltr'>idem</span> <span class='ocrx_word' id='word_1_374' title='bbox 999 3555 1035 3619; x_wconf 93' lang='lat' dir='ltr'>in</span> <span class='ocrx_word' id='word_1_375' title='bbox 1052 3556 1171 3622; x_wconf 81' lang='lat' dir='ltr'>divinis</span> <span class='ocrx_word' id='word_1_376' title='bbox 1224 3572 1315 3638; x_wconf 87' lang='lat' dir='ltr'>posse</span> <span class='ocrx_word' id='word_1_377' title='bbox 1324 3573 1490 3637; x_wconf 88' lang='lat' dir='ltr'>generare,</span> <span class='ocrx_word' id='word_1_378' title='bbox 1502 3560 1535 3621; x_wconf 88' lang='lat' dir='ltr'>et</span> <span class='ocrx_word' id='word_1_379' title='bbox 1545 3557 1710 3638; x_wconf 84' lang='lat' dir='ltr'>generari3</span> <span class='ocrx_word' id='word_1_380' title='bbox 1723 3557 1896 3625; x_wconf 76' lang='lat' dir='ltr'>dioendum</span> <span class='ocrx_word' id='word_1_381' title='bbox 1906 3559 1976 3644; x_wconf 81' lang='lat' dir='ltr'>quod</span> 
     </span>
     <span class='ocr_line' id='line_1_32' title="bbox 405 3662 1975 3753; baseline 0.001 -21"><span class='ocrx_word' id='word_1_382' title='bbox 405 3681 470 3732; x_wconf 86' lang='lat' dir='ltr'>esse</span> <span class='ocrx_word' id='word_1_383' title='bbox 477 3714 488 3747; x_wconf 86' lang='lat'>,</span> <span class='ocrx_word' id='word_1_384' title='bbox 509 3668 541 3730; x_wconf 89' lang='lat' dir='ltr'>et</span> <span class='ocrx_word' id='word_1_385' title='bbox 563 3680 628 3731; x_wconf 86' lang='lat' dir='ltr'>esse</span> <span class='ocrx_word' id='word_1_386' title='bbox 646 3670 790 3747; x_wconf 70' lang='lat' dir='ltr'>patrem:</span> <span class='ocrx_word' id='word_1_387' title='bbox 810 3681 876 3728; x_wconf 91' lang='lat' dir='ltr'>non</span> <span class='ocrx_word' id='word_1_388' title='bbox 893 3666 1002 3728; x_wconf 90' lang='lat' dir='ltr'>tamen</span> <span class='ocrx_word' id='word_1_389' title='bbox 1024 3665 1171 3753; x_wconf 86' lang='lat' dir='ltr'>sequitur</span> <span class='ocrx_word' id='word_1_390' title='bbox 1223 3679 1290 3727; x_wconf 90' lang='lat' dir='ltr'>non</span> <span class='ocrx_word' id='word_1_391' title='bbox 1302 3662 1398 3728; x_wconf 86' lang='lat' dir='ltr'>valet.</span> <span class='ocrx_word' id='word_1_392' title='bbox 1420 3662 1573 3741; x_wconf 82' lang='lat' dir='ltr'>Quamvis</span> <span class='ocrx_word' id='word_1_393' title='bbox 1588 3664 1677 3728; x_wconf 89' lang='lat' dir='ltr'>enim</span> <span class='ocrx_word' id='word_1_394' title='bbox 1690 3664 1779 3730; x_wconf 88' lang='lat' dir='ltr'>idem</span> <span class='ocrx_word' id='word_1_395' title='bbox 1791 3667 1832 3732; x_wconf 87' lang='lat' dir='ltr'>sit</span> <span class='ocrx_word' id='word_1_396' title='bbox 1843 3671 1877 3732; x_wconf 87' lang='lat' dir='ltr'>et</span> <span class='ocrx_word' id='word_1_397' title='bbox 1891 3667 1975 3742; x_wconf 76' lang='lat' dir='ltr'>Pater,</span> 
     </span>
     <span class='ocr_line' id='line_1_33' title="bbox 404 3769 1976 3859; baseline -0.001 -20"><span class='ocrx_word' id='word_1_398' title='bbox 404 3774 510 3857; x_wconf 84' lang='lat' dir='ltr'>quod,</span> <span class='ocrx_word' id='word_1_399' title='bbox 532 3773 642 3839; x_wconf 85' lang='lat' dir='ltr'>siesse</span> <span class='ocrx_word' id='word_1_400' title='bbox 661 3777 789 3856; x_wconf 81' lang='lat' dir='ltr'>patrem</span> <span class='ocrx_word' id='word_1_401' title='bbox 810 3775 856 3835; x_wconf 85' lang='lat' dir='ltr'>est</span> <span class='ocrx_word' id='word_1_402' title='bbox 875 3770 1062 3854; x_wconf 88' lang='lat' dir='ltr'>proprium,</span> <span class='ocrx_word' id='word_1_403' title='bbox 1083 3772 1170 3854; x_wconf 89' lang='lat' dir='ltr'>quod</span> <span class='ocrx_word' id='word_1_404' title='bbox 1224 3774 1257 3834; x_wconf 90' lang='lat' dir='ltr'>et</span> <span class='ocrx_word' id='word_1_405' title='bbox 1270 3769 1461 3850; x_wconf 86' lang='lat' dir='ltr'>substantia,</span> <span class='ocrx_word' id='word_1_406' title='bbox 1481 3789 1547 3835; x_wconf 91' lang='lat' dir='ltr'>non</span> <span class='ocrx_word' id='word_1_407' title='bbox 1564 3773 1673 3836; x_wconf 87' lang='lat' dir='ltr'>tamen</span> <span class='ocrx_word' id='word_1_408' title='bbox 1691 3774 1841 3857; x_wconf 86' lang='lat' dir='ltr'>sequitur</span> <span class='ocrx_word' id='word_1_409' title='bbox 1857 3774 1976 3859; x_wconf 84' lang='lat' dir='ltr'>quodsi</span> 
     </span>
     <span class='ocr_line' id='line_1_34' title="bbox 404 3874 1975 3964; baseline -0.003 -16"><span class='ocrx_word' id='word_1_410' title='bbox 404 3897 471 3949; x_wconf 83' lang='lat' dir='ltr'>esse</span> <span class='ocrx_word' id='word_1_411' title='bbox 492 3881 534 3944; x_wconf 84' lang='lat' dir='ltr'>ait</span> <span class='ocrx_word' id='word_1_412' title='bbox 557 3880 736 3964; x_wconf 89' lang='lat' dir='ltr'>proprium.</span> <span class='ocrx_word' id='word_1_413' title='bbox 764 3877 915 3944; x_wconf 83' lang='lat' dir='ltr'>Similiter</span> <span class='ocrx_word' id='word_1_414' title='bbox 938 3878 1110 3945; x_wconf 79' lang='lat' dir='ltr'>dicendum</span> <span class='ocrx_word' id='word_1_415' title='bbox 1135 3880 1172 3944; x_wconf 92' lang='lat' dir='ltr'>in</span> <span class='ocrx_word' id='word_1_416' title='bbox 1225 3874 1318 3942; x_wconf 90' lang='lat' dir='ltr'>Pater</span> <span class='ocrx_word' id='word_1_417' title='bbox 1326 3876 1441 3941; x_wconf 85' lang='lat' dir='ltr'>dieitur</span> <span class='ocrx_word' id='word_1_418' title='bbox 1454 3876 1975 3962; x_wconf 52' lang='lat' dir='ltr'>addiqutdfflmdetsubstantis:</span> 
     </span>
     <span class='ocr_line' id='line_1_35' title="bbox 402 3982 1701 4073; baseline 0 -20"><span class='ocrx_word' id='word_1_419' title='bbox 402 3988 575 4073; x_wconf 87' lang='lat' dir='ltr'>proposito.</span> <span class='ocrx_word' id='word_1_420' title='bbox 1224 3982 1306 4048; x_wconf 88' lang='lat' dir='ltr'>sicut</span> <span class='ocrx_word' id='word_1_421' title='bbox 1318 3984 1433 4049; x_wconf 90' lang='lat' dir='ltr'>melius</span> <span class='ocrx_word' id='word_1_422' title='bbox 1449 3986 1568 4067; x_wconf 87' lang='lat' dir='ltr'>patebit</span> <span class='ocrx_word' id='word_1_423' title='bbox 1579 3986 1664 4052; x_wconf 86' lang='lat' dir='ltr'>inira</span> <span class='ocrx_word' id='word_1_424' title='bbox 1678 3988 1701 4053; x_wconf 85' lang='lat'>¹.</span> 
     </span>
     <span class='ocr_line' id='line_1_36' title="bbox 414 4089 1974 4180; baseline 0.003 -20"><span class='ocrx_word' id='word_1_425' title='bbox 414 4093 921 4179; x_wconf 77' lang='lat' dir='ltr'>.t.Adi11udquodoojieiturde</span> <span class='ocrx_word' id='word_1_426' title='bbox 932 4093 1072 4175; x_wconf 84' lang='lat' dir='ltr'>scientia,</span> <span class='ocrx_word' id='word_1_427' title='bbox 1082 4098 1168 4180; x_wconf 86' lang='lat' dir='ltr'>quod</span> <span class='ocrx_word' id='word_1_428' title='bbox 1264 4089 1524 4158; x_wconf 74' lang='lat' dir='ltr'>Duabusultimis</span> <span class='ocrx_word' id='word_1_429' title='bbox 1535 4094 1974 4164; x_wconf 74' lang='lat' dir='ltr'>muomnusdifflciteathne</span> 
     </span>
     <span class='ocr_line' id='line_1_37' title="bbox 402 4198 1974 4288; baseline 0.001 -20"><span class='ocrx_word' id='word_1_430' title='bbox 402 4204 478 4272; x_wconf 87' lang='lat' dir='ltr'>dieit</span> <span class='ocrx_word' id='word_1_431' title='bbox 496 4202 595 4288; x_wconf 82' lang='lat' dir='ltr'>quid,</span> <span class='ocrx_word' id='word_1_432' title='bbox 618 4203 684 4268; x_wconf 87' lang='lat' dir='ltr'>sive</span> <span class='ocrx_word' id='word_1_433' title='bbox 705 4220 763 4286; x_wconf 92' lang='lat' dir='ltr'>per</span> <span class='ocrx_word' id='word_1_434' title='bbox 785 4219 819 4268; x_wconf 91' lang='lat' dir='ltr'>se</span> <span class='ocrx_word' id='word_1_435' title='bbox 841 4202 979 4283; x_wconf 78' lang='lat' dir='ltr'>dicatur,</span> <span class='ocrx_word' id='word_1_436' title='bbox 1002 4204 1071 4270; x_wconf 87' lang='lat' dir='ltr'>sive</span> <span class='ocrx_word' id='word_1_437' title='bbox 1095 4224 1168 4271; x_wconf 88' lang='lat' dir='ltr'>eum</span> <span class='ocrx_word' id='word_1_438' title='bbox 1224 4198 1428 4281; x_wconf 76' lang='lat' dir='ltr'>respondere;</span> <span class='ocrx_word' id='word_1_439' title='bbox 1444 4203 1552 4264; x_wconf 89' lang='lat' dir='ltr'>tamen</span> <span class='ocrx_word' id='word_1_440' title='bbox 1567 4202 1758 4285; x_wconf 78' lang='lat' dir='ltr'>potestquis</span> <span class='ocrx_word' id='word_1_441' title='bbox 1771 4203 1974 4288; x_wconf 63' lang='lat' dir='ltr'>uicemque</span> 
     </span>
     <span class='ocr_line' id='line_1_38' title="bbox 402 4304 1973 4395; baseline -0.001 -16"><span class='ocrx_word' id='word_1_442' title='bbox 402 4314 479 4395; x_wconf 84' lang='lat' dir='ltr'>ali03</span> <span class='ocrx_word' id='word_1_443' title='bbox 510 4312 695 4389; x_wconf 83' lang='lat' dir='ltr'>dicendum,</span> <span class='ocrx_word' id='word_1_444' title='bbox 722 4311 808 4395; x_wconf 86' lang='lat' dir='ltr'>quod</span> <span class='ocrx_word' id='word_1_445' title='bbox 836 4329 904 4376; x_wconf 90' lang='lat' dir='ltr'>non</span> <span class='ocrx_word' id='word_1_446' title='bbox 930 4314 977 4376; x_wconf 87' lang='lat' dir='ltr'>est</span> <span class='ocrx_word' id='word_1_447' title='bbox 998 4312 1104 4379; x_wconf 90' lang='lat' dir='ltr'>simile</span> <span class='ocrx_word' id='word_1_448' title='bbox 1131 4315 1171 4379; x_wconf 89' lang='lat' dir='ltr'>de</span> <span class='ocrx_word' id='word_1_449' title='bbox 1224 4306 1362 4370; x_wconf 71' lang='lat' dir='ltr'>rationes</span> <span class='ocrx_word' id='word_1_450' title='bbox 1374 4304 1438 4370; x_wconf 74' lang='lat' dir='ltr'>illae</span> <span class='ocrx_word' id='word_1_451' title='bbox 1453 4324 1520 4371; x_wconf 80' lang='lat' dir='ltr'>non</span> <span class='ocrx_word' id='word_1_452' title='bbox 1536 4307 1732 4373; x_wconf 71' lang='lat' dir='ltr'>concludunt</span> <span class='ocrx_word' id='word_1_453' title='bbox 1748 4311 1838 4392; x_wconf 80' lang='lat' dir='ltr'>quod</span> <span class='ocrx_word' id='word_1_454' title='bbox 1854 4310 1973 4394; x_wconf 74' lang='lat' dir='ltr'>potantis</span> 
     </span>
     <span class='ocr_line' id='line_1_39' title="bbox 401 4410 1971 4504; baseline -0.006 -18"><span class='ocrx_word' id='word_1_455' title='bbox 401 4421 531 4487; x_wconf 85' lang='lat' dir='ltr'>seientia</span> <span class='ocrx_word' id='word_1_456' title='bbox 540 4425 572 4486; x_wconf 91' lang='lat' dir='ltr'>et</span> <span class='ocrx_word' id='word_1_457' title='bbox 583 4420 734 4504; x_wconf 88' lang='lat' dir='ltr'>potentia.</span> <span class='ocrx_word' id='word_1_458' title='bbox 749 4416 887 4484; x_wconf 79' lang='lat' dir='ltr'>Scientia</span> <span class='ocrx_word' id='word_1_459' title='bbox 896 4418 994 4499; x_wconf 89' lang='lat' dir='ltr'>enim,</span> <span class='ocrx_word' id='word_1_460' title='bbox 1008 4424 1169 4504; x_wconf 85' lang='lat' dir='ltr'>quantum</span> <span class='ocrx_word' id='word_1_461' title='bbox 1224 4411 1307 4477; x_wconf 72' lang='lat' dir='ltr'>dieat</span> <span class='ocrx_word' id='word_1_462' title='bbox 1327 4410 1373 4479; x_wconf 81' lang='lat' dir='ltr'>ad</span> <span class='ocrx_word' id='word_1_463' title='bbox 1391 4411 1521 4494; x_wconf 55' lang='lat' dir='ltr'>mutet</span> <span class='ocrx_word' id='word_1_464' title='bbox 1539 4413 1579 4480; x_wconf 88' lang='lat' dir='ltr'>de</span> <span class='ocrx_word' id='word_1_465' title='bbox 1600 4433 1649 4493; x_wconf 89' lang='lat' dir='ltr'>se;</span> <span class='ocrx_word' id='word_1_466' title='bbox 1669 4414 1726 4480; x_wconf 87' lang='lat' dir='ltr'>sed</span> <span class='ocrx_word' id='word_1_467' title='bbox 1746 4415 1853 4482; x_wconf 87' lang='lat' dir='ltr'>solum</span> <span class='ocrx_word' id='word_1_468' title='bbox 1868 4417 1971 4483; x_wconf 73' lang='lat' dir='ltr'>reione</span> 
     </span>
     <span class='ocr_line' id='line_1_40' title="bbox 401 4518 1970 4610; baseline -0.004 -15"><span class='ocrx_word' id='word_1_469' title='bbox 401 4530 495 4595; x_wconf 88' lang='lat' dir='ltr'>estde</span> <span class='ocrx_word' id='word_1_470' title='bbox 504 4548 549 4610; x_wconf 90' lang='lat' dir='ltr'>se,</span> <span class='ocrx_word' id='word_1_471' title='bbox 557 4527 632 4593; x_wconf 81' lang='lat' dir='ltr'>dicit</span> <span class='ocrx_word' id='word_1_472' title='bbox 640 4525 826 4610; x_wconf 86' lang='lat' dir='ltr'>qualitatem</span> <span class='ocrx_word' id='word_1_473' title='bbox 834 4527 1076 4608; x_wconf 81' lang='lat' dir='ltr'>absolutam3et</span> <span class='ocrx_word' id='word_1_474' title='bbox 1084 4529 1168 4608; x_wconf 84' lang='lat' dir='ltr'>ideo,</span> <span class='ocrx_word' id='word_1_475' title='bbox 1224 4518 1382 4602; x_wconf 70' lang='lat' dir='ltr'>adjuncti,</span> <span class='ocrx_word' id='word_1_476' title='bbox 1412 4520 1499 4604; x_wconf 78' lang='lat' dir='ltr'>quod</span> <span class='ocrx_word' id='word_1_477' title='bbox 1523 4526 1571 4587; x_wconf 76' lang='lat' dir='ltr'>est</span> <span class='ocrx_word' id='word_1_478' title='bbox 1594 4539 1751 4604; x_wconf 67' lang='lat' dir='ltr'>generm</span> <span class='ocrx_word' id='word_1_479' title='bbox 1778 4546 1786 4590; x_wconf 93' lang='lat'><strong>:</strong></span> <span class='ocrx_word' id='word_1_480' title='bbox 1816 4530 1849 4590; x_wconf 84' lang='lat' dir='ltr'>et</span> <span class='ocrx_word' id='word_1_481' title='bbox 1867 4524 1910 4589; x_wconf 78' lang='lat' dir='ltr'>sie</span> <span class='ocrx_word' id='word_1_482' title='bbox 1924 4541 1970 4606; x_wconf 77' lang='lat' dir='ltr'>pt-</span> 
     </span>
     <span class='ocr_line' id='line_1_41' title="bbox 402 4629 1385 4720; baseline -0.012 -18"><span class='ocrx_word' id='word_1_483' title='bbox 402 4640 560 4720; x_wconf 89' lang='lat' dir='ltr'>quantum</span> <span class='ocrx_word' id='word_1_484' title='bbox 577 4637 625 4699; x_wconf 89' lang='lat' dir='ltr'>est</span> <span class='ocrx_word' id='word_1_485' title='bbox 643 4634 683 4699; x_wconf 91' lang='lat' dir='ltr'>de</span> <span class='ocrx_word' id='word_1_486' title='bbox 700 4651 748 4713; x_wconf 90' lang='lat' dir='ltr'>se,</span> <span class='ocrx_word' id='word_1_487' title='bbox 764 4651 888 4717; x_wconf 91' lang='lat' dir='ltr'>semper</span> <span class='ocrx_word' id='word_1_488' title='bbox 905 4635 981 4699; x_wconf 81' lang='lat' dir='ltr'>dicit</span> <span class='ocrx_word' id='word_1_489' title='bbox 998 4636 1091 4719; x_wconf 78' lang='lat' dir='ltr'>quid,</span> <span class='ocrx_word' id='word_1_490' title='bbox 1106 4637 1170 4701; x_wconf 89' lang='lat' dir='ltr'>nisi</span> <span class='ocrx_word' id='word_1_491' title='bbox 1224 4629 1307 4705; x_wconf 81' lang='lat' dir='ltr'>tent,</span> <span class='ocrx_word' id='word_1_492' title='bbox 1324 4629 1385 4692; x_wconf 87' lang='lat' dir='ltr'>ete.</span> 
     </span>
    </p>

    <p class='ocr_par' dir='ltr' id='par_1_7' title="bbox 401 4735 1729 4839">
     <span class='ocr_line' id='line_1_42' title="bbox 401 4735 1729 4839; baseline 0.002 -36"><span class='ocrx_word' id='word_1_493' title='bbox 401 4739 547 4805; x_wconf 88' lang='lat' dir='ltr'>trahatur</span> <span class='ocrx_word' id='word_1_494' title='bbox 562 4735 847 4821; x_wconf 72' lang='lat' dir='ltr'>(atzsedpotentia</span> <span class='ocrx_word' id='word_1_495' title='bbox 857 4736 932 4801; x_wconf 85' lang='lat' dir='ltr'>dicit</span> <span class='ocrx_word' id='word_1_496' title='bbox 946 4738 1169 4805; x_wconf 86' lang='lat' dir='ltr'>habitudinem</span> <span class='ocrx_word' id='word_1_497' title='bbox 1489 4759 1667 4839; x_wconf 70' lang='lat' dir='ltr'>Quppgppo</span> <span class='ocrx_word' id='word_1_498' title='bbox 1688 4762 1729 4829; x_wconf 47' lang='grc' dir='ltr'>Π,</span> 
     </span>
    </p>

    <p class='ocr_par' dir='ltr' id='par_1_8' title="bbox 402 4791 2037 5257">
     <span class='ocr_line' id='line_1_43' title="bbox 403 4791 2037 4934; baseline 0.001 -22"><span class='ocrx_word' id='word_1_499' title='bbox 403 4851 434 4912; x_wconf 87' lang='lat' dir='ltr'>et</span> <span class='ocrx_word' id='word_1_500' title='bbox 446 4846 622 4929; x_wconf 88' lang='lat' dir='ltr'>originem;</span> <span class='ocrx_word' id='word_1_501' title='bbox 638 4848 670 4910; x_wconf 92' lang='lat' dir='ltr'>et</span> <span class='ocrx_word' id='word_1_502' title='bbox 682 4844 754 4909; x_wconf 87' lang='lat' dir='ltr'>ideo</span> <span class='ocrx_word' id='word_1_503' title='bbox 769 4848 872 4928; x_wconf 87' lang='lat' dir='ltr'>potest</span> <span class='ocrx_word' id='word_1_504' title='bbox 885 4844 988 4911; x_wconf 84' lang='lat' dir='ltr'>dicere</span> <span class='ocrx_word' id='word_1_505' title='bbox 1005 4845 1171 4913; x_wconf 87' lang='lat' dir='ltr'>habitudi-</span> <span class='ocrx_word' id='word_1_506' title='bbox 1491 4916 1497 4929; x_wconf 67' lang='grc'><strong>,</strong></span> <span class='ocrx_word' id='word_1_507' title='bbox 1668 4920 1674 4933; x_wconf 54' lang='lat'>‚</span> <span class='ocrx_word' id='word_1_508' title='bbox 1706 4921 1712 4932; x_wconf 47' lang='grc'><em>,</em></span> <span class='ocrx_word' id='word_1_509' title='bbox 1746 4921 1753 4934; x_wconf 51' lang='grc'><strong>,</strong></span> <span class='ocrx_word' id='word_1_510' title='bbox 1813 4923 1842 4934; x_wconf 38' lang='grc' dir='ltr'>Η</span> <span class='ocrx_word' id='word_1_511' title='bbox 2035 4791 2037 4932; x_wconf 51' lang='lat' dir='ltr'><em>A</em></span> 
     </span>
     <span class='ocr_line' id='line_1_44' title="bbox 402 4915 2036 5037; baseline 0.001 -18"><span class='ocrx_word' id='word_1_512' title='bbox 402 4973 477 5032; x_wconf 83' lang='lat' dir='ltr'>nem</span> <span class='ocrx_word' id='word_1_513' title='bbox 501 4953 678 5037; x_wconf 85' lang='lat' dir='ltr'>propriam,</span> <span class='ocrx_word' id='word_1_514' title='bbox 706 4957 739 5017; x_wconf 90' lang='lat' dir='ltr'>et</span> <span class='ocrx_word' id='word_1_515' title='bbox 760 4969 904 5035; x_wconf 83' lang='lat' dir='ltr'>personae</span> <span class='ocrx_word' id='word_1_516' title='bbox 926 4951 967 5016; x_wconf 87' lang='lat' dir='ltr'>ad</span> <span class='ocrx_word' id='word_1_517' title='bbox 986 4971 1168 5037; x_wconf 88' lang='lat' dir='ltr'>personam.</span> <span class='ocrx_word' id='word_1_518' title='bbox 1331 4916 1673 4989; x_wconf 50' lang='lat' dir='ltr'>”mmmmm</span> <span class='ocrx_word' id='word_1_519' title='bbox 1685 4923 1725 4976; x_wconf 57' lang='grc' dir='ltr'><strong><em>Μ</em></strong></span> <span class='ocrx_word' id='word_1_520' title='bbox 1738 4936 1771 4976; x_wconf 72' lang='lat'>”²</span> <span class='ocrx_word' id='word_1_521' title='bbox 1784 4915 1884 4976; x_wconf 57' lang='lat' dir='ltr'>W·</span> <span class='ocrx_word' id='word_1_522' title='bbox 2035 4937 2036 4988; x_wconf 57' lang='lat'>¹</span> 
     </span>
     <span class='ocr_line' id='line_1_45' title="bbox 403 5059 1966 5152; baseline 0.004 -24"><span class='ocrx_word' id='word_1_523' title='bbox 403 5061 492 5128; x_wconf 88' lang='lat' dir='ltr'>Unde</span> <span class='ocrx_word' id='word_1_524' title='bbox 504 5061 586 5126; x_wconf 91' lang='lat' dir='ltr'>illud</span> <span class='ocrx_word' id='word_1_525' title='bbox 597 5060 700 5126; x_wconf 90' lang='lat' dir='ltr'>simile</span> <span class='ocrx_word' id='word_1_526' title='bbox 713 5059 856 5142; x_wconf 84' lang='lat' dir='ltr'>Magistri</span> <span class='ocrx_word' id='word_1_527' title='bbox 876 5077 942 5126; x_wconf 93' lang='lat' dir='ltr'>non</span> <span class='ocrx_word' id='word_1_528' title='bbox 956 5061 1042 5127; x_wconf 85' lang='lat' dir='ltr'>valet</span> <span class='ocrx_word' id='word_1_529' title='bbox 1053 5081 1169 5129; x_wconf 87' lang='lat' dir='ltr'>seeun-</span> <span class='ocrx_word' id='word_1_530' title='bbox 1264 5065 1380 5132; x_wconf 88' lang='lat' dir='ltr'>Utrum</span> <span class='ocrx_word' id='word_1_531' title='bbox 1394 5068 1535 5152; x_wconf 87' lang='lat' dir='ltr'>potentia</span> <span class='ocrx_word' id='word_1_532' title='bbox 1547 5071 1727 5150; x_wconf 84' lang='lat' dir='ltr'>generandi</span> <span class='ocrx_word' id='word_1_533' title='bbox 1744 5073 1786 5137; x_wconf 84' lang='lat' dir='ltr'>sit</span> <span class='ocrx_word' id='word_1_534' title='bbox 1800 5073 1835 5137; x_wconf 93' lang='lat' dir='ltr'>in</span> <span class='ocrx_word' id='word_1_535' title='bbox 1844 5071 1930 5152; x_wconf 82' lang='lat' dir='ltr'>Filio,</span> <span class='ocrx_word' id='word_1_536' title='bbox 1942 5073 1966 5134; x_wconf 84' lang='lat' dir='ltr'>et</span> 
     </span>
     <span class='ocr_line' id='line_1_46' title="bbox 403 5166 1967 5257; baseline 0.006 -22"><span class='ocrx_word' id='word_1_537' title='bbox 403 5170 483 5235; x_wconf 89' lang='lat' dir='ltr'>dum</span> <span class='ocrx_word' id='word_1_538' title='bbox 493 5169 577 5234; x_wconf 88' lang='lat' dir='ltr'>hane</span> <span class='ocrx_word' id='word_1_539' title='bbox 599 5168 804 5251; x_wconf 88' lang='lat' dir='ltr'>positionem,</span> <span class='ocrx_word' id='word_1_540' title='bbox 825 5166 927 5250; x_wconf 85' lang='lat' dir='ltr'>quod,</span> <span class='ocrx_word' id='word_1_541' title='bbox 942 5167 1024 5234; x_wconf 87' lang='lat' dir='ltr'>sieut</span> <span class='ocrx_word' id='word_1_542' title='bbox 1036 5189 1103 5235; x_wconf 93' lang='lat' dir='ltr'>una</span> <span class='ocrx_word' id='word_1_543' title='bbox 1124 5175 1171 5237; x_wconf 87' lang='lat' dir='ltr'>est</span> <span class='ocrx_word' id='word_1_544' title='bbox 1224 5174 1311 5257; x_wconf 86' lang='lat' dir='ltr'>quod</span> <span class='ocrx_word' id='word_1_545' title='bbox 1323 5174 1387 5252; x_wconf 88' lang='lat' dir='ltr'>sie,</span> <span class='ocrx_word' id='word_1_546' title='bbox 1408 5175 1536 5241; x_wconf 83' lang='lat' dir='ltr'>videtur</span> <span class='ocrx_word' id='word_1_547' title='bbox 1553 5178 1799 5246; x_wconf 80' lang='lat' dir='ltr'>auetoritafibus</span> <span class='ocrx_word' id='word_1_548' title='bbox 1813 5186 1845 5247; x_wconf 89' lang='lat' dir='ltr'>et</span> <span class='ocrx_word' id='word_1_549' title='bbox 1859 5176 1967 5245; x_wconf 70' lang='lat' dir='ltr'>ratim&#39;r</span> 
     </span>
    </p>
   </div>
   <div class='ocr_carea' id='block_1_4' title="bbox 438 5280 1963 5475">
    <p class='ocr_par' dir='ltr' id='par_1_9' title="bbox 438 5280 1963 5475">
     <span class='ocr_line' id='line_1_47' title="bbox 438 5280 1296 5379; baseline -0.014 -13"><span class='ocrx_word' id='word_1_550' title='bbox 438 5313 621 5376; x_wconf 61' lang='lat' dir='ltr'>mistura,</span> <span class='ocrx_word' id='word_1_551' title='bbox 636 5325 662 5377; x_wconf 88' lang='lat' dir='ltr'>q.</span> <span class='ocrx_word' id='word_1_552' title='bbox 673 5310 824 5376; x_wconf 80' lang='lat' dir='ltr'>rrr.-²cs.</span> <span class='ocrx_word' id='word_1_553' title='bbox 839 5313 867 5363; x_wconf 76' lang='lat' dir='ltr'>S·</span> <span class='ocrx_word' id='word_1_554' title='bbox 878 5310 980 5376; x_wconf 77' lang='lat' dir='ltr'>Thoan,</span> <span class='ocrx_word' id='word_1_555' title='bbox 994 5327 1020 5377; x_wconf 87' lang='lat' dir='ltr'>p.</span> <span class='ocrx_word' id='word_1_556' title='bbox 1034 5314 1060 5379; x_wconf 83' lang='lat' dir='ltr'>t,</span> <span class='ocrx_word' id='word_1_557' title='bbox 1073 5327 1099 5378; x_wconf 81' lang='lat' dir='ltr'>q,</span> <span class='ocrx_word' id='word_1_558' title='bbox 1109 5324 1169 5379; x_wconf 79' lang='lat' dir='ltr'>m,</span> <span class='ocrx_word' id='word_1_559' title='bbox 1223 5280 1296 5346; x_wconf 65' lang='lat' dir='ltr'>hus·</span> 
     </span>
     <span class='ocr_line' id='line_1_48' title="bbox 438 5399 1963 5475; baseline -0.005 -7"><span class='ocrx_word' id='word_1_560' title='bbox 438 5399 1168 5469; x_wconf 65' lang='lat' dir='ltr'>tatSurri-edmrsonam.-tttsc1.v.persona,meoo0o.</span> <span class='ocrx_word' id='word_1_561' title='bbox 1223 5407 1963 5475; x_wconf 58' lang='lat' dir='ltr'>art.s,etrsent.,mt.v11‚q.n‚nauatam</span> 
     </span>
    </p>
   </div>
   <div class='ocr_carea' id='block_1_5' title="bbox 0 0 2054 6295">
    <p class='ocr_par' dir='ltr' id='par_1_10' title="bbox 0 0 2054 6295">
     <span class='ocr_line' id='line_1_49' title="bbox 0 0 2054 6295; baseline 0 0"><span class='ocrx_word' id='word_1_562' title='bbox 0 0 2054 6295; x_wconf 95' lang='lat' dir='ltr'> </span> 
     </span>
    </p>
   </div>
  </div>
 </body>
</html>
