4100 6300
695 414 1029 532 cremnensium.
1595 469 1655 531 eoo

50 618 60 645 ³
78 601 266 695 «Quidquid
288 600 469 670 seeundum
487 600 663 692 qualitates
682 600 717 668 in
737 600 796 669 illa
816 600 957 692 simplici
976 608 1096 669 natura
1115 599 1180 668 dici
1193 599 1335 685 ridetur,
1350 598 1531 668 secundum
1545 622 1653 668 essen·
1666 619 1708 663 sne
1719 635 1774 677 pre·

47 746 50 752 ⁴
75 723 145 791 tiam
158 728 204 788 est
215 718 481 806 intelligendum,
497 724 534 784 ut
547 718 666 803 bonus,
677 740 827 807 magnus,
839 717 1047 803 immortalis,
1062 718 1202 809 sapiens,
1214 717 1366 806 diligens,
1376 716 1648 808 ethujusmodi.u
1671 684 1768 803 iiiiii:

34 820 46 863 ³³
72 839 205 929 ideoque
219 836 245 903 si
258 836 356 903 Pater
369 834 421 902 vel
436 833 542 902 Filius
555 833 664 923 diligit
677 856 736 925 per
749 833 910 925 Spiritum
925 843 1093 919 sanctum,
1107 833 1286 925 peripsum
1302 832 1461 925 Spiritum
1477 855 1544 901 esse
1562 834 1651 901 ride-
1666 806 1774 916 'diiii

34 950 53 973 '⁷
73 964 146 1023 tur:
162 975 266 1043 neque
280 958 410 1019 tantum
425 950 564 1018 essentia
577 974 637 1017 sua
651 950 772 1039 diligit,
789 949 955 1018 sedetiam
970 949 1070 1019 dono.
1666 931 1767 1042 ,ffss’ssffl

42 1080 46 1085 '
112 1070 194 1138 Huic
211 1068 404 1160 quaestioni,
419 1090 495 1136 cum
514 1066 723 1136 altitudinem
744 1066 853 1135 nimiae
870 1066 1103 1158 profunditatis
1115 1066 1292 1152 contineat,
1308 1066 1339 1135 id
1355 1066 1462 1135 solum
1478 1066 1653 1157 responde·
1676 1075 1765 1192 ,cdiii

34 1190 35 1193 ’
71 1211 157 1272 mus,
180 1185 268 1275 quod
287 1185 496 1274 Augustinus
514 1183 699 1273 siguificare
723 1183 864 1269 videtur,
880 1183 1001 1251 seilicet
1022 1182 1112 1275 quod
1131 1183 1230 1251 Pater
1243 1191 1275 1252 et
1288 1182 1394 1251 Filius
1407 1205 1440 1250 se
1454 1183 1606 1271 diligant,
1623 1189 1656 1250 et
1668 1200 1774 1305 ippotppi·

34 1302 45 1387 j
70 1304 224 1372 unitatem
246 1309 376 1369 servent
389 1323 456 1369 non
470 1300 578 1368 solum
592 1300 730 1368 essentia
748 1322 807 1368 sua
822 1352 830 1385 ,
847 1298 902 1367 sed
918 1322 978 1367 suo
992 1299 1079 1367 dono
1092 1300 1225 1391 proprio
1241 1326 1249 1366 ε
1265 1299 1355 1391 quod
1369 1299 1444 1367 licet
1457 1320 1558 1388 supra
1570 1319 1656 1390 posi·
1682 1325 1758 1366 sums.

34 1414 38 1418 ’
70 1428 137 1488 tum
150 1418 204 1504 sit,
219 1418 336 1485 iterare
351 1425 461 1484 tamen
475 1438 543 1483 non
557 1416 658 1508 piget,
674 1415 753 1508 quia
767 1416 812 1483 sic
826 1415 967 1506 expedit.
982 1415 1040 1483 Ait
1053 1437 1131 1506 ergo
1145 1416 1352 1505 Augustinus
1365 1415 1401 1483 in
1415 1423 1505 1484 sexto
1517 1413 1603 1483 libro
1616 1413 1657 1482 de
1670 1399 1776 1506 Ῑᾞῗηζῖ

73 1535 231 1603 Τήπὶῖαῖθ
244 1550 267 1621 ¹,
282 1534 329 1602 ita
347 1558 354 1600 :
375 1532 616 1601 «Manifestum
631 1532 780 1623 estquod
795 1555 862 1600 non
877 1530 998 1623 aliquis
1011 1531 1156 1600 dirorum
1168 1538 1227 1616 est,
1244 1554 1311 1623 quo
1329 1526 1656 1623 uterque'conjungi-
1670 1526 1775 1631 ’ἵζ’ζζζ

68 1662 132 1737 tur,
150 1674 218 1743 quo
232 1650 364 1741 genitus
381 1649 570 1739 egignente
584 1648 754 1737 diligatur,
770 1649 1018 1739 genitoremque
1037 1671 1136 1715 suum
1156 1647 1284 1736 diligat,
1300 1648 1432 1740 sintque
1450 1670 1516 1715 non
1529 1646 1657 1738 partici-
1672 1639 1778 1747 32⁰3

67 1767 209 1859 petione,
225 1766 281 1835 sed
296 1766 435 1834 essentia
449 1789 522 1850 sua,
540 1787 647 1856 neque
658 1764 745 1832 dono
760 1764 938 1856 superioris
952 1763 1105 1853 alicujus,
1118 1763 1173 1832 sed
1188 1787 1248 1831 sno
1261 1764 1394 1856 proprio
1409 1772 1575 1833 servantes
1585 1762 1659 1831 uni·
1685 1776 1758 1870 ⁰33·

68 1891 164 1951 tatem
180 1882 280 1974 pacis.
295 1908 313 1946 r>
333 1882 413 1949 Ecce
426 1881 479 1948 hic
492 1880 571 1949 dicit
584 1880 673 1972 quod
687 1881 825 1949 essentia
838 1904 915 1966 sna,
931 1889 963 1948 et
978 1879 1066 1949 dono
1084 1903 1144 1949 suo
1166 1889 1297 1949 servant
1317 1880 1488 1949 unitatem.
1514 1881 1604 1948 ldem
1623 1880 1657 1948 in

65 1999 181 2090 quinto
200 1999 328 2068 decimo
341 1997 427 2066 libro
445 1996 485 2065 de
505 1997 668 2065 Irinitute
680 2000 691 2033 ²
705 1997 751 2065 ait
767 2022 774 2064 ε
793 1998 867 2065 «ln
888 1997 947 2065 illa
964 1996 1124 2064 Trinitate
1142 1997 1218 2089 quis
1241 1997 1361 2065 audeat
1380 1997 1505 2085 dicere,
1528 1997 1658 2065 Patrem

65 2138 123 2183 nec
140 2115 286 2202 Filium,
311 2137 373 2182 nec.
385 2113 546 2206 Spiritum
564 2123 714 2182 sanctum
732 2114 885 2203 diligere,
911 2113 975 2181 nisi
993 2136 1050 2204 per
1063 2110 1224 2205 Spiritum
1241 2119 1412 2183 sanctum?
1430 2139 1447 2179 u
1471 2113 1532 2180 Hic
1550 2121 1659 2204 aperte

63 2232 220 2317 ostendit,
231 2232 363 2299 Patrem
373 2253 440 2300 non
455 2238 583 2298 tantum
598 2230 831 2322 perspiritum
844 2238 994 2299 sanctum
1008 2230 1158 2320 diligere,
1170 2254 1237 2299 non
1250 2239 1361 2300 autem
1375 2230 1567 2322 simpliciter
1579 2229 1659 2298 dicit

63 2349 198 2416 Patrem
213 2371 282 2417 non
296 2348 433 2437 diligere
447 2369 506 2439 per
521 2346 684 2435 Spiritum
700 2355 861 2416 sanctum.

106 2465 277 2534 Praeterea
290 2465 466 2554 diligenter
479 2464 671 2552 investigari
684 2470 811 2555 oportet
826 2471 938 2532 utrum
951 2464 1049 2532 Pater
1061 2463 1189 2554 sapiens
1202 2463 1245 2532 sit
1253 2463 1412 2555 sapientia
1421 2486 1520 2555 quem
1531 2461 1656 2552 genuit,
1675 2482 1782 2590 ΡΜ

61 2603 137 2673 quae
152 2589 288 2650 tantum
302 2580 408 2649 Filius
422 2588 482 2649 θεῖ.
498 2580 593 2661 Quod
606 2579 738 2648 videtur
750 2604 770 2647 a
782 2580 885 2648 simili
898 2603 991 2672 posse
1001 2581 1146 2672 probari.
1164 2580 1201 2648 Si
1213 2580 1301 2648 enim
1314 2581 1412 2649 Pater
1427 2580 1536 2669 diligit
1550 2602 1660 2648 amore
1684 2610 1769 2665 „prm

62 2699 122 2790 qui
136 2698 180 2766 ab
196 2699 269 2788 ipsu
282 2697 440 2789 procedit,
456 2719 515 2764 cur
529 2718 595 2764 nou
608 2704 641 2764 et
654 2697 811 2788 sapientia
824 2698 876 2765 vel
890 2696 1127 2786 intelligentia,
1142 2719 1244 2788 quam
1260 2696 1329 2788 ipse
1346 2695 1480 2785 genuit,
1496 2697 1592 2786 sapit,
1607 2696 1661 2764 vel
1675 2672 1783 2791 {2¹:22⁰}ss

61 2814 251 2904 intelligitr
267 2814 359 2881 Hanc
380 2812 596 2904 quaestionem
619 2835 737 2901 urgere
763 2812 906 2899 videtur,
926 2822 964 2880 ut
984 2814 1031 2881 ait
1056 2813 1265 2901 Augustinus
1292 2813 1328 2881 in
1351 2813 1438 2882 libro
1463 2813 1601 2905 septimo
1623 2810 1663 2879 de
1677 2799 1783 2904 ζζζῑῶζζ·

63 2932 237 3000 Τήθθὶῖαῖθ
249 2939 271 3014 ⁸,
287 2929 376 3022 quod
386 2928 513 3020 scripsit
522 2928 712 3020 Apostolus,
728 2929 838 2997 dicens
851 2930 863 2965 ⁸
876 2955 883 2997 :
897 2930 1066 2997 Christum
1076 2929 1138 2997 Dei
1150 2930 1308 2997 uirtutem
1322 2941 1353 2997 θῖ
1364 2929 1425 2998 Dei
1437 2928 1639 3021 sapientiam
1650 2952 1665 3012 ,·
1678 2924 1783 3040 {iffi

58 3050 121 3118 ubi
138 3047 323 3140 quaeritur,
338 3054 453 3114 utrum
472 3044 518 3112 ita
530 3044 572 3112 sit
585 3045 683 3113 Pater
697 3045 864 3136 sapiantiae
877 3055 910 3114 et
922 3046 1055 3115 virtutis
1067 3066 1154 3128 suae,
1170 3052 1209 3113 ut
1221 3045 1283 3114 hac
1295 3045 1455 3137 sapientia
1468 3045 1596 3137 sapiens
1609 3044 1663 3131 sit,
1679 3061 1785 3155 ww·

57 3189 167 3258 quam
184 3164 316 3255 genuit,
334 3171 365 3231 et
384 3161 730 3252 hacvirtutepotens,
746 3163 987 3253 quemgenuit.
1010 3162 1075 3230 Sed
1096 3162 1181 3230 absit
1198 3170 1236 3230 ut
1255 3163 1301 3230 ita
1318 3162 1360 3229 sit
1377 3187 1385 3228 :
1405 3162 1485 3254 quia
1503 3162 1531 3230 si
1545 3163 1606 3230 hoc
1619 3171 1667 3229 est

57 3282 108 3350 ibi
120 3305 195 3351 esse
211 3277 303 3373 quod
317 3301 441 3370 sapere,
450 3275 683 3368 nonperillam
697 3278 903 3369 sapientiam,
918 3301 1020 3370 quam
1034 3278 1161 3367 genuit,
1177 3278 1305 3368 sapiens
1318 3277 1439 3346 dicitur·
1451 3278 1548 3346 Pater
1562 3302 1571 3344 :
1587 3277 1667 3347 alio·

56 3399 148 3491 qnin
160 3421 236 3466 non
253 3397 324 3488 ipsa
338 3395 380 3464 ab
394 3395 466 3480 illo,
481 3394 537 3461 sed
552 3394 609 3462 ille
621 3393 664 3462 ab
681 3386 751 3485 ipsa
764 3403 823 3464 est.
841 3395 877 3463 Si
891 3396 979 3463 enim
994 3394 1153 3486 sapientia
1171 3416 1272 3486 quam
1288 3393 1421 3483 genuit,
1439 3416 1537 3462 causa
1556 3402 1604 3463 θεῖ
1616 3394 1667 3461 illi

56 3524 97 3584 ut
112 3514 256 3607 sapiens
269 3513 329 3598 sit3
355 3511 453 3579 etiam
470 3517 506 3577 ut
520 3509 573 3595 sit,
590 3509 660 3601 ipsa
672 3509 724 3577 illi
737 3533 833 3580 causa
847 3520 915 3580 est:
931 3512 1020 3602 quod
1030 3510 1102 3578 fieri
1115 3534 1182 3579 non
1193 3517 1308 3602 potest,
1321 3509 1384 3577 nisi
1398 3509 1562 3599 gignendo
1576 3533 1666 3596 eum,

55 3639 120 3700 aut
134 3627 298 3700 faciendo
314 3653 322 3695 :
337 3626 393 3695 sed
408 3649 467 3695 nec
483 3625 694 3716 genitricem,
710 3649 770 3695 uec
784 3627 993 3696 conditricem
1014 3627 1122 3696 Patris
1143 3626 1214 3695 ullo
1239 3626 1336 3694 modo
1359 3625 1535 3717 quisquam
1550 3625 1669 3694 dixerit

53 3747 270 3840 sapientiam
287 3769 295 3812 ε
311 3742 392 3835 quid
414 3742 501 3811 enim
517 3750 564 3809 est
577 3742 750 3810 insanius?
763 3743 850 3832 Ergo
865 3752 897 3812 et
909 3744 1007 3812 Pater
1020 3744 1091 3834 ipsa
1104 3741 1263 3834 sapientie
1277 3750 1346 3826 est,
1368 3742 1448 3833 quia
1461 3740 1589 3831 sapiens
1608 3748 1666 3809 est.

55 3863 180 3931 Filius
195 3883 279 3930 vero
293 3860 414 3928 dicitur
430 3857 588 3949 sapientie
600 3858 729 3945 Patris,
744 3867 776 3927 θῖ
789 3861 895 3928 virtus
910 3860 1016 3929 Patris
1042 3859 1201 3951 nunquia
1213 3858 1311 3927 Pater
1324 3880 1383 3950 per
1396 3880 1473 3925 eum
1487 3857 1529 3924 sit
1542 3857 1670 3949 sapiens

52 3979 112 4048 vel
135 3986 282 4071 potens;
298 3976 354 4044 sed
368 3974 447 4067 quia
469 3973 575 4042 Filius
589 3975 749 4066 sapientia
768 3986 800 4044 et
813 3970 918 4045 virtus
931 3984 978 4045 est
999 3977 1040 4045 de
1060 3977 1157 4046 Patre
1175 3975 1334 4068 sapientia
1357 3984 1389 4043 et
1403 3975 1536 4044 virtute.
1555 3975 1606 4043 Ex
1619 3975 1671 4043 his

53 4118 143 4185 ergo
158 4101 258 4188 patet
272 4092 360 4185 quod
375 4092 472 4159 Pater
488 4113 556 4160 non
571 4100 618 4160 est
631 4092 759 4183 sapiens
772 4093 931 4183 sapientia
943 4094 1066 4183 genita,
1082 4092 1138 4162 sed
1153 4093 1258 4185 seipso
1271 4091 1430 4183 sapientia
1443 4090 1601 4180 ingenita.

102 4213 198 4281 Post
224 4210 293 4278 haec
313 4208 418 4301 quaeri
440 4207 558 4276 soleta
578 4207 799 4300 quibusdam,
821 4218 934 4278 utrum
956 4210 1063 4279 Filius
1082 4210 1125 4278 sit
1143 4209 1272 4300 sapiens
1291 4207 1451 4300 sapientia
1471 4208 1602 4297 genita,
1618 4208 1671 4276 val
1712 4237 1788 4282 nerum

50 4329 238 4420 ingenita.
263 4325 300 4393 Si
321 4324 409 4392 enim
430 4347 498 4392 non
517 4332 564 4392 est
582 4324 710 4415 sapiens
728 4323 1035 4417 sapientia'geuita,
1060 4351 1119 4395 nec
1139 4326 1244 4418 seipso
1263 4325 1470 4416 sapiensest;
1487 4325 1607 4392 sivero
1622 4299 1792 4417 εθ-Ἒζῖξζι

51 4445 198 4538 pientia
214 4442 326 4532 genita
337 4441 467 4533 sapiens
479 4447 540 4527 est,
555 4463 622 4509 non
636 4440 768 4509 videtur
776 4441 905 4533 sapiens
920 4466 991 4511 esse
1001 4441 1163 4534 sapientia
1176 4442 1335 4531 ingenita,
1356 4441 1447 4509 etita
1460 4463 1528 4508 non
1542 4441 1673 4510 videtur
1686 4423 1791 4542 w?

49 4586 131 4632 esse
145 4558 288 4652 sapiens
300 4581 320 4626 a
330 4559 440 4643 Patre,
457 4580 532 4626 cum
548 4558 676 4625 aPatre
690 4557 808 4626 habeat
819 4560 941 4627 omnia.
954 4559 1005 4627 Ad
1019 4560 1109 4652 quod
1119 4558 1271 4644 dicimus,
1282 4558 1371 4649 quod
1382 4581 1449 4626 una
1458 4564 1505 4625 est
1514 4556 1673 4649 sapientia
1685 4547 1793 4653 ζξζωὸθ

49 4678 181 4748 Patris
201 4683 237 4744 et
250 4674 328 4742 Filii
342 4682 374 4743 et
387 4673 531 4765 Spiritus
544 4674 659 4757 sancti,
675 4674 759 4742 sicut
773 4697 839 4742 una
852 4675 990 4743 essentia
1006 4701 1013 4741 :
1030 4675 1111 4767 quia
1124 4674 1288 4767 sapientia
1300 4674 1337 4742 in
1351 4673 1442 4742 illius
1455 4683 1583 4743 naturae
1595 4674 1674 4742 sim-

48 4797 227 4890 plicitate
249 4798 297 4861 est
315 4790 454 4860 essentia
470 4814 478 4856 :
494 4797 651 4858 ettamen
673 4790 779 4859 Filius
799 4798 929 4859 tantum
942 4800 989 4860 est
1001 4791 1161 4884 sapientia
1181 4789 1312 4881 genita,
1329 4797 1361 4858 et
1373 4790 1471 4859 Pater
1484 4797 1613 4859 tantum
1626 4800 1674 4860 est
1693 4811 1695 4817 ⁴

89 4999 100 5033 ¹
114 5000 209 5059 Aug„
226 4991 257 5041 de
270 4975 350 5054 Trici,
364 4989 408 5040 lib.
421 4991 453 5038 vt
461 5025 469 5052 ,
485 5003 507 5039 c.
520 5000 546 5053 v,
559 5003 587 5039 n.
598 4988 766 5052 r.-¹1oid.,
778 4989 823 5040 lib.
836 4991 891 5053 XV,
906 4988 1224 5056 c.v11,n.12.-⁸Idid.,
1238 4988 1284 5038 lib.
1296 4988 1356 5051 Vll,
1372 5002 1395 5040 c.
1406 5000 1431 5051 1,
1446 5002 1473 5037 n.
1485 4992 1508 5054 t,
1522 4988 1605 5053 quoad
1618 5001 1674 5039 sen-

50 5082 141 5130 sum3
177 5067 210 5113 et
231 5061 260 5111 in
278 5060 323 5110 lib.
342 5059 468 5110 LXXXIII
481 5061 583 5121 (lucet,
605 5076 630 5125 q.
643 5073 728 5111 aaut:
745 5061 834 5112 «Cum
848 5061 949 5126 sapiens
968 5064 1037 5112 Deus
1055 5061 1160 5123 dieitur,
1184 5065 1210 5110 θῖ
1230 5058 1353 5122 sapientia
1373 5059 1474 5122 sapiens
1497 5059 1599 5123 dicitur,
1620 5058 1675 5109 sine

48 5155 112 5204 qua
131 5148 208 5187 eum
224 5133 266 5182 rel
284 5131 360 5182 tuisse
382 5130 520 5194 aliquando
533 5132 574 5181 rel
588 5145 645 5181 esse
658 5145 748 5195 posse,
762 5131 884 5182 natusest
896 5134 1018 5196 credere,
1032 5146 1087 5183 nou
1100 5130 1294 5196 participatione
1311 5130 1443 5194 sapientire
1457 5130 1559 5196 capiens
1574 5129 1675 5194 dicitu,

49 5206 261 5267 montanitae,
274 5216 333 5266 quae
346 5215 403 5252 θεεθ
417 5205 443 5251 θῖ
456 5215 509 5251 non
519 5215 575 5251 esse
589 5202 692 5266 sapiens
708 5205 806 5265 potest;
820 5203 866 5251 sed
879 5203 949 5266 quod
962 5203 1017 5266 ipse
1029 5216 1087 5252 eam
1101 5202 1226 5266 genuerit,
1236 5216 1289 5267 qua
1301 5202 1404 5266 sapiens
1415 5202 1508 5253 dicitur
1518 5201 1651 5265 sapientia.
1661 5217 1676 5247 u

51 5272 280 5339 Animadverte,
293 5274 384 5336 lector,
398 5274 499 5323 Putrem
513 5272 563 5323 dici
578 5274 719 5337 sapientem
732 5272 818 5337 genita
830 5274 970 5336 snpientia:
981 5273 1051 5337 quod
1065 5272 1121 5323 aliis
1135 5272 1222 5323 obviat
1235 5272 1396 5323 testimoniis.
1407 5269 1503 5323 Verum
1515 5274 1566 5324 hoo
1580 5276 1678 5336 Augus·

47 5357 136 5407 tinus
158 5346 278 5411 corrigit
296 5344 325 5395 in
340 5345 384 5395 tiu.
399 5345 409 5394 l
423 5345 569 5404 detractat„
586 5343 841 5408 c.xxv1‚inquiens:
856 5361 870 5392 θ
884 5345 941 5395 Dixi
953 5345 980 5394 iu
992 5345 1037 5395 lib.
1049 5343 1175 5395 LXXXIII
1189 5345 1325 5408 Quaest.,q.
1336 5356 1415 5408 xxm,
1427 5358 1485 5409 quae
1495 5348 1535 5395 est
1545 5345 1576 5395 de
1591 5344 1677 5407 Patre,

49 5424 138 5491 quod
157 5432 230 5471 eam
244 5416 342 5482 genuit,
355 5429 407 5479 qun
419 5415 521 5479 sapiens
535 5415 640 5479 dicitur,
654 5415 805 5479 sapientiam
812 5429 821 5477 ;
837 5417 883 5465 sed
899 5416 991 5466 melius
1004 5416 1080 5466 istam
1095 5414 1264 5479 questionem
1278 5414 1305 5463 in
1317 5413 1389 5465 libris
1402 5418 1492 5478 postca
1504 5415 1534 5465 de
1553 5415 1677 5464 Triuitote

50 5490 202 5554 mactari,
211 5488 258 5539 lib.
274 5489 307 5540 Vl
326 5487 356 5536 de
371 5487 452 5550 Irim,
464 5498 508 5537 c.1
522 5491 548 5537 et
561 5498 591 5551 11,
605 5492 632 5537 at
643 5486 687 5537 lib.
700 5486 734 5536 lll
741 5522 750 5549 ,
766 5499 789 5535 c.
801 5496 847 5550 111,
862 5491 889 5537 et
901 5487 946 5536 lib.
959 5488 1013 5552 XV,
1030 5502 1054 5538 o.
1063 5498 1110 5538 vn.
1119 5512 1150 5523 -
1159 5486 1189 5536 *l
1205 5484 1273 5547 Cor„
1288 5498 1307 5550 1,
1319 5489 1359 5536 ut.
