<?xml version="1.0" encoding="UTF-8"?>
<!DOCTYPE html PUBLIC "-//W3C//DTD XHTML 1.0 Transitional//EN"
    "http://www.w3.org/TR/xhtml1/DTD/xhtml1-transitional.dtd">
<html xmlns="http://www.w3.org/1999/xhtml" xml:lang="en" lang="en">
 <head>
  <title>
</title>
<meta http-equiv="Content-Type" content="text/html;charset=utf-8" />
  <meta name='ocr-system' content='tesseract 3.04.00' />
  <meta name='ocr-capabilities' content='ocr_page ocr_carea ocr_par ocr_line ocrx_word'/>
</head>
<body>
  <div class='ocr_page' id='page_1' title='image "./srecardinalissb00peltgoog_0262.png"; bbox 0 0 4100 6300; ppageno 0'>
   <div class='ocr_carea' id='block_1_1' title="bbox 565 436 1583 508">
    <p class='ocr_par' dir='ltr' id='par_1_1' title="bbox 565 436 1583 508">
     <span class='ocr_line' id='line_1_1' title="bbox 565 436 1583 508; baseline -0.002 -1"><span class='ocrx_word' id='word_1_1' title='bbox 565 444 625 508; x_wconf 70' lang='lat' dir='ltr'>tou</span> <span class='ocrx_word' id='word_1_2' title='bbox 1130 436 1439 505; x_wconf 74' lang='lat' dir='ltr'>sunrunrmuun</span> <span class='ocrx_word' id='word_1_3' title='bbox 1460 438 1535 506; x_wconf 81' lang='lat' dir='ltr'>ulo.</span> <span class='ocrx_word' id='word_1_4' title='bbox 1557 441 1583 506; x_wconf 92' lang='lat' dir='ltr'>l.</span> 
     </span>
    </p>
   </div>
   <div class='ocr_carea' id='block_1_2' title="bbox 509 569 2050 3134">
    <p class='ocr_par' dir='ltr' id='par_1_2' title="bbox 509 569 2050 3134">
     <span class='ocr_line' id='line_1_2' title="bbox 565 569 2050 661; baseline 0 -19"><span class='ocrx_word' id='word_1_5' title='bbox 565 577 605 643; x_wconf 88' lang='lat' dir='ltr'>de</span> <span class='ocrx_word' id='word_1_6' title='bbox 624 575 675 641; x_wconf 92' lang='lat' dir='ltr'>sui</span> <span class='ocrx_word' id='word_1_7' title='bbox 696 572 818 640; x_wconf 85' lang='lat' dir='ltr'>ratione</span> <span class='ocrx_word' id='word_1_8' title='bbox 841 571 985 657; x_wconf 90' lang='lat' dir='ltr'>propria,</span> <span class='ocrx_word' id='word_1_9' title='bbox 1010 569 1087 638; x_wconf 79' lang='lat' dir='ltr'>dicit</span> <span class='ocrx_word' id='word_1_10' title='bbox 1108 572 1329 639; x_wconf 77' lang='lat' dir='ltr'>habitudinem</span> <span class='ocrx_word' id='word_1_11' title='bbox 1385 574 1534 640; x_wconf 86' lang='lat' dir='ltr'>voluntas</span> <span class='ocrx_word' id='word_1_12' title='bbox 1552 594 1616 660; x_wconf 87' lang='lat' dir='ltr'>qun</span> <span class='ocrx_word' id='word_1_13' title='bbox 1632 573 1726 640; x_wconf 89' lang='lat' dir='ltr'>Pater</span> <span class='ocrx_word' id='word_1_14' title='bbox 1742 575 1813 642; x_wconf 87' lang='lat' dir='ltr'>vult</span> <span class='ocrx_word' id='word_1_15' title='bbox 1829 593 1900 642; x_wconf 84' lang='lat' dir='ltr'>esse</span> <span class='ocrx_word' id='word_1_16' title='bbox 1919 578 2021 661; x_wconf 84' lang='lat' dir='ltr'>peter,</span> <span class='ocrx_word' id='word_1_17' title='bbox 2042 606 2050 633; x_wconf 72' lang='grc' dir='ltr'>ι</span> 
     </span>
     <span class='ocr_line' id='line_1_3' title="bbox 565 680 2050 766; baseline 0 -16"><span class='ocrx_word' id='word_1_18' title='bbox 565 684 741 750; x_wconf 86' lang='lat' dir='ltr'>secundum</span> <span class='ocrx_word' id='word_1_19' title='bbox 753 680 912 764; x_wconf 79' lang='lat' dir='ltr'>originem</span> <span class='ocrx_word' id='word_1_20' title='bbox 925 698 934 744; x_wconf 72' lang='grc' dir='ltr'>ε</span> <span class='ocrx_word' id='word_1_21' title='bbox 949 684 981 745; x_wconf 82' lang='grc'>31</span> <span class='ocrx_word' id='word_1_22' title='bbox 991 680 1121 745; x_wconf 87' lang='lat' dir='ltr'>hineest</span> <span class='ocrx_word' id='word_1_23' title='bbox 1132 682 1219 765; x_wconf 88' lang='lat' dir='ltr'>quod</span> <span class='ocrx_word' id='word_1_24' title='bbox 1229 682 1332 765; x_wconf 84' lang='lat' dir='ltr'>speei-</span> <span class='ocrx_word' id='word_1_25' title='bbox 1384 681 1455 748; x_wconf 87' lang='lat' dir='ltr'>vult</span> <span class='ocrx_word' id='word_1_26' title='bbox 1469 700 1537 748; x_wconf 88' lang='lat' dir='ltr'>esse</span> <span class='ocrx_word' id='word_1_27' title='bbox 1551 682 1655 761; x_wconf 81' lang='lat' dir='ltr'>filius,</span> <span class='ocrx_word' id='word_1_28' title='bbox 1670 688 1703 748; x_wconf 87' lang='lat' dir='ltr'>et</span> <span class='ocrx_word' id='word_1_29' title='bbox 1715 702 1733 749; x_wconf 94' lang='lat' dir='ltr'>e</span> <span class='ocrx_word' id='word_1_30' title='bbox 1747 702 1915 766; x_wconf 80' lang='lat' dir='ltr'>eonverso,</span> <span class='ocrx_word' id='word_1_31' title='bbox 1936 710 1950 741; x_wconf 67' lang='lat' dir='ltr'>z·</span> <span class='ocrx_word' id='word_1_32' title='bbox 1970 712 1987 741; x_wconf 93' lang='grc' dir='ltr'>ιι</span> <span class='ocrx_word' id='word_1_33' title='bbox 2017 685 2024 699; x_wconf 85' lang='grc'><strong>’</strong></span> <span class='ocrx_word' id='word_1_34' title='bbox 2045 715 2050 741; x_wconf 76' lang='lat'>=.</span> 
     </span>
     <span class='ocr_line' id='line_1_4' title="bbox 565 788 2047 876; baseline 0.001 -20"><span class='ocrx_word' id='word_1_35' title='bbox 565 792 678 857; x_wconf 85' lang='lat' dir='ltr'>fleatur</span> <span class='ocrx_word' id='word_1_36' title='bbox 690 808 747 873; x_wconf 91' lang='lat' dir='ltr'>per</span> <span class='ocrx_word' id='word_1_37' title='bbox 759 788 957 872; x_wconf 75' lang='lat' dir='ltr'>adiunctum,</span> <span class='ocrx_word' id='word_1_38' title='bbox 972 790 1011 852; x_wconf 91' lang='lat' dir='ltr'>ut</span> <span class='ocrx_word' id='word_1_39' title='bbox 1021 788 1106 853; x_wconf 83' lang='grc'><em>(11331</em></span> <span class='ocrx_word' id='word_1_40' title='bbox 1115 788 1330 854; x_wconf 84' lang='lat' dir='ltr'>oonditionem</span> <span class='ocrx_word' id='word_1_41' title='bbox 1384 794 1432 858; x_wconf 81' lang='lat' dir='ltr'>est</span> <span class='ocrx_word' id='word_1_42' title='bbox 1444 790 1600 873; x_wconf 88' lang='lat' dir='ltr'>potentia,</span> <span class='ocrx_word' id='word_1_43' title='bbox 1617 796 1654 856; x_wconf 92' lang='lat' dir='ltr'>ut</span> <span class='ocrx_word' id='word_1_44' title='bbox 1666 792 1804 857; x_wconf 87' lang='lat' dir='ltr'>videtur.</span> <span class='ocrx_word' id='word_1_45' title='bbox 1821 791 1855 857; x_wconf 89' lang='lat' dir='ltr'>Si</span> <span class='ocrx_word' id='word_1_46' title='bbox 1872 793 1950 876; x_wconf 77' lang='lat' dir='ltr'>quis</span> <span class='ocrx_word' id='word_1_47' title='bbox 1965 811 2009 857; x_wconf 90' lang='lat' dir='ltr'>au</span> <span class='ocrx_word' id='word_1_48' title='bbox 2026 822 2047 849; x_wconf 65' lang='grc' dir='ltr'>ιι</span> 
     </span>
     <span class='ocr_line' id='line_1_5' title="bbox 565 895 2044 983; baseline 0 -19"><span class='ocrx_word' id='word_1_49' title='bbox 565 898 728 983; x_wconf 83' lang='lat' dir='ltr'>principii,</span> <span class='ocrx_word' id='word_1_50' title='bbox 758 895 930 961; x_wconf 87' lang='lat' dir='ltr'>essentialis</span> <span class='ocrx_word' id='word_1_51' title='bbox 956 896 1009 959; x_wconf 84' lang='lat' dir='ltr'>nel</span> <span class='ocrx_word' id='word_1_52' title='bbox 1032 896 1215 978; x_wconf 89' lang='lat' dir='ltr'>personalis.</span> <span class='ocrx_word' id='word_1_53' title='bbox 1241 896 1331 962; x_wconf 87' lang='lat' dir='ltr'>Hane</span> <span class='ocrx_word' id='word_1_54' title='bbox 1384 897 1539 964; x_wconf 87' lang='lat' dir='ltr'>sustinere</span> <span class='ocrx_word' id='word_1_55' title='bbox 1548 899 1737 982; x_wconf 88' lang='lat' dir='ltr'>positionem</span> <span class='ocrx_word' id='word_1_56' title='bbox 1746 898 1904 981; x_wconf 78' lang='lat' dir='ltr'>Magistri,</span> <span class='ocrx_word' id='word_1_57' title='bbox 1914 900 1958 965; x_wconf 90' lang='lat' dir='ltr'>de</span> <span class='ocrx_word' id='word_1_58' title='bbox 1966 900 2044 964; x_wconf 80' lang='lat' dir='ltr'>iao&#39;li</span> 
     </span>
     <span class='ocr_line' id='line_1_6' title="bbox 566 1002 2040 1091; baseline -0.005 -19"><span class='ocrx_word' id='word_1_59' title='bbox 566 1024 645 1088; x_wconf 81' lang='lat' dir='ltr'>ergo</span> <span class='ocrx_word' id='word_1_60' title='bbox 673 1004 863 1089; x_wconf 81' lang='lat' dir='ltr'><strong>positionem</strong></span> <span class='ocrx_word' id='word_1_61' title='bbox 888 1002 1094 1080; x_wconf 85' lang='lat' dir='ltr'>sustinendo,</span> <span class='ocrx_word' id='word_1_62' title='bbox 1120 1003 1330 1087; x_wconf 85' lang='lat' dir='ltr'>respondetur</span> <span class='ocrx_word' id='word_1_63' title='bbox 1384 1004 1547 1070; x_wconf 89' lang='lat' dir='ltr'>adomnes</span> <span class='ocrx_word' id='word_1_64' title='bbox 1557 1006 1695 1072; x_wconf 87' lang='lat' dir='ltr'>rationes</span> <span class='ocrx_word' id='word_1_65' title='bbox 1708 1006 1742 1070; x_wconf 91' lang='lat' dir='ltr'>in</span> <span class='ocrx_word' id='word_1_66' title='bbox 1755 1009 1942 1091; x_wconf 90' lang='lat' dir='ltr'>oppositum</span> <span class='ocrx_word' id='word_1_67' title='bbox 1983 1035 2040 1065; x_wconf 47' lang='lat' dir='ltr'>aa.</span> 
     </span>
     <span class='ocr_line' id='line_1_7' title="bbox 509 1109 2015 1198; baseline -0.001 -17"><span class='ocrx_word' id='word_1_68' title='bbox 509 1172 513 1181; x_wconf 91' lang='lat'><em>.</em></span> <span class='ocrx_word' id='word_1_69' title='bbox 565 1112 763 1196; x_wconf 77' lang='lat' dir='ltr'><strong>argumentis</strong></span> <span class='ocrx_word' id='word_1_70' title='bbox 775 1109 983 1194; x_wconf 82' lang='lat' dir='ltr'><strong>probantibus</strong></span> <span class='ocrx_word' id='word_1_71' title='bbox 994 1110 1079 1192; x_wconf 89' lang='lat' dir='ltr'>quod</span> <span class='ocrx_word' id='word_1_72' title='bbox 1091 1110 1166 1175; x_wconf 84' lang='lat' dir='ltr'>dicit</span> <span class='ocrx_word' id='word_1_73' title='bbox 1176 1112 1268 1194; x_wconf 77' lang='lat' dir='ltr'>quid.</span> <span class='ocrx_word' id='word_1_74' title='bbox 1385 1110 1467 1176; x_wconf 93' lang='lat' dir='ltr'>Nam</span> <span class='ocrx_word' id='word_1_75' title='bbox 1483 1113 1574 1178; x_wconf 84' lang='lat' dir='ltr'>nulla</span> <span class='ocrx_word' id='word_1_76' title='bbox 1586 1115 1667 1178; x_wconf 87' lang='lat' dir='ltr'>ratio</span> <span class='ocrx_word' id='word_1_77' title='bbox 1680 1115 1793 1197; x_wconf 87' lang='lat' dir='ltr'>probat</span> <span class='ocrx_word' id='word_1_78' title='bbox 1809 1115 1898 1198; x_wconf 89' lang='lat' dir='ltr'>quod</span> <span class='ocrx_word' id='word_1_79' title='bbox 1914 1115 2045 1198; x_wconf 84' lang='lat' dir='ltr'>poten·</span> 
     </span>
     <span class='ocr_line' id='line_1_8' title="bbox 604 1217 2036 1306; baseline 0.001 -21"><span class='ocrx_word' id='word_1_80' title='bbox 604 1227 634 1285; x_wconf 80' lang='lat' dir='ltr'>l.</span> <span class='ocrx_word' id='word_1_81' title='bbox 657 1220 747 1298; x_wconf 84' lang='lat' dir='ltr'>Quod</span> <span class='ocrx_word' id='word_1_82' title='bbox 769 1219 857 1284; x_wconf 93' lang='lat' dir='ltr'>enim</span> <span class='ocrx_word' id='word_1_83' title='bbox 876 1218 1018 1301; x_wconf 90' lang='lat' dir='ltr'>primum</span> <span class='ocrx_word' id='word_1_84' title='bbox 1033 1217 1192 1300; x_wconf 84' lang='lat' dir='ltr'>objicitur,</span> <span class='ocrx_word' id='word_1_85' title='bbox 1214 1222 1328 1302; x_wconf 90' lang='lat' dir='ltr'>patet:</span> <span class='ocrx_word' id='word_1_86' title='bbox 1384 1217 1469 1283; x_wconf 87' lang='lat' dir='ltr'>dicat</span> <span class='ocrx_word' id='word_1_87' title='bbox 1492 1221 1675 1304; x_wconf 81' lang='lat' dir='ltr'>proprium3</span> <span class='ocrx_word' id='word_1_88' title='bbox 1698 1222 1753 1287; x_wconf 88' lang='lat' dir='ltr'>sed</span> <span class='ocrx_word' id='word_1_89' title='bbox 1776 1223 1864 1306; x_wconf 83' lang='lat' dir='ltr'>quod</span> <span class='ocrx_word' id='word_1_90' title='bbox 1891 1223 2036 1306; x_wconf 82' lang='lat' dir='ltr'>potentia</span> 
     </span>
     <span class='ocr_line' id='line_1_9' title="bbox 565 1325 2050 1414; baseline -0.004 -20"><span class='ocrx_word' id='word_1_91' title='bbox 565 1328 701 1395; x_wconf 83' lang='lat' dir='ltr'>eoncedo</span> <span class='ocrx_word' id='word_1_92' title='bbox 721 1328 808 1391; x_wconf 89' lang='lat' dir='ltr'>enim</span> <span class='ocrx_word' id='word_1_93' title='bbox 828 1325 1019 1408; x_wconf 72' lang='lat' dir='ltr'>Magistrum</span> <span class='ocrx_word' id='word_1_94' title='bbox 1038 1325 1135 1390; x_wconf 82' lang='lat' dir='ltr'>fuisse</span> <span class='ocrx_word' id='word_1_95' title='bbox 1152 1326 1251 1409; x_wconf 88' lang='lat' dir='ltr'>hujus</span> <span class='ocrx_word' id='word_1_96' title='bbox 1270 1345 1330 1410; x_wconf 92' lang='lat' dir='ltr'>po·</span> <span class='ocrx_word' id='word_1_97' title='bbox 1383 1326 1477 1391; x_wconf 87' lang='lat' dir='ltr'>randi</span> <span class='ocrx_word' id='word_1_98' title='bbox 1487 1327 1588 1393; x_wconf 84' lang='lat' dir='ltr'>active</span> <span class='ocrx_word' id='word_1_99' title='bbox 1599 1328 1692 1409; x_wconf 85' lang='lat' dir='ltr'>diota,</span> <span class='ocrx_word' id='word_1_100' title='bbox 1707 1330 1776 1394; x_wconf 84' lang='lat' dir='ltr'>sive</span> <span class='ocrx_word' id='word_1_101' title='bbox 1788 1348 1881 1414; x_wconf 88' lang='lat' dir='ltr'>posse</span> <span class='ocrx_word' id='word_1_102' title='bbox 1892 1349 1985 1413; x_wconf 66' lang='lat' dir='ltr'>gena</span> <span class='ocrx_word' id='word_1_103' title='bbox 2005 1376 2009 1387; x_wconf 96' lang='lat'><em>.</em></span> <span class='ocrx_word' id='word_1_104' title='bbox 2041 1358 2050 1387; x_wconf 84' lang='lat'>·.</span> 
     </span>
     <span class='ocr_line' id='line_1_10' title="bbox 564 1433 2032 1522; baseline 0.001 -21"><span class='ocrx_word' id='word_1_105' title='bbox 564 1435 697 1502; x_wconf 86' lang='lat' dir='ltr'>silionis.</span> <span class='ocrx_word' id='word_1_106' title='bbox 713 1433 802 1499; x_wconf 83' lang='lat' dir='ltr'>Unde</span> <span class='ocrx_word' id='word_1_107' title='bbox 814 1435 979 1513; x_wconf 83' lang='lat' dir='ltr'>dixerunt,</span> <span class='ocrx_word' id='word_1_108' title='bbox 994 1434 1078 1517; x_wconf 89' lang='lat' dir='ltr'>quod</span> <span class='ocrx_word' id='word_1_109' title='bbox 1092 1433 1202 1497; x_wconf 84' lang='lat' dir='ltr'>eadem</span> <span class='ocrx_word' id='word_1_110' title='bbox 1216 1437 1331 1516; x_wconf 89' lang='lat' dir='ltr'>poten·</span> <span class='ocrx_word' id='word_1_111' title='bbox 1384 1451 1426 1498; x_wconf 78' lang='lat' dir='ltr'>ex</span> <span class='ocrx_word' id='word_1_112' title='bbox 1438 1434 1588 1517; x_wconf 75' lang='lat' dir='ltr'>adiuncto</span> <span class='ocrx_word' id='word_1_113' title='bbox 1601 1441 1781 1520; x_wconf 78' lang='lat' dir='ltr'>respectum</span> <span class='ocrx_word' id='word_1_114' title='bbox 1797 1439 1838 1502; x_wconf 86' lang='lat' dir='ltr'>ad</span> <span class='ocrx_word' id='word_1_115' title='bbox 1856 1456 2032 1522; x_wconf 83' lang='lat' dir='ltr'>personam</span> 
     </span>
     <span class='ocr_line' id='line_1_11' title="bbox 563 1540 2049 1628; baseline 0.001 -19"><span class='ocrx_word' id='word_1_116' title='bbox 563 1545 609 1610; x_wconf 84' lang='lat' dir='ltr'>lia</span> <span class='ocrx_word' id='word_1_117' title='bbox 632 1546 735 1628; x_wconf 90' lang='lat' dir='ltr'>potest</span> <span class='ocrx_word' id='word_1_118' title='bbox 756 1541 857 1607; x_wconf 85' lang='lat' dir='ltr'>Filius</span> <span class='ocrx_word' id='word_1_119' title='bbox 882 1541 994 1624; x_wconf 76' lang='lat' dir='ltr'>gigni,</span> <span class='ocrx_word' id='word_1_120' title='bbox 1021 1559 1087 1625; x_wconf 85' lang='lat' dir='ltr'>qua</span> <span class='ocrx_word' id='word_1_121' title='bbox 1109 1540 1202 1605; x_wconf 88' lang='lat' dir='ltr'>Pater</span> <span class='ocrx_word' id='word_1_122' title='bbox 1229 1545 1332 1625; x_wconf 89' lang='lat' dir='ltr'>potest</span> <span class='ocrx_word' id='word_1_123' title='bbox 1383 1540 1428 1605; x_wconf 86' lang='lat' dir='ltr'>ita</span> <span class='ocrx_word' id='word_1_124' title='bbox 1447 1540 1523 1606; x_wconf 85' lang='lat' dir='ltr'>dicit</span> <span class='ocrx_word' id='word_1_125' title='bbox 1544 1542 1590 1609; x_wconf 81' lang='lat' dir='ltr'>ad</span> <span class='ocrx_word' id='word_1_126' title='bbox 1606 1544 1756 1627; x_wconf 78' lang='lat' dir='ltr'>aliqutd;</span> <span class='ocrx_word' id='word_1_127' title='bbox 1769 1546 1823 1611; x_wconf 85' lang='lat' dir='ltr'>sed</span> <span class='ocrx_word' id='word_1_128' title='bbox 1836 1545 1902 1612; x_wconf 87' lang='lat' dir='ltr'>hoo</span> <span class='ocrx_word' id='word_1_129' title='bbox 1921 1551 1976 1612; x_wconf 83' lang='lat' dir='ltr'>est</span> <span class='ocrx_word' id='word_1_130' title='bbox 1989 1545 2049 1611; x_wconf 82' lang='lat' dir='ltr'>sol·</span> 
     </span>
     <span class='ocr_line' id='line_1_12' title="bbox 565 1639 1593 1735; baseline -0.001 -19"><span class='ocrx_word' id='word_1_131' title='bbox 565 1639 699 1735; x_wconf 75' lang='lat' dir='ltr'>gignere</span> <span class='ocrx_word' id='word_1_132' title='bbox 717 1672 724 1716; x_wconf 93' lang='lat'><strong>:</strong></span> <span class='ocrx_word' id='word_1_133' title='bbox 740 1650 827 1733; x_wconf 88' lang='lat' dir='ltr'>quod</span> <span class='ocrx_word' id='word_1_134' title='bbox 843 1668 910 1715; x_wconf 89' lang='lat' dir='ltr'>non</span> <span class='ocrx_word' id='word_1_135' title='bbox 930 1653 1024 1729; x_wconf 90' lang='lat' dir='ltr'>esset,</span> <span class='ocrx_word' id='word_1_136' title='bbox 1044 1647 1105 1713; x_wconf 90' lang='lat' dir='ltr'>nisi</span> <span class='ocrx_word' id='word_1_137' title='bbox 1122 1648 1262 1731; x_wconf 87' lang='lat' dir='ltr'>potentia</span> <span class='ocrx_word' id='word_1_138' title='bbox 1282 1648 1332 1712; x_wconf 89' lang='lat' dir='ltr'>di·</span> <span class='ocrx_word' id='word_1_139' title='bbox 1383 1648 1471 1713; x_wconf 89' lang='lat' dir='ltr'>tione</span> <span class='ocrx_word' id='word_1_140' title='bbox 1485 1648 1593 1715; x_wconf 88' lang='lat' dir='ltr'>additi.</span> 
     </span>
     <span class='ocr_line' id='line_1_13' title="bbox 565 1754 2050 1844; baseline 0.001 -20"><span class='ocrx_word' id='word_1_141' title='bbox 565 1762 648 1824; x_wconf 85' lang='lat' dir='ltr'>aeret</span> <span class='ocrx_word' id='word_1_142' title='bbox 660 1758 752 1842; x_wconf 75' lang='lat' dir='ltr'>putet.</span> <span class='ocrx_word' id='word_1_143' title='bbox 766 1756 855 1822; x_wconf 86' lang='lat' dir='ltr'>Unde</span> <span class='ocrx_word' id='word_1_144' title='bbox 868 1756 963 1836; x_wconf 85' lang='lat' dir='ltr'>dixit,</span> <span class='ocrx_word' id='word_1_145' title='bbox 978 1756 1064 1839; x_wconf 88' lang='lat' dir='ltr'>quod</span> <span class='ocrx_word' id='word_1_146' title='bbox 1078 1756 1218 1844; x_wconf 87' lang='lat' dir='ltr'>potentia</span> <span class='ocrx_word' id='word_1_147' title='bbox 1231 1773 1331 1837; x_wconf 80' lang='lat' dir='ltr'>gene·</span> <span class='ocrx_word' id='word_1_148' title='bbox 1425 1754 1503 1821; x_wconf 84' lang='lat' dir='ltr'>ltem</span> <span class='ocrx_word' id='word_1_149' title='bbox 1511 1760 1699 1840; x_wconf 87' lang='lat' dir='ltr'>notandum,</span> <span class='ocrx_word' id='word_1_150' title='bbox 1707 1761 1794 1844; x_wconf 77' lang='lat' dir='ltr'>quod</span> <span class='ocrx_word' id='word_1_151' title='bbox 1801 1765 1948 1844; x_wconf 82' lang='lat' dir='ltr'>quatuor</span> <span class='ocrx_word' id='word_1_152' title='bbox 1954 1766 2032 1826; x_wconf 87' lang='lat' dir='ltr'>sunt</span> <span class='ocrx_word' id='word_1_153' title='bbox 2044 1788 2050 1835; x_wconf 83' lang='lat'>:</span> 
     </span>
     <span class='ocr_line' id='line_1_14' title="bbox 563 1863 2040 1952; baseline 0.001 -20"><span class='ocrx_word' id='word_1_154' title='bbox 563 1866 656 1932; x_wconf 88' lang='lat' dir='ltr'>randi</span> <span class='ocrx_word' id='word_1_155' title='bbox 670 1867 717 1930; x_wconf 87' lang='lat' dir='ltr'>est</span> <span class='ocrx_word' id='word_1_156' title='bbox 729 1866 764 1929; x_wconf 95' lang='lat' dir='ltr'>in</span> <span class='ocrx_word' id='word_1_157' title='bbox 776 1864 871 1944; x_wconf 86' lang='lat' dir='ltr'>Filio,</span> <span class='ocrx_word' id='word_1_158' title='bbox 887 1863 941 1929; x_wconf 87' lang='lat' dir='ltr'>sed</span> <span class='ocrx_word' id='word_1_159' title='bbox 954 1881 1020 1928; x_wconf 93' lang='lat' dir='ltr'>non</span> <span class='ocrx_word' id='word_1_160' title='bbox 1037 1863 1260 1947; x_wconf 69' lang='lat' dir='ltr'>edomuere,</span> <span class='ocrx_word' id='word_1_161' title='bbox 1275 1863 1330 1929; x_wconf 89' lang='lat' dir='ltr'>sed</span> <span class='ocrx_word' id='word_1_162' title='bbox 1384 1864 1553 1930; x_wconf 88' lang='lat' dir='ltr'>nominum</span> <span class='ocrx_word' id='word_1_163' title='bbox 1569 1866 1605 1930; x_wconf 90' lang='lat' dir='ltr'>in</span> <span class='ocrx_word' id='word_1_164' title='bbox 1622 1867 1738 1933; x_wconf 89' lang='lat' dir='ltr'>divinis</span> <span class='ocrx_word' id='word_1_165' title='bbox 1754 1888 1763 1933; x_wconf 73' lang='grc' dir='ltr'><strong><em>ε</em></strong></span> <span class='ocrx_word' id='word_1_166' title='bbox 1782 1869 1935 1952; x_wconf 77' lang='lat' dir='ltr'>qusedam</span> <span class='ocrx_word' id='word_1_167' title='bbox 1950 1870 2040 1934; x_wconf 90' lang='lat' dir='ltr'>enim</span> 
     </span>
     <span class='ocr_line' id='line_1_15' title="bbox 565 1970 2037 2057; baseline -0.001 -15"><span class='ocrx_word' id='word_1_168' title='bbox 565 1974 604 2042; x_wconf 87' lang='lat' dir='ltr'>ad</span> <span class='ocrx_word' id='word_1_169' title='bbox 616 1973 773 2057; x_wconf 66' lang='lat' dir='ltr'>perorari.</span> <span class='ocrx_word' id='word_1_170' title='bbox 794 1970 870 2036; x_wconf 82' lang='lat' dir='ltr'>Haee</span> <span class='ocrx_word' id='word_1_171' title='bbox 889 1975 997 2036; x_wconf 90' lang='lat' dir='ltr'>autem</span> <span class='ocrx_word' id='word_1_172' title='bbox 1018 1971 1132 2054; x_wconf 81' lang='lat' dir='ltr'>positio</span> <span class='ocrx_word' id='word_1_173' title='bbox 1149 1971 1225 2036; x_wconf 83' lang='lat' dir='ltr'>dicit</span> <span class='ocrx_word' id='word_1_174' title='bbox 1243 1971 1329 2054; x_wconf 86' lang='lat' dir='ltr'>quod</span> <span class='ocrx_word' id='word_1_175' title='bbox 1383 1970 1470 2035; x_wconf 87' lang='lat' dir='ltr'>tialia</span> <span class='ocrx_word' id='word_1_176' title='bbox 1488 1977 1564 2037; x_wconf 88' lang='lat' dir='ltr'>sunt</span> <span class='ocrx_word' id='word_1_177' title='bbox 1578 1973 1661 2040; x_wconf 86' lang='lat' dir='ltr'>dieta</span> <span class='ocrx_word' id='word_1_178' title='bbox 1680 1976 1904 2057; x_wconf 69' lang='lat' dir='ltr'>essentialiter,</span> <span class='ocrx_word' id='word_1_179' title='bbox 1924 1980 1968 2041; x_wconf 92' lang='lat' dir='ltr'>ut</span> <span class='ocrx_word' id='word_1_180' title='bbox 1992 1976 2037 2041; x_wconf 46' lang='lat' dir='ltr'>dr*</span> 
     </span>
     <span class='ocr_line' id='line_1_16' title="bbox 564 2079 2046 2169; baseline 0.005 -24"><span class='ocrx_word' id='word_1_181' title='bbox 564 2083 660 2145; x_wconf 92' lang='lat' dir='ltr'>estin</span> <span class='ocrx_word' id='word_1_182' title='bbox 673 2082 740 2146; x_wconf 92' lang='lat' dir='ltr'>solo</span> <span class='ocrx_word' id='word_1_183' title='bbox 755 2079 846 2145; x_wconf 89' lang='lat' dir='ltr'>Patre</span> <span class='ocrx_word' id='word_1_184' title='bbox 850 2101 863 2161; x_wconf 90' lang='lat'><em>;</em></span> <span class='ocrx_word' id='word_1_185' title='bbox 875 2079 953 2163; x_wconf 86' lang='lat' dir='ltr'>qnia</span> <span class='ocrx_word' id='word_1_186' title='bbox 969 2097 1036 2144; x_wconf 94' lang='lat' dir='ltr'>non</span> <span class='ocrx_word' id='word_1_187' title='bbox 1054 2082 1182 2144; x_wconf 91' lang='lat' dir='ltr'>tantum</span> <span class='ocrx_word' id='word_1_188' title='bbox 1202 2080 1331 2162; x_wconf 85' lang='lat' dir='ltr'>respicit</span> <span class='ocrx_word' id='word_1_189' title='bbox 1383 2080 1481 2146; x_wconf 86' lang='lat' dir='ltr'>deitas</span> <span class='ocrx_word' id='word_1_190' title='bbox 1496 2087 1528 2148; x_wconf 91' lang='lat' dir='ltr'>et</span> <span class='ocrx_word' id='word_1_191' title='bbox 1541 2086 1707 2168; x_wconf 77' lang='lat' dir='ltr'>maiestas;</span> <span class='ocrx_word' id='word_1_192' title='bbox 1723 2087 1873 2169; x_wconf 77' lang='lat' dir='ltr'>quaedam</span> <span class='ocrx_word' id='word_1_193' title='bbox 1886 2105 1985 2152; x_wconf 87' lang='lat' dir='ltr'>essen</span> <span class='ocrx_word' id='word_1_194' title='bbox 1994 2114 2019 2143; x_wconf 86' lang='lat'>·:</span> <span class='ocrx_word' id='word_1_195' title='bbox 2039 2088 2046 2102; x_wconf 88' lang='lat'>&#39;</span> 
     </span>
     <span class='ocr_line' id='line_1_17' title="bbox 561 2188 2038 2277; baseline 0.005 -23"><span class='ocrx_word' id='word_1_196' title='bbox 561 2192 730 2268; x_wconf 88' lang='lat' dir='ltr'>naturam,</span> <span class='ocrx_word' id='word_1_197' title='bbox 746 2188 800 2254; x_wconf 89' lang='lat' dir='ltr'>sed</span> <span class='ocrx_word' id='word_1_198' title='bbox 813 2189 1036 2273; x_wconf 80' lang='lat' dir='ltr'>proprietatem</span> <span class='ocrx_word' id='word_1_199' title='bbox 1050 2206 1206 2272; x_wconf 83' lang='lat' dir='ltr'>personae.</span> <span class='ocrx_word' id='word_1_200' title='bbox 1382 2191 1532 2256; x_wconf 83' lang='lat' dir='ltr'>sonaliter</span> <span class='ocrx_word' id='word_1_201' title='bbox 1545 2192 1638 2274; x_wconf 85' lang='lat' dir='ltr'>dicta,</span> <span class='ocrx_word' id='word_1_202' title='bbox 1652 2198 1690 2259; x_wconf 92' lang='lat' dir='ltr'>ut</span> <span class='ocrx_word' id='word_1_203' title='bbox 1702 2195 1844 2277; x_wconf 87' lang='lat' dir='ltr'>potentia</span> <span class='ocrx_word' id='word_1_204' title='bbox 1855 2197 2038 2277; x_wconf 82' lang='lat' dir='ltr'>generandi</span> 
     </span>
     <span class='ocr_line' id='line_1_18' title="bbox 602 2296 2046 2385; baseline 0.005 -24"><span class='ocrx_word' id='word_1_205' title='bbox 602 2302 633 2361; x_wconf 73' lang='lat'>2.</span> <span class='ocrx_word' id='word_1_206' title='bbox 645 2297 693 2362; x_wconf 84' lang='lat' dir='ltr'>Ad</span> <span class='ocrx_word' id='word_1_207' title='bbox 702 2296 781 2361; x_wconf 86' lang='lat' dir='ltr'>illud</span> <span class='ocrx_word' id='word_1_208' title='bbox 792 2298 878 2380; x_wconf 87' lang='lat' dir='ltr'>quod</span> <span class='ocrx_word' id='word_1_209' title='bbox 886 2296 1047 2379; x_wconf 79' lang='lat' dir='ltr'>ohJioitur,</span> <span class='ocrx_word' id='word_1_210' title='bbox 1060 2296 1220 2379; x_wconf 86' lang='lat' dir='ltr'>quomodo</span> <span class='ocrx_word' id='word_1_211' title='bbox 1231 2314 1330 2378; x_wconf 79' lang='lat' dir='ltr'>gene·</span> <span class='ocrx_word' id='word_1_212' title='bbox 1382 2297 1458 2362; x_wconf 88' lang='lat' dir='ltr'>dam</span> <span class='ocrx_word' id='word_1_213' title='bbox 1474 2300 1653 2381; x_wconf 86' lang='lat' dir='ltr'>personalia</span> <span class='ocrx_word' id='word_1_214' title='bbox 1669 2301 1752 2365; x_wconf 86' lang='lat' dir='ltr'>dieta</span> <span class='ocrx_word' id='word_1_215' title='bbox 1770 2303 1997 2385; x_wconf 87' lang='lat' dir='ltr'>personaliter,</span> <span class='ocrx_word' id='word_1_216' title='bbox 2012 2307 2046 2368; x_wconf 90' lang='lat' dir='ltr'>ut</span> 
     </span>
     <span class='ocr_line' id='line_1_19' title="bbox 563 2403 2050 2492; baseline 0.005 -23"><span class='ocrx_word' id='word_1_217' title='bbox 563 2423 635 2469; x_wconf 90' lang='lat' dir='ltr'>rare</span> <span class='ocrx_word' id='word_1_218' title='bbox 648 2404 853 2487; x_wconf 81' lang='lat' dir='ltr'>consequitur</span> <span class='ocrx_word' id='word_1_219' title='bbox 864 2407 1029 2482; x_wconf 81' lang='lat' dir='ltr'>naturam3</span> <span class='ocrx_word' id='word_1_220' title='bbox 1045 2404 1225 2482; x_wconf 78' lang='lat' dir='ltr'>dicendum,</span> <span class='ocrx_word' id='word_1_221' title='bbox 1240 2403 1326 2486; x_wconf 87' lang='lat' dir='ltr'>quod</span> <span class='ocrx_word' id='word_1_222' title='bbox 1382 2422 1458 2469; x_wconf 91' lang='lat' dir='ltr'>rans</span> <span class='ocrx_word' id='word_1_223' title='bbox 1483 2409 1515 2469; x_wconf 84' lang='lat' dir='ltr'>et</span> <span class='ocrx_word' id='word_1_224' title='bbox 1533 2406 1679 2488; x_wconf 79' lang='lat' dir='ltr'>genitus3</span> <span class='ocrx_word' id='word_1_225' title='bbox 1701 2409 1850 2490; x_wconf 68' lang='lat' dir='ltr'>quodam</span> <span class='ocrx_word' id='word_1_226' title='bbox 1869 2411 2050 2492; x_wconf 72' lang='lat' dir='ltr'>persomalr</span> 
     </span>
     <span class='ocr_line' id='line_1_20' title="bbox 561 2511 2038 2599; baseline 0.005 -23"><span class='ocrx_word' id='word_1_227' title='bbox 561 2513 597 2576; x_wconf 93' lang='lat' dir='ltr'>in</span> <span class='ocrx_word' id='word_1_228' title='bbox 625 2511 744 2577; x_wconf 79' lang='lat' dir='ltr'>divinis</span> <span class='ocrx_word' id='word_1_229' title='bbox 767 2528 833 2574; x_wconf 95' lang='lat' dir='ltr'>non</span> <span class='ocrx_word' id='word_1_230' title='bbox 854 2512 998 2594; x_wconf 88' lang='lat' dir='ltr'>sequitur</span> <span class='ocrx_word' id='word_1_231' title='bbox 1025 2514 1177 2577; x_wconf 85' lang='lat' dir='ltr'>naturam</span> <span class='ocrx_word' id='word_1_232' title='bbox 1200 2511 1328 2594; x_wconf 90' lang='lat' dir='ltr'>simpli·</span> <span class='ocrx_word' id='word_1_233' title='bbox 1382 2512 1597 2589; x_wconf 86' lang='lat' dir='ltr'>essentialiter,</span> <span class='ocrx_word' id='word_1_234' title='bbox 1608 2518 1645 2579; x_wconf 89' lang='lat' dir='ltr'>ut</span> <span class='ocrx_word' id='word_1_235' title='bbox 1655 2514 1781 2591; x_wconf 89' lang='lat' dir='ltr'>missus,</span> <span class='ocrx_word' id='word_1_236' title='bbox 1791 2516 1993 2599; x_wconf 85' lang='lat' dir='ltr'>inearnatus,</span> <span class='ocrx_word' id='word_1_237' title='bbox 2008 2523 2038 2583; x_wconf 87' lang='lat' dir='ltr'>et</span> 
     </span>
     <span class='ocr_line' id='line_1_21' title="bbox 562 2617 2050 2705; baseline -0.003 -20"><span class='ocrx_word' id='word_1_238' title='bbox 562 2621 654 2698; x_wconf 87' lang='lat' dir='ltr'>citer,</span> <span class='ocrx_word' id='word_1_239' title='bbox 668 2619 723 2684; x_wconf 89' lang='lat' dir='ltr'>sed</span> <span class='ocrx_word' id='word_1_240' title='bbox 737 2622 887 2683; x_wconf 84' lang='lat' dir='ltr'>naturam</span> <span class='ocrx_word' id='word_1_241' title='bbox 900 2621 937 2683; x_wconf 88' lang='lat' dir='ltr'>ut</span> <span class='ocrx_word' id='word_1_242' title='bbox 949 2618 985 2682; x_wconf 93' lang='lat' dir='ltr'>in</span> <span class='ocrx_word' id='word_1_243' title='bbox 997 2636 1149 2702; x_wconf 86' lang='lat' dir='ltr'>persona,</span> <span class='ocrx_word' id='word_1_244' title='bbox 1164 2617 1240 2702; x_wconf 89' lang='lat' dir='ltr'>quia</span> <span class='ocrx_word' id='word_1_245' title='bbox 1260 2637 1327 2684; x_wconf 90' lang='lat' dir='ltr'>non</span> <span class='ocrx_word' id='word_1_246' title='bbox 1382 2619 1485 2699; x_wconf 90' lang='lat' dir='ltr'>modi,</span> <span class='ocrx_word' id='word_1_247' title='bbox 1500 2638 1573 2703; x_wconf 83' lang='lat' dir='ltr'>quae</span> <span class='ocrx_word' id='word_1_248' title='bbox 1592 2620 1702 2687; x_wconf 79' lang='lat' dir='ltr'>dicum</span> <span class='ocrx_word' id='word_1_249' title='bbox 1719 2628 1899 2705; x_wconf 80' lang='lat' dir='ltr'>respectum</span> <span class='ocrx_word' id='word_1_250' title='bbox 1911 2625 1956 2689; x_wconf 84' lang='lat' dir='ltr'>ad</span> <span class='ocrx_word' id='word_1_251' title='bbox 1979 2652 2004 2681; x_wconf 86' lang='grc' dir='ltr'>ι·</span> <span class='ocrx_word' id='word_1_252' title='bbox 2033 2654 2050 2682; x_wconf 75' lang='lat'>·.</span> 
     </span>
     <span class='ocr_line' id='line_1_22' title="bbox 562 2726 2050 2811; baseline 0.005 -21"><span class='ocrx_word' id='word_1_253' title='bbox 562 2729 598 2792; x_wconf 91' lang='lat' dir='ltr'>in</span> <span class='ocrx_word' id='word_1_254' title='bbox 614 2726 755 2810; x_wconf 87' lang='lat' dir='ltr'>qualibet</span> <span class='ocrx_word' id='word_1_255' title='bbox 766 2744 901 2809; x_wconf 89' lang='lat' dir='ltr'>persona</span> <span class='ocrx_word' id='word_1_256' title='bbox 912 2728 959 2790; x_wconf 89' lang='lat' dir='ltr'>est</span> <span class='ocrx_word' id='word_1_257' title='bbox 970 2729 1087 2794; x_wconf 87' lang='lat' dir='ltr'>natura</span> <span class='ocrx_word' id='word_1_258' title='bbox 1098 2726 1258 2805; x_wconf 79' lang='lat' dir='ltr'>faecunda,</span> <span class='ocrx_word' id='word_1_259' title='bbox 1273 2726 1328 2791; x_wconf 86' lang='lat' dir='ltr'>sed</span> <span class='ocrx_word' id='word_1_260' title='bbox 1381 2729 1414 2791; x_wconf 88' lang='lat' dir='ltr'>et</span> <span class='ocrx_word' id='word_1_261' title='bbox 1427 2727 1498 2792; x_wconf 88' lang='lat' dir='ltr'>ideo</span> <span class='ocrx_word' id='word_1_262' title='bbox 1513 2728 1708 2811; x_wconf 87' lang='lat' dir='ltr'>personalia,</span> <span class='ocrx_word' id='word_1_263' title='bbox 1723 2734 1756 2794; x_wconf 86' lang='lat' dir='ltr'>et</span> <span class='ocrx_word' id='word_1_264' title='bbox 1768 2730 1920 2795; x_wconf 78' lang='lat' dir='ltr'>ellectum</span> <span class='ocrx_word' id='word_1_265' title='bbox 1938 2732 1978 2797; x_wconf 90' lang='lat' dir='ltr'>in</span> <span class='ocrx_word' id='word_1_266' title='bbox 1999 2760 2012 2788; x_wconf 83' lang='grc' dir='ltr'>ι</span> <span class='ocrx_word' id='word_1_267' title='bbox 2032 2760 2050 2788; x_wconf 68' lang='grc' dir='ltr'>ι</span> 
     </span>
     <span class='ocr_line' id='line_1_23' title="bbox 562 2833 1909 2918; baseline 0.002 -19"><span class='ocrx_word' id='word_1_268' title='bbox 562 2835 667 2899; x_wconf 93' lang='lat' dir='ltr'>solum</span> <span class='ocrx_word' id='word_1_269' title='bbox 683 2835 716 2899; x_wconf 92' lang='lat' dir='ltr'>in</span> <span class='ocrx_word' id='word_1_270' title='bbox 729 2852 863 2918; x_wconf 90' lang='lat' dir='ltr'>persona</span> <span class='ocrx_word' id='word_1_271' title='bbox 876 2833 978 2898; x_wconf 90' lang='lat' dir='ltr'>Patris</span> <span class='ocrx_word' id='word_1_272' title='bbox 993 2856 1001 2899; x_wconf 79' lang='grc' dir='ltr'><strong>ι</strong></span> <span class='ocrx_word' id='word_1_273' title='bbox 1016 2839 1048 2899; x_wconf 82' lang='grc'>31</span> <span class='ocrx_word' id='word_1_274' title='bbox 1059 2835 1120 2899; x_wconf 87' lang='lat' dir='ltr'>hoe</span> <span class='ocrx_word' id='word_1_275' title='bbox 1134 2838 1181 2899; x_wconf 89' lang='lat' dir='ltr'>est</span> <span class='ocrx_word' id='word_1_276' title='bbox 1191 2853 1249 2918; x_wconf 92' lang='lat' dir='ltr'>per</span> <span class='ocrx_word' id='word_1_277' title='bbox 1264 2834 1327 2900; x_wconf 86' lang='lat' dir='ltr'>ali·</span> <span class='ocrx_word' id='word_1_278' title='bbox 1382 2836 1414 2900; x_wconf 92' lang='lat' dir='ltr'>et</span> <span class='ocrx_word' id='word_1_279' title='bbox 1426 2834 1497 2900; x_wconf 88' lang='lat' dir='ltr'>ideo</span> <span class='ocrx_word' id='word_1_280' title='bbox 1510 2834 1716 2901; x_wconf 85' lang='lat' dir='ltr'>essentialiter</span> <span class='ocrx_word' id='word_1_281' title='bbox 1727 2837 1909 2902; x_wconf 85' lang='lat' dir='ltr'>suntdieta.</span> 
     </span>
     <span class='ocr_line' id='line_1_24' title="bbox 562 2941 2022 3027; baseline 0.003 -21"><span class='ocrx_word' id='word_1_282' title='bbox 562 2961 661 3027; x_wconf 90' lang='lat' dir='ltr'>quam</span> <span class='ocrx_word' id='word_1_283' title='bbox 673 2943 897 3026; x_wconf 85' lang='lat' dir='ltr'>proprietatem</span> <span class='ocrx_word' id='word_1_284' title='bbox 910 2960 983 3024; x_wconf 82' lang='lat' dir='ltr'>quae</span> <span class='ocrx_word' id='word_1_285' title='bbox 995 2945 1044 3006; x_wconf 87' lang='lat' dir='ltr'>est</span> <span class='ocrx_word' id='word_1_286' title='bbox 1053 2941 1151 3006; x_wconf 90' lang='lat' dir='ltr'>solius</span> <span class='ocrx_word' id='word_1_287' title='bbox 1162 2941 1248 3007; x_wconf 90' lang='lat' dir='ltr'>illius</span> <span class='ocrx_word' id='word_1_288' title='bbox 1257 2958 1329 3025; x_wconf 89' lang='lat' dir='ltr'>per·</span> <span class='ocrx_word' id='word_1_289' title='bbox 1422 2941 1551 3009; x_wconf 86' lang='lat' dir='ltr'>Duabus</span> <span class='ocrx_word' id='word_1_290' title='bbox 1570 2943 1750 3009; x_wconf 85' lang='lat' dir='ltr'>rationibus</span> <span class='ocrx_word' id='word_1_291' title='bbox 1768 2945 1983 3027; x_wconf 73' lang='lat' dir='ltr'>mouentibus</span> <span class='ocrx_word' id='word_1_292' title='bbox 2009 2974 2022 3002; x_wconf 84' lang='grc' dir='ltr'>ι·</span> 
     </span>
     <span class='ocr_line' id='line_1_25' title="bbox 563 3049 2040 3134; baseline 0.004 -21"><span class='ocrx_word' id='word_1_293' title='bbox 563 3068 661 3115; x_wconf 80' lang='lat' dir='ltr'>sonae.</span> <span class='ocrx_word' id='word_1_294' title='bbox 676 3049 748 3115; x_wconf 89' lang='lat' dir='ltr'>Non</span> <span class='ocrx_word' id='word_1_295' title='bbox 766 3049 811 3114; x_wconf 88' lang='lat' dir='ltr'>sie</span> <span class='ocrx_word' id='word_1_296' title='bbox 824 3052 870 3114; x_wconf 87' lang='lat' dir='ltr'>est</span> <span class='ocrx_word' id='word_1_297' title='bbox 883 3049 919 3112; x_wconf 93' lang='lat' dir='ltr'>in</span> <span class='ocrx_word' id='word_1_298' title='bbox 932 3049 1154 3131; x_wconf 84' lang='lat' dir='ltr'>inferioribus,</span> <span class='ocrx_word' id='word_1_299' title='bbox 1168 3050 1250 3113; x_wconf 86' lang='lat' dir='ltr'>sieut</span> <span class='ocrx_word' id='word_1_300' title='bbox 1258 3053 1328 3132; x_wconf 84' lang='lat' dir='ltr'>jam</span> <span class='ocrx_word' id='word_1_301' title='bbox 1382 3052 1586 3133; x_wconf 79' lang='lat' dir='ltr'>respondere3</span> <span class='ocrx_word' id='word_1_302' title='bbox 1601 3052 1678 3134; x_wconf 87' lang='lat' dir='ltr'>quia</span> <span class='ocrx_word' id='word_1_303' title='bbox 1690 3052 1771 3117; x_wconf 88' lang='lat' dir='ltr'>illud</span> <span class='ocrx_word' id='word_1_304' title='bbox 1783 3070 1850 3117; x_wconf 92' lang='lat' dir='ltr'>non</span> <span class='ocrx_word' id='word_1_305' title='bbox 1862 3052 1965 3119; x_wconf 87' lang='lat' dir='ltr'>habet</span> <span class='ocrx_word' id='word_1_306' title='bbox 1974 3074 2018 3121; x_wconf 65' lang='lat' dir='ltr'>ve·</span> <span class='ocrx_word' id='word_1_307' title='bbox 2033 3056 2040 3067; x_wconf 92' lang='lat'>&#39;</span> 
     </span>
    </p>
   </div>
   <div class='ocr_carea' id='block_1_3' title="bbox 563 3138 2050 3351">
    <p class='ocr_par' dir='ltr' id='par_1_3' title="bbox 563 3138 2050 3351">
     <span class='ocr_line' id='line_1_26' title="bbox 563 3138 2050 3245; baseline 0.003 -22"><span class='ocrx_word' id='word_1_308' title='bbox 563 3159 681 3243; x_wconf 87' lang='lat' dir='ltr'>patebit</span> <span class='ocrx_word' id='word_1_309' title='bbox 695 3180 703 3223; x_wconf 74' lang='grc' dir='ltr'><strong>ι</strong></span> <span class='ocrx_word' id='word_1_310' title='bbox 718 3159 789 3224; x_wconf 87' lang='lat' dir='ltr'>ideo</span> <span class='ocrx_word' id='word_1_311' title='bbox 801 3160 887 3239; x_wconf 88' lang='lat' dir='ltr'>patet</span> <span class='ocrx_word' id='word_1_312' title='bbox 898 3138 985 3239; x_wconf 70' lang='lat' dir='ltr'>puod</span> <span class='ocrx_word' id='word_1_313' title='bbox 996 3157 1075 3221; x_wconf 93' lang='lat' dir='ltr'>illud</span> <span class='ocrx_word' id='word_1_314' title='bbox 1086 3175 1152 3222; x_wconf 90' lang='lat' dir='ltr'>non</span> <span class='ocrx_word' id='word_1_315' title='bbox 1171 3158 1266 3222; x_wconf 86' lang='lat' dir='ltr'>valet.</span> <span class='ocrx_word' id='word_1_316' title='bbox 1381 3158 1443 3222; x_wconf 90' lang='lat' dir='ltr'>nisi</span> <span class='ocrx_word' id='word_1_317' title='bbox 1465 3159 1595 3241; x_wconf 87' lang='lat' dir='ltr'>quando</span> <span class='ocrx_word' id='word_1_318' title='bbox 1615 3163 1705 3225; x_wconf 86' lang='lat' dir='ltr'>actus</span> <span class='ocrx_word' id='word_1_319' title='bbox 1726 3161 1951 3245; x_wconf 83' lang='lat' dir='ltr'>eomplectitur</span> <span class='ocrx_word' id='word_1_320' title='bbox 1973 3167 2050 3229; x_wconf 57' lang='lat' dir='ltr'>»ton</span> 
     </span>
     <span class='ocr_line' id='line_1_27' title="bbox 602 3265 2039 3351; baseline 0.003 -20"><span class='ocrx_word' id='word_1_321' title='bbox 602 3270 634 3331; x_wconf 84' lang='lat'>3.</span> <span class='ocrx_word' id='word_1_322' title='bbox 648 3265 698 3331; x_wconf 81' lang='lat' dir='ltr'>Ao</span> <span class='ocrx_word' id='word_1_323' title='bbox 710 3265 788 3329; x_wconf 91' lang='lat' dir='ltr'>illud</span> <span class='ocrx_word' id='word_1_324' title='bbox 801 3265 885 3348; x_wconf 88' lang='lat' dir='ltr'>quod</span> <span class='ocrx_word' id='word_1_325' title='bbox 896 3265 1045 3346; x_wconf 84' lang='lat' dir='ltr'>objicitur</span> <span class='ocrx_word' id='word_1_326' title='bbox 1056 3265 1143 3347; x_wconf 88' lang='lat' dir='ltr'>quod</span> <span class='ocrx_word' id='word_1_327' title='bbox 1153 3265 1189 3329; x_wconf 89' lang='lat' dir='ltr'>in</span> <span class='ocrx_word' id='word_1_328' title='bbox 1199 3266 1329 3331; x_wconf 83' lang='lat' dir='ltr'>aeternis</span> <span class='ocrx_word' id='word_1_329' title='bbox 1382 3265 1537 3331; x_wconf 88' lang='lat' dir='ltr'>tentiam:</span> <span class='ocrx_word' id='word_1_330' title='bbox 1552 3284 1618 3331; x_wconf 93' lang='lat' dir='ltr'>non</span> <span class='ocrx_word' id='word_1_331' title='bbox 1638 3266 1684 3331; x_wconf 87' lang='lat' dir='ltr'>sie</span> <span class='ocrx_word' id='word_1_332' title='bbox 1700 3270 1748 3331; x_wconf 90' lang='lat' dir='ltr'>est</span> <span class='ocrx_word' id='word_1_333' title='bbox 1764 3267 1798 3331; x_wconf 94' lang='lat' dir='ltr'>in</span> <span class='ocrx_word' id='word_1_334' title='bbox 1818 3269 1963 3351; x_wconf 83' lang='lat' dir='ltr'>potentia</span> <span class='ocrx_word' id='word_1_335' title='bbox 1986 3269 2039 3335; x_wconf 77' lang='lat' dir='ltr'>oa·</span> 
     </span>
    </p>
   </div>
   <div class='ocr_carea' id='block_1_4' title="bbox 560 3371 2050 5507">
    <p class='ocr_par' dir='ltr' id='par_1_4' title="bbox 561 3371 2050 4104">
     <span class='ocr_line' id='line_1_28' title="bbox 563 3371 2042 3460; baseline 0.003 -22"><span class='ocrx_word' id='word_1_336' title='bbox 563 3375 610 3438; x_wconf 90' lang='lat' dir='ltr'>est</span> <span class='ocrx_word' id='word_1_337' title='bbox 622 3372 709 3438; x_wconf 88' lang='lat' dir='ltr'>idem</span> <span class='ocrx_word' id='word_1_338' title='bbox 721 3388 786 3439; x_wconf 88' lang='grc'><em>3333</em></span> <span class='ocrx_word' id='word_1_339' title='bbox 797 3376 829 3436; x_wconf 88' lang='lat' dir='ltr'>et</span> <span class='ocrx_word' id='word_1_340' title='bbox 846 3371 1157 3454; x_wconf 62' lang='lat' dir='ltr'>praeeminendum,</span> <span class='ocrx_word' id='word_1_341' title='bbox 1172 3373 1259 3456; x_wconf 76' lang='lat' dir='ltr'>quod</span> <span class='ocrx_word' id='word_1_342' title='bbox 1272 3391 1329 3439; x_wconf 90' lang='lat' dir='ltr'>ve-</span> <span class='ocrx_word' id='word_1_343' title='bbox 1382 3373 1494 3438; x_wconf 88' lang='lat' dir='ltr'>eadem</span> <span class='ocrx_word' id='word_1_344' title='bbox 1507 3378 1555 3439; x_wconf 90' lang='lat' dir='ltr'>est</span> <span class='ocrx_word' id='word_1_345' title='bbox 1564 3374 1702 3458; x_wconf 88' lang='lat' dir='ltr'>potentia</span> <span class='ocrx_word' id='word_1_346' title='bbox 1710 3375 1858 3457; x_wconf 77' lang='lat' dir='ltr'>gignere,</span> <span class='ocrx_word' id='word_1_347' title='bbox 1871 3382 1904 3441; x_wconf 90' lang='lat' dir='ltr'>et</span> <span class='ocrx_word' id='word_1_348' title='bbox 1914 3377 2042 3460; x_wconf 65' lang='lat' dir='ltr'>gigni·</span> 
     </span>
     <span class='ocr_line' id='line_1_29' title="bbox 561 3480 2047 3567; baseline 0.004 -22"><span class='ocrx_word' id='word_1_349' title='bbox 561 3499 637 3545; x_wconf 82' lang='lat' dir='ltr'>rum</span> <span class='ocrx_word' id='word_1_350' title='bbox 648 3484 706 3561; x_wconf 87' lang='lat' dir='ltr'>est,</span> <span class='ocrx_word' id='word_1_351' title='bbox 720 3481 891 3547; x_wconf 86' lang='lat' dir='ltr'>oedtamen</span> <span class='ocrx_word' id='word_1_352' title='bbox 904 3483 1135 3561; x_wconf 77' lang='lat' dir='ltr'>argumentum</span> <span class='ocrx_word' id='word_1_353' title='bbox 1144 3498 1211 3545; x_wconf 91' lang='lat' dir='ltr'>non</span> <span class='ocrx_word' id='word_1_354' title='bbox 1221 3480 1325 3545; x_wconf 90' lang='lat' dir='ltr'>valet:</span> <span class='ocrx_word' id='word_1_355' title='bbox 1424 3480 1474 3545; x_wconf 84' lang='lat' dir='ltr'>Ad</span> <span class='ocrx_word' id='word_1_356' title='bbox 1498 3481 1576 3547; x_wconf 90' lang='lat' dir='ltr'>illud</span> <span class='ocrx_word' id='word_1_357' title='bbox 1594 3481 1681 3565; x_wconf 84' lang='lat' dir='ltr'>quod</span> <span class='ocrx_word' id='word_1_358' title='bbox 1701 3482 1862 3565; x_wconf 82' lang='lat' dir='ltr'>objicitur,</span> <span class='ocrx_word' id='word_1_359' title='bbox 1887 3485 1979 3567; x_wconf 86' lang='lat' dir='ltr'>quod</span> <span class='ocrx_word' id='word_1_360' title='bbox 1998 3486 2047 3551; x_wconf 67' lang='lat' dir='ltr'>adu</span> 
     </span>
     <span class='ocr_line' id='line_1_30' title="bbox 562 3587 2044 3672; baseline 0.003 -18"><span class='ocrx_word' id='word_1_361' title='bbox 562 3588 711 3672; x_wconf 84' lang='lat' dir='ltr'>quamvis</span> <span class='ocrx_word' id='word_1_362' title='bbox 729 3588 818 3652; x_wconf 89' lang='lat' dir='ltr'>enim</span> <span class='ocrx_word' id='word_1_363' title='bbox 840 3587 974 3652; x_wconf 91' lang='lat' dir='ltr'>omnino</span> <span class='ocrx_word' id='word_1_364' title='bbox 998 3587 1039 3651; x_wconf 86' lang='lat' dir='ltr'>sit</span> <span class='ocrx_word' id='word_1_365' title='bbox 1057 3588 1142 3652; x_wconf 90' lang='lat' dir='ltr'>idem</span> <span class='ocrx_word' id='word_1_366' title='bbox 1158 3587 1194 3651; x_wconf 93' lang='lat' dir='ltr'>in</span> <span class='ocrx_word' id='word_1_367' title='bbox 1211 3587 1329 3653; x_wconf 82' lang='lat' dir='ltr'>divinis</span> <span class='ocrx_word' id='word_1_368' title='bbox 1382 3605 1474 3670; x_wconf 86' lang='lat' dir='ltr'>posse</span> <span class='ocrx_word' id='word_1_369' title='bbox 1484 3606 1649 3670; x_wconf 79' lang='lat' dir='ltr'>generare,</span> <span class='ocrx_word' id='word_1_370' title='bbox 1662 3593 1695 3653; x_wconf 86' lang='lat' dir='ltr'>et</span> <span class='ocrx_word' id='word_1_371' title='bbox 1704 3590 1869 3671; x_wconf 81' lang='lat' dir='ltr'>generari3</span> <span class='ocrx_word' id='word_1_372' title='bbox 1882 3591 2012 3658; x_wconf 89' lang='lat' dir='ltr'>dioend·</span> <span class='ocrx_word' id='word_1_373' title='bbox 2030 3623 2044 3648; x_wconf 89' lang='grc' dir='ltr'>ιι</span> 
     </span>
     <span class='ocr_line' id='line_1_31' title="bbox 564 3693 2034 3779; baseline 0.003 -17"><span class='ocrx_word' id='word_1_374' title='bbox 564 3712 647 3777; x_wconf 90' lang='grc'><em>3333,</em></span> <span class='ocrx_word' id='word_1_375' title='bbox 668 3700 701 3761; x_wconf 83' lang='grc'>31</span> <span class='ocrx_word' id='word_1_376' title='bbox 722 3710 787 3762; x_wconf 88' lang='grc'><em>3333</em></span> <span class='ocrx_word' id='word_1_377' title='bbox 806 3701 949 3779; x_wconf 67' lang='lat' dir='ltr'>patrem·</span> <span class='ocrx_word' id='word_1_378' title='bbox 968 3712 1035 3759; x_wconf 93' lang='lat' dir='ltr'>non</span> <span class='ocrx_word' id='word_1_379' title='bbox 1052 3697 1160 3759; x_wconf 88' lang='lat' dir='ltr'>tamen</span> <span class='ocrx_word' id='word_1_380' title='bbox 1183 3695 1328 3778; x_wconf 84' lang='lat' dir='ltr'>sequitur</span> <span class='ocrx_word' id='word_1_381' title='bbox 1382 3711 1449 3758; x_wconf 93' lang='lat' dir='ltr'>non</span> <span class='ocrx_word' id='word_1_382' title='bbox 1462 3694 1557 3760; x_wconf 90' lang='lat' dir='ltr'>valet.</span> <span class='ocrx_word' id='word_1_383' title='bbox 1579 3693 1732 3773; x_wconf 79' lang='lat' dir='ltr'>Quamvis</span> <span class='ocrx_word' id='word_1_384' title='bbox 1748 3697 1836 3761; x_wconf 87' lang='lat' dir='ltr'>enim</span> <span class='ocrx_word' id='word_1_385' title='bbox 1850 3697 1937 3764; x_wconf 88' lang='lat' dir='ltr'>idem</span> <span class='ocrx_word' id='word_1_386' title='bbox 1949 3701 1992 3765; x_wconf 86' lang='lat' dir='ltr'>sit</span> <span class='ocrx_word' id='word_1_387' title='bbox 2004 3705 2034 3766; x_wconf 90' lang='lat' dir='ltr'>et</span> 
     </span>
     <span class='ocr_line' id='line_1_32' title="bbox 563 3801 2049 3889; baseline -0.005 -20"><span class='ocrx_word' id='word_1_388' title='bbox 563 3804 670 3887; x_wconf 87' lang='lat' dir='ltr'>quod,</span> <span class='ocrx_word' id='word_1_389' title='bbox 691 3803 719 3867; x_wconf 89' lang='lat' dir='ltr'>si</span> <span class='ocrx_word' id='word_1_390' title='bbox 736 3819 802 3870; x_wconf 89' lang='grc'><em>3333</em></span> <span class='ocrx_word' id='word_1_391' title='bbox 821 3809 948 3886; x_wconf 82' lang='lat' dir='ltr'>patrem</span> <span class='ocrx_word' id='word_1_392' title='bbox 968 3805 1015 3866; x_wconf 88' lang='lat' dir='ltr'>est</span> <span class='ocrx_word' id='word_1_393' title='bbox 1034 3802 1221 3886; x_wconf 82' lang='lat' dir='ltr'>proprium,</span> <span class='ocrx_word' id='word_1_394' title='bbox 1242 3803 1329 3886; x_wconf 87' lang='lat' dir='ltr'>quod</span> <span class='ocrx_word' id='word_1_395' title='bbox 1383 3805 1416 3867; x_wconf 94' lang='lat' dir='ltr'>et</span> <span class='ocrx_word' id='word_1_396' title='bbox 1429 3801 1620 3883; x_wconf 84' lang='lat' dir='ltr'>substantia,</span> <span class='ocrx_word' id='word_1_397' title='bbox 1639 3821 1706 3867; x_wconf 92' lang='lat' dir='ltr'>non</span> <span class='ocrx_word' id='word_1_398' title='bbox 1723 3807 1832 3868; x_wconf 89' lang='lat' dir='ltr'>tamen</span> <span class='ocrx_word' id='word_1_399' title='bbox 1850 3807 2002 3889; x_wconf 81' lang='lat' dir='ltr'>sequitur</span> <span class='ocrx_word' id='word_1_400' title='bbox 2023 3836 2049 3864; x_wconf 75' lang='grc'>1(</span> 
     </span>
     <span class='ocr_line' id='line_1_33' title="bbox 563 3905 2050 3996; baseline -0.007 -17"><span class='ocrx_word' id='word_1_401' title='bbox 563 3928 630 3979; x_wconf 87' lang='grc'><em>3333</em></span> <span class='ocrx_word' id='word_1_402' title='bbox 652 3912 693 3975; x_wconf 92' lang='lat' dir='ltr'>sit</span> <span class='ocrx_word' id='word_1_403' title='bbox 716 3911 894 3996; x_wconf 90' lang='lat' dir='ltr'>proprium.</span> <span class='ocrx_word' id='word_1_404' title='bbox 923 3910 1073 3975; x_wconf 89' lang='lat' dir='ltr'>Similiter</span> <span class='ocrx_word' id='word_1_405' title='bbox 1098 3910 1269 3976; x_wconf 78' lang='lat' dir='ltr'>dicendum</span> <span class='ocrx_word' id='word_1_406' title='bbox 1293 3912 1330 3976; x_wconf 96' lang='lat' dir='ltr'>in</span> <span class='ocrx_word' id='word_1_407' title='bbox 1384 3905 1947 3996; x_wconf 80' lang='lat' dir='ltr'>Paterdiciturodottputd,quodet</span> <span class='ocrx_word' id='word_1_408' title='bbox 1962 3941 1989 3972; x_wconf 67' lang='lat' dir='ltr'>:a</span> <span class='ocrx_word' id='word_1_409' title='bbox 2006 3943 2050 3971; x_wconf 81' lang='grc'><strong>.</strong></span> 
     </span>
     <span class='ocr_line' id='line_1_34' title="bbox 562 4015 1860 4104; baseline 0 -20"><span class='ocrx_word' id='word_1_410' title='bbox 562 4018 734 4104; x_wconf 87' lang='lat' dir='ltr'>proposito.</span> <span class='ocrx_word' id='word_1_411' title='bbox 1383 4015 1465 4081; x_wconf 85' lang='lat' dir='ltr'>sieut</span> <span class='ocrx_word' id='word_1_412' title='bbox 1477 4016 1592 4083; x_wconf 91' lang='lat' dir='ltr'>melius</span> <span class='ocrx_word' id='word_1_413' title='bbox 1608 4018 1727 4100; x_wconf 89' lang='lat' dir='ltr'>patebit</span> <span class='ocrx_word' id='word_1_414' title='bbox 1738 4019 1823 4084; x_wconf 84' lang='lat' dir='ltr'>inira</span> <span class='ocrx_word' id='word_1_415' title='bbox 1836 4021 1860 4085; x_wconf 87' lang='lat'>¹.</span> 
     </span>
    </p>

    <p class='ocr_par' dir='ltr' id='par_1_5' title="bbox 560 4121 2050 5289">
     <span class='ocr_line' id='line_1_35' title="bbox 601 4121 2047 4211; baseline 0.003 -20"><span class='ocrx_word' id='word_1_416' title='bbox 601 4125 1327 4211; x_wconf 60' lang='grc'><em>3111111313331313131131133313313331</em></span> <span class='ocrx_word' id='word_1_417' title='bbox 1423 4121 2006 4196; x_wconf 76' lang='lat' dir='ltr'>Duabusultimisrationibnsdifflaile</span> <span class='ocrx_word' id='word_1_418' title='bbox 2020 4159 2047 4186; x_wconf 58' lang='lat' dir='ltr'>&gt;a</span> 
     </span>
     <span class='ocr_line' id='line_1_36' title="bbox 561 4231 2047 4319; baseline 0 -17"><span class='ocrx_word' id='word_1_419' title='bbox 561 4236 637 4302; x_wconf 83' lang='lat' dir='ltr'>dicit</span> <span class='ocrx_word' id='word_1_420' title='bbox 655 4234 754 4319; x_wconf 73' lang='lat' dir='ltr'>quid,</span> <span class='ocrx_word' id='word_1_421' title='bbox 777 4234 843 4299; x_wconf 87' lang='lat' dir='ltr'>sive</span> <span class='ocrx_word' id='word_1_422' title='bbox 864 4251 921 4317; x_wconf 89' lang='lat' dir='ltr'>per</span> <span class='ocrx_word' id='word_1_423' title='bbox 944 4250 978 4298; x_wconf 90' lang='lat' dir='ltr'>se</span> <span class='ocrx_word' id='word_1_424' title='bbox 999 4233 1138 4315; x_wconf 84' lang='lat' dir='ltr'>dicatm,</span> <span class='ocrx_word' id='word_1_425' title='bbox 1161 4235 1229 4302; x_wconf 84' lang='lat' dir='ltr'>sive</span> <span class='ocrx_word' id='word_1_426' title='bbox 1253 4256 1327 4303; x_wconf 86' lang='lat' dir='ltr'>eum</span> <span class='ocrx_word' id='word_1_427' title='bbox 1383 4231 1586 4313; x_wconf 87' lang='lat' dir='ltr'>respondere;</span> <span class='ocrx_word' id='word_1_428' title='bbox 1602 4235 1711 4297; x_wconf 86' lang='lat' dir='ltr'>tamen</span> <span class='ocrx_word' id='word_1_429' title='bbox 1727 4238 1829 4317; x_wconf 81' lang='lat' dir='ltr'>potest</span> <span class='ocrx_word' id='word_1_430' title='bbox 1840 4235 1916 4318; x_wconf 83' lang='lat' dir='ltr'>quis</span> <span class='ocrx_word' id='word_1_431' title='bbox 1930 4237 2047 4313; x_wconf 73' lang='lat' dir='ltr'>dicere,</span> 
     </span>
     <span class='ocr_line' id='line_1_37' title="bbox 560 4337 2045 4426; baseline -0.003 -16"><span class='ocrx_word' id='word_1_432' title='bbox 560 4345 638 4426; x_wconf 92' lang='lat' dir='ltr'>alio;</span> <span class='ocrx_word' id='word_1_433' title='bbox 669 4343 853 4420; x_wconf 79' lang='lat' dir='ltr'>uiuendum,</span> <span class='ocrx_word' id='word_1_434' title='bbox 881 4343 966 4426; x_wconf 87' lang='lat' dir='ltr'>quod</span> <span class='ocrx_word' id='word_1_435' title='bbox 995 4360 1062 4407; x_wconf 92' lang='lat' dir='ltr'>non</span> <span class='ocrx_word' id='word_1_436' title='bbox 1088 4346 1137 4408; x_wconf 86' lang='lat' dir='ltr'>est</span> <span class='ocrx_word' id='word_1_437' title='bbox 1157 4343 1262 4411; x_wconf 87' lang='lat' dir='ltr'>simila</span> <span class='ocrx_word' id='word_1_438' title='bbox 1289 4346 1329 4411; x_wconf 90' lang='lat' dir='ltr'>de</span> <span class='ocrx_word' id='word_1_439' title='bbox 1383 4338 1521 4402; x_wconf 67' lang='lat' dir='ltr'>rationes</span> <span class='ocrx_word' id='word_1_440' title='bbox 1533 4337 1597 4402; x_wconf 78' lang='lat' dir='ltr'>illae</span> <span class='ocrx_word' id='word_1_441' title='bbox 1611 4357 1678 4403; x_wconf 86' lang='lat' dir='ltr'>non</span> <span class='ocrx_word' id='word_1_442' title='bbox 1695 4340 1891 4406; x_wconf 79' lang='lat' dir='ltr'>concludunt</span> <span class='ocrx_word' id='word_1_443' title='bbox 1907 4344 1995 4426; x_wconf 81' lang='lat' dir='ltr'>quod</span> <span class='ocrx_word' id='word_1_444' title='bbox 2021 4371 2045 4399; x_wconf 94' lang='grc' dir='ltr'>ιι</span> 
     </span>
     <span class='ocr_line' id='line_1_38' title="bbox 560 4443 2050 4536; baseline -0.001 -19"><span class='ocrx_word' id='word_1_445' title='bbox 560 4452 690 4518; x_wconf 85' lang='lat' dir='ltr'>seientia</span> <span class='ocrx_word' id='word_1_446' title='bbox 698 4457 730 4517; x_wconf 90' lang='lat' dir='ltr'>et</span> <span class='ocrx_word' id='word_1_447' title='bbox 741 4450 892 4536; x_wconf 88' lang='lat' dir='ltr'>potentia.</span> <span class='ocrx_word' id='word_1_448' title='bbox 908 4447 1046 4515; x_wconf 80' lang='lat' dir='ltr'>Scientia</span> <span class='ocrx_word' id='word_1_449' title='bbox 1054 4450 1153 4530; x_wconf 90' lang='lat' dir='ltr'>enim,</span> <span class='ocrx_word' id='word_1_450' title='bbox 1167 4455 1328 4535; x_wconf 85' lang='lat' dir='ltr'>quantum</span> <span class='ocrx_word' id='word_1_451' title='bbox 1383 4443 1466 4509; x_wconf 70' lang='lat' dir='ltr'>dicat</span> <span class='ocrx_word' id='word_1_452' title='bbox 1486 4443 1532 4511; x_wconf 75' lang='lat' dir='ltr'>ad</span> <span class='ocrx_word' id='word_1_453' title='bbox 1550 4443 1679 4527; x_wconf 74' lang='lat' dir='ltr'>aliquid</span> <span class='ocrx_word' id='word_1_454' title='bbox 1697 4446 1738 4511; x_wconf 88' lang='lat' dir='ltr'>de</span> <span class='ocrx_word' id='word_1_455' title='bbox 1759 4466 1808 4527; x_wconf 90' lang='lat' dir='ltr'>se;</span> <span class='ocrx_word' id='word_1_456' title='bbox 1828 4447 1886 4512; x_wconf 88' lang='lat' dir='ltr'>sed</span> <span class='ocrx_word' id='word_1_457' title='bbox 1905 4449 2010 4515; x_wconf 86' lang='lat' dir='ltr'>solum</span> <span class='ocrx_word' id='word_1_458' title='bbox 2048 4495 2050 4503; x_wconf 45' lang='grc' dir='ltr'>ι</span> 
     </span>
     <span class='ocr_line' id='line_1_39' title="bbox 560 4550 2049 4642; baseline 0.008 -17"><span class='ocrx_word' id='word_1_459' title='bbox 560 4565 607 4625; x_wconf 90' lang='lat' dir='ltr'>est</span> <span class='ocrx_word' id='word_1_460' title='bbox 615 4561 654 4626; x_wconf 89' lang='lat' dir='ltr'>de</span> <span class='ocrx_word' id='word_1_461' title='bbox 662 4578 707 4640; x_wconf 88' lang='lat' dir='ltr'>se,</span> <span class='ocrx_word' id='word_1_462' title='bbox 716 4558 790 4624; x_wconf 78' lang='lat' dir='ltr'>dicit</span> <span class='ocrx_word' id='word_1_463' title='bbox 798 4557 984 4642; x_wconf 83' lang='lat' dir='ltr'>qualitatem</span> <span class='ocrx_word' id='word_1_464' title='bbox 993 4558 1190 4641; x_wconf 82' lang='lat' dir='ltr'>ahsolutem3</span> <span class='ocrx_word' id='word_1_465' title='bbox 1203 4564 1234 4625; x_wconf 87' lang='lat' dir='ltr'>et</span> <span class='ocrx_word' id='word_1_466' title='bbox 1242 4561 1327 4640; x_wconf 88' lang='lat' dir='ltr'>ideo,</span> <span class='ocrx_word' id='word_1_467' title='bbox 1383 4550 1541 4634; x_wconf 67' lang='lat' dir='ltr'>fldt&#39;ffllssfi,</span> <span class='ocrx_word' id='word_1_468' title='bbox 1570 4553 1657 4635; x_wconf 70' lang='lat' dir='ltr'><strong>(1¹10d</strong></span> <span class='ocrx_word' id='word_1_469' title='bbox 1681 4557 1729 4619; x_wconf 62' lang='grc' dir='ltr'>θὸῑ</span> <span class='ocrx_word' id='word_1_470' title='bbox 1752 4572 1910 4637; x_wconf 59' lang='lat' dir='ltr'><strong>ssfflssffiffl</strong></span> <span class='ocrx_word' id='word_1_471' title='bbox 1936 4580 1945 4623; x_wconf 67' lang='grc' dir='ltr'><strong>ἓ</strong></span> <span class='ocrx_word' id='word_1_472' title='bbox 1973 4557 2049 4623; x_wconf 70' lang='grc' dir='ltr'>θΗῖ</span> 
     </span>
     <span class='ocr_line' id='line_1_40' title="bbox 560 4661 1543 4751; baseline -0.01 -19"><span class='ocrx_word' id='word_1_473' title='bbox 560 4670 719 4751; x_wconf 87' lang='lat' dir='ltr'>quantum</span> <span class='ocrx_word' id='word_1_474' title='bbox 736 4668 783 4730; x_wconf 89' lang='lat' dir='ltr'>est</span> <span class='ocrx_word' id='word_1_475' title='bbox 802 4665 840 4730; x_wconf 88' lang='grc'>(13</span> <span class='ocrx_word' id='word_1_476' title='bbox 858 4683 906 4745; x_wconf 88' lang='lat' dir='ltr'>se,</span> <span class='ocrx_word' id='word_1_477' title='bbox 922 4683 1047 4748; x_wconf 90' lang='lat' dir='ltr'>semper</span> <span class='ocrx_word' id='word_1_478' title='bbox 1063 4666 1140 4731; x_wconf 81' lang='lat' dir='ltr'>dicit</span> <span class='ocrx_word' id='word_1_479' title='bbox 1157 4668 1250 4751; x_wconf 79' lang='lat' dir='ltr'>qaid,</span> <span class='ocrx_word' id='word_1_480' title='bbox 1265 4669 1328 4733; x_wconf 89' lang='lat' dir='ltr'>nisi</span> <span class='ocrx_word' id='word_1_481' title='bbox 1383 4661 1466 4738; x_wconf 83' lang='lat' dir='ltr'>tent,</span> <span class='ocrx_word' id='word_1_482' title='bbox 1483 4662 1543 4725; x_wconf 87' lang='lat' dir='ltr'>ete.</span> 
     </span>
     <span class='ocr_line' id='line_1_41' title="bbox 560 4767 1888 4871; baseline 0.002 -36"><span class='ocrx_word' id='word_1_483' title='bbox 560 4769 706 4835; x_wconf 87' lang='lat' dir='ltr'>trahatur</span> <span class='ocrx_word' id='word_1_484' title='bbox 720 4767 851 4852; x_wconf 73' lang='lat' dir='ltr'>(oizsed</span> <span class='ocrx_word' id='word_1_485' title='bbox 864 4768 1005 4850; x_wconf 87' lang='lat' dir='ltr'>potentia</span> <span class='ocrx_word' id='word_1_486' title='bbox 1015 4768 1090 4833; x_wconf 84' lang='lat' dir='ltr'>dicit</span> <span class='ocrx_word' id='word_1_487' title='bbox 1105 4769 1328 4838; x_wconf 86' lang='lat' dir='ltr'>habitudinem</span> <span class='ocrx_word' id='word_1_488' title='bbox 1648 4792 1826 4871; x_wconf 70' lang='lat' dir='ltr'>QpAEsppo</span> <span class='ocrx_word' id='word_1_489' title='bbox 1846 4796 1888 4862; x_wconf 48' lang='grc' dir='ltr'>ῃ,</span> 
     </span>
     <span class='ocr_line' id='line_1_42' title="bbox 561 4876 1330 4960; baseline 0.003 -18"><span class='ocrx_word' id='word_1_490' title='bbox 561 4882 593 4942; x_wconf 85' lang='grc'>31</span> <span class='ocrx_word' id='word_1_491' title='bbox 605 4877 781 4960; x_wconf 74' lang='lat' dir='ltr'>originem,</span> <span class='ocrx_word' id='word_1_492' title='bbox 796 4880 829 4941; x_wconf 90' lang='lat' dir='ltr'>et</span> <span class='ocrx_word' id='word_1_493' title='bbox 841 4877 912 4941; x_wconf 87' lang='lat' dir='ltr'>ideo</span> <span class='ocrx_word' id='word_1_494' title='bbox 927 4879 1030 4960; x_wconf 89' lang='lat' dir='ltr'>potest</span> <span class='ocrx_word' id='word_1_495' title='bbox 1043 4876 1147 4942; x_wconf 84' lang='lat' dir='ltr'>dicere</span> <span class='ocrx_word' id='word_1_496' title='bbox 1163 4877 1330 4946; x_wconf 89' lang='lat' dir='ltr'>habitudi-</span> 
     </span>
     <span class='ocr_line' id='line_1_43' title="bbox 561 4984 1327 5069; baseline 0.004 -19"><span class='ocrx_word' id='word_1_497' title='bbox 561 5004 637 5063; x_wconf 85' lang='lat' dir='ltr'>nem</span> <span class='ocrx_word' id='word_1_498' title='bbox 660 4984 837 5068; x_wconf 91' lang='lat' dir='ltr'>propriam,</span> <span class='ocrx_word' id='word_1_499' title='bbox 865 4988 896 5048; x_wconf 93' lang='lat' dir='ltr'>et</span> <span class='ocrx_word' id='word_1_500' title='bbox 918 5002 1063 5067; x_wconf 83' lang='lat' dir='ltr'>personae</span> <span class='ocrx_word' id='word_1_501' title='bbox 1085 4984 1126 5049; x_wconf 90' lang='lat' dir='ltr'>ad</span> <span class='ocrx_word' id='word_1_502' title='bbox 1145 5003 1327 5069; x_wconf 88' lang='lat' dir='ltr'>personam.</span> 
     </span>
     <span class='ocr_line' id='line_1_44' title="bbox 562 5090 2043 5184; baseline 0.008 -27"><span class='ocrx_word' id='word_1_503' title='bbox 562 5091 651 5159; x_wconf 89' lang='lat' dir='ltr'>Unde</span> <span class='ocrx_word' id='word_1_504' title='bbox 663 5091 745 5157; x_wconf 87' lang='lat' dir='ltr'>illud</span> <span class='ocrx_word' id='word_1_505' title='bbox 756 5091 859 5156; x_wconf 87' lang='lat' dir='ltr'>simile</span> <span class='ocrx_word' id='word_1_506' title='bbox 872 5090 1014 5173; x_wconf 77' lang='lat' dir='ltr'>Magistri</span> <span class='ocrx_word' id='word_1_507' title='bbox 1034 5111 1101 5157; x_wconf 93' lang='lat' dir='ltr'>non</span> <span class='ocrx_word' id='word_1_508' title='bbox 1115 5093 1201 5159; x_wconf 87' lang='lat' dir='ltr'>valet</span> <span class='ocrx_word' id='word_1_509' title='bbox 1212 5113 1327 5162; x_wconf 84' lang='lat' dir='ltr'>seeun-</span> <span class='ocrx_word' id='word_1_510' title='bbox 1423 5096 1538 5165; x_wconf 90' lang='lat' dir='ltr'>Utrum</span> <span class='ocrx_word' id='word_1_511' title='bbox 1553 5100 1694 5184; x_wconf 86' lang='lat' dir='ltr'>potentia</span> <span class='ocrx_word' id='word_1_512' title='bbox 1705 5104 1884 5182; x_wconf 79' lang='lat' dir='ltr'>generandi</span> <span class='ocrx_word' id='word_1_513' title='bbox 1900 5104 1987 5169; x_wconf 86' lang='lat' dir='ltr'>sitin</span> <span class='ocrx_word' id='word_1_514' title='bbox 2008 5110 2043 5157; x_wconf 60' lang='lat' dir='ltr'>&#39;a</span> 
     </span>
     <span class='ocr_line' id='line_1_45' title="bbox 562 5199 1997 5289; baseline 0.008 -23"><span class='ocrx_word' id='word_1_515' title='bbox 562 5202 642 5267; x_wconf 90' lang='lat' dir='ltr'>dum</span> <span class='ocrx_word' id='word_1_516' title='bbox 652 5199 737 5265; x_wconf 87' lang='lat' dir='ltr'>hane</span> <span class='ocrx_word' id='word_1_517' title='bbox 758 5199 962 5282; x_wconf 86' lang='lat' dir='ltr'>positionem,</span> <span class='ocrx_word' id='word_1_518' title='bbox 983 5199 1086 5282; x_wconf 87' lang='lat' dir='ltr'>quod,</span> <span class='ocrx_word' id='word_1_519' title='bbox 1101 5200 1182 5267; x_wconf 87' lang='lat' dir='ltr'>sieut</span> <span class='ocrx_word' id='word_1_520' title='bbox 1195 5221 1262 5268; x_wconf 91' lang='lat' dir='ltr'>una</span> <span class='ocrx_word' id='word_1_521' title='bbox 1282 5207 1330 5268; x_wconf 89' lang='lat' dir='ltr'>est</span> <span class='ocrx_word' id='word_1_522' title='bbox 1382 5207 1470 5289; x_wconf 80' lang='lat' dir='ltr'>quod</span> <span class='ocrx_word' id='word_1_523' title='bbox 1482 5207 1546 5285; x_wconf 86' lang='lat' dir='ltr'>sio,</span> <span class='ocrx_word' id='word_1_524' title='bbox 1566 5207 1694 5274; x_wconf 85' lang='lat' dir='ltr'>videtur</span> <span class='ocrx_word' id='word_1_525' title='bbox 1711 5211 1952 5277; x_wconf 82' lang='lat' dir='ltr'>auetoritatibus</span> <span class='ocrx_word' id='word_1_526' title='bbox 1966 5215 1997 5276; x_wconf 81' lang='lat' dir='ltr'>et</span> 
     </span>
    </p>

    <p class='ocr_par' dir='ltr' id='par_1_6' title="bbox 596 5313 1454 5412">
     <span class='ocr_line' id='line_1_46' title="bbox 596 5313 1454 5412; baseline 0.002 -17"><span class='ocrx_word' id='word_1_527' title='bbox 596 5344 679 5395; x_wconf 79' lang='lat' dir='ltr'>¹illst.</span> <span class='ocrx_word' id='word_1_528' title='bbox 689 5353 780 5406; x_wconf 83' lang='lat' dir='ltr'>xxvu,</span> <span class='ocrx_word' id='word_1_529' title='bbox 794 5354 821 5407; x_wconf 82' lang='lat' dir='ltr'>q.</span> <span class='ocrx_word' id='word_1_530' title='bbox 831 5353 910 5393; x_wconf 92' lang='lat'>111.-</span> <span class='ocrx_word' id='word_1_531' title='bbox 921 5341 930 5373; x_wconf 85' lang='lat'>²</span> <span class='ocrx_word' id='word_1_532' title='bbox 941 5341 982 5408; x_wconf 80' lang='lat' dir='ltr'>cs.</span> <span class='ocrx_word' id='word_1_533' title='bbox 997 5344 1025 5395; x_wconf 85' lang='lat' dir='ltr'>s.</span> <span class='ocrx_word' id='word_1_534' title='bbox 1037 5342 1140 5410; x_wconf 74' lang='lat' dir='ltr'>thom,</span> <span class='ocrx_word' id='word_1_535' title='bbox 1153 5359 1179 5411; x_wconf 90' lang='lat' dir='ltr'>p.</span> <span class='ocrx_word' id='word_1_536' title='bbox 1192 5346 1218 5411; x_wconf 90' lang='lat'>1,</span> <span class='ocrx_word' id='word_1_537' title='bbox 1232 5360 1258 5410; x_wconf 88' lang='lat' dir='ltr'>q.</span> <span class='ocrx_word' id='word_1_538' title='bbox 1268 5357 1327 5412; x_wconf 85' lang='lat' dir='ltr'>xm,</span> <span class='ocrx_word' id='word_1_539' title='bbox 1383 5313 1454 5379; x_wconf 62' lang='lat' dir='ltr'><strong>bus·</strong></span> 
     </span>
    </p>

    <p class='ocr_par' dir='ltr' id='par_1_7' title="bbox 596 5431 2050 5507">
     <span class='ocr_line' id='line_1_47' title="bbox 596 5431 2050 5507; baseline 0.007 -23"><span class='ocrx_word' id='word_1_540' title='bbox 596 5435 627 5501; x_wconf 82' lang='lat' dir='ltr'>(a)</span> <span class='ocrx_word' id='word_1_541' title='bbox 636 5431 1326 5500; x_wconf 75' lang='lat' dir='ltr'>suppl.adpersonam.-(b)Ed.V.persona,meodose.</span> <span class='ocrx_word' id='word_1_542' title='bbox 1382 5440 1466 5505; x_wconf 62' lang='grc'><em>3116,</em></span> <span class='ocrx_word' id='word_1_543' title='bbox 1481 5443 1506 5491; x_wconf 83' lang='grc'>31</span> <span class='ocrx_word' id='word_1_544' title='bbox 1519 5441 1529 5491; x_wconf 92' lang='lat' dir='ltr'>l</span> <span class='ocrx_word' id='word_1_545' title='bbox 1542 5441 1623 5506; x_wconf 77' lang='lat' dir='ltr'>seut,</span> <span class='ocrx_word' id='word_1_546' title='bbox 1636 5441 1696 5493; x_wconf 82' lang='lat' dir='ltr'>dist.</span> <span class='ocrx_word' id='word_1_547' title='bbox 1706 5451 1753 5507; x_wconf 78' lang='lat' dir='ltr'>vn,</span> <span class='ocrx_word' id='word_1_548' title='bbox 1767 5454 1795 5507; x_wconf 83' lang='lat' dir='ltr'>q.</span> <span class='ocrx_word' id='word_1_549' title='bbox 1804 5452 1839 5506; x_wconf 85' lang='lat'>11,</span> <span class='ocrx_word' id='word_1_550' title='bbox 1852 5443 1940 5506; x_wconf 67' lang='grc'><em>3311,</em></span> <span class='ocrx_word' id='word_1_551' title='bbox 1953 5441 2016 5494; x_wconf 62' lang='lat' dir='ltr'>affl.</span> <span class='ocrx_word' id='word_1_552' title='bbox 2048 5461 2050 5482; x_wconf 69' lang='grc' dir='ltr'>ι</span> 
     </span>
    </p>
   </div>
   <div class='ocr_carea' id='block_1_5' title="bbox 1489 4947 2038 5022">
    <p class='ocr_par' dir='ltr' id='par_1_8' title="bbox 1489 4947 2038 5022">
     <span class='ocr_line' id='line_1_48' title="bbox 1489 4947 2038 5022; baseline 0 -18"><span class='ocrx_word' id='word_1_553' title='bbox 1489 4948 1537 5004; x_wconf 77' lang='lat' dir='ltr'>Aa</span> <span class='ocrx_word' id='word_1_554' title='bbox 1546 4949 1674 5022; x_wconf 80' lang='lat' dir='ltr'>potentio</span> <span class='ocrx_word' id='word_1_555' title='bbox 1684 4951 1832 5021; x_wconf 70' lang='grc'><em>9333333133·</em></span> <span class='ocrx_word' id='word_1_556' title='bbox 1844 4954 1883 5010; x_wconf 81' lang='lat' dir='ltr'>sit</span> <span class='ocrx_word' id='word_1_557' title='bbox 1896 4955 1928 5009; x_wconf 76' lang='lat' dir='ltr'>ia</span> <span class='ocrx_word' id='word_1_558' title='bbox 1940 4952 2010 5008; x_wconf 79' lang='lat' dir='ltr'>Filio</span> <span class='ocrx_word' id='word_1_559' title='bbox 2019 4947 2038 5003; x_wconf 69' lang='lat'>³.</span> 
     </span>
    </p>
   </div>
   <div class='ocr_carea' id='block_1_6' title="bbox 0 0 2054 6294">
    <p class='ocr_par' dir='ltr' id='par_1_9' title="bbox 0 0 2054 6294">
     <span class='ocr_line' id='line_1_49' title="bbox 0 0 2054 6294; baseline 0 0"><span class='ocrx_word' id='word_1_560' title='bbox 0 0 2054 6294; x_wconf 95' lang='lat' dir='ltr'> </span> 
     </span>
    </p>
   </div>
  </div>
 </body>
</html>
