4100 6300
703 502 893 570 DISTINCT.
914 503 1006 571 XXV.
1590 509 1650 574 399

81 674 133 721 nas
144 655 248 718 autem
260 643 410 727 dicimus,
425 641 509 709 sicut
521 640 572 709 illi
584 639 698 708 dicunt
711 639 920 725 substantias,
937 639 1042 726 idest,
1057 638 1257 732 hypostases.
1274 637 1329 708 Sic
1342 661 1493 729 argones
1509 640 1556 711 ita
1568 643 1635 711 acci

80 769 179 859 pimus
201 781 366 855 personas,
388 766 426 826 ut
453 756 503 825 illi
526 756 688 846 accipiunt
711 754 908 824 substantias
933 755 987 823 vel
1007 755 1215 847 hypostascs3
1241 763 1274 823 et
1298 755 1350 824 illi
1371 756 1466 824 aliter
1486 758 1651 849 accipiunt

78 885 275 974 hypostases,
296 899 398 967 quam
425 898 484 944 nos
507 873 723 943 substantiam
741 871 859 941 :aliter
880 894 958 961 ergo
984 893 1045 940 nos
1066 870 1243 962 accipimus
1256 892 1433 961 personas,
1453 896 1553 964 quam
1572 873 1650 942 suh-

77 997 230 1066 stautiam.
247 994 329 1062 Cum
348 1014 425 1082 ergo
449 991 590 1059 dicimus
613 998 677 1057 tres
692 1009 864 1080 personas,
884 1010 952 1056 non
971 987 1019 1055 ihi
1041 1009 1189 1078 persona
1208 987 1342 1055 nomine
1364 989 1534 1057 essentiam
1548 988 1649 1078 signi-

75 1113 212 1181 ficamus.
229 1108 315 1191 Quid
336 1131 414 1197 ergo
436 1107 599 1176 dicimus?
620 1105 768 1174 Dicimus
785 1104 864 1195 quia
881 1112 947 1172 tres
963 1125 1113 1195 personae
1134 1112 1229 1188 sunt,
1244 1102 1278 1171 id
1299 1111 1367 1189 est,
1382 1111 1447 1174 tres
1469 1104 1649 1173 subsisten-

76 1231 123 1298 tiae
139 1229 200 1320 (a),
216 1227 336 1295 scilicet
357 1235 423 1293 tres
437 1232 528 1294 entes
546 1248 554 1290 ι
569 1245 630 1315 pro
643 1245 710 1314 quo
723 1222 828 1290 Graeci
841 1222 955 1289 dieunt
969 1228 1035 1289 tres
1047 1220 1246 1312 hypostases.

112 1346 152 1412 Et
163 1344 214 1411 hic
227 1363 339 1410 sensus
352 1340 529 1432 adjuvatur
542 1361 583 1407 ex
595 1339 704 1406 verbis
717 1337 897 1426 Augustini
910 1335 1098 1428 praemissis,
1117 1335 1144 1403 si
1158 1335 1297 1403 interius
1310 1334 1549 1426 intelligantur.
1560 1337 1647 1419 Quia
1669 1326 1771 1432 ⁰ffiff¹¹

72 1461 153 1530 euim
173 1459 268 1527 Pater
290 1463 338 1526 est
354 1479 510 1548 persona,
526 1454 560 1523 id
574 1461 633 1540 est,
649 1454 799 1538 essentia,
814 1461 847 1521 et
858 1453 963 1521 Filius
977 1473 1127 1544 persona,
1143 1459 1175 1519 et
1187 1450 1328 1544 Spiritus
1340 1459 1470 1522 sanctus
1483 1476 1638 1545 persona·
1669 1452 1773 1508 tumst

1630 1510 1639 1543 '
1662 1516 1685 1557 ni
1696 1526 1772 1556 coure-

71 1577 138 1643 ideo
151 1576 302 1642 dicuntur
315 1581 380 1640 tres
392 1594 551 1665 personae,
565 1580 630 1641 tres
643 1569 872 1655 subsistentia,
888 1577 953 1638 tres
967 1577 1068 1637 entes.
1085 1567 1159 1638 Non
1174 1568 1262 1636 enim
1273 1578 1402 1660 possent
1415 1569 1479 1638 dici
1495 1578 1561 1639 tres
1570 1571 1646 1641 sub·
1661 1578 1709 1619 ”ire
1721 1577 1771 1618 ιιι

1672 1644 1759 1682 senten·

69 1691 216 1759 sistentia
237 1689 290 1757 vel
312 1695 418 1774 entes,
435 1687 499 1755 nisi
520 1687 671 1775 singulus
688 1708 803 1755 eorum
824 1695 907 1754 esset
925 1708 1064 1777 persona
1074 1736 1084 1772 ,
1103 1684 1138 1753 id
1156 1692 1203 1752 est
1213 1736 1222 1770 ,
1239 1685 1389 1754 essentia.
1408 1684 1494 1766 Quia
1507 1709 1585 1776 ergo
1602 1688 1648 1757 eis
1671 1701 1715 1743 tie·

68 1828 234 1875 commune
256 1812 305 1873 est
324 1804 358 1872 id
372 1804 461 1896 quod
475 1811 522 1872 est
535 1825 685 1895 persona,
700 1803 808 1887 idest,
824 1802 981 1887 essentia,
998 1801 1072 1870 ideo
1087 1808 1170 1870 recte
1184 1802 1341 1871 dicuntur
1359 1811 1423 1871 tres
1435 1825 1599 1894 persona,
1615 1803 1649 1873 id

68 1931 122 2008 est,
137 1920 355 1990 subsistentiae
368 1920 421 1989 vel
435 1919 646 1988 subsistentes
662 1944 670 1986 :
687 1927 735 2004 ut,
751 1919 835 1987 sicut
850 1917 988 1987 essentia
1002 1939 1076 2009 quae
1092 1925 1140 1986 est
1154 1917 1200 1987 eis
1213 1919 1410 2006 communis,
1425 1942 1502 1990 vere
1519 1942 1557 1989 ac
1574 1943 1649 2012 pro·

67 2038 132 2130 prie
153 2045 218 2122 est,
243 2038 289 2104 ita
308 2036 359 2104 illi
382 2044 447 2104 tres
471 2058 546 2104 vere
568 2035 607 2127 (h)
634 2058 671 2104 ac
690 2035 820 2126 proprie
842 2034 1061 2104 subsistentia
1079 2035 1132 2102 vel
1146 2044 1237 2104 entes
1250 2036 1490 2125 intelligantur.
1506 2037 1649 2129 Ideoque

66 2154 267 2243 Augustinus
286 2174 401 2221 causas
419 2152 582 2221 dictorum
605 2151 790 2221 discernens
801 2203 817 2237 ,.
827 2150 906 2219 dicit
924 2159 990 2218 tres
1010 2173 1165 2243 personas
1181 2174 1250 2220 esse
1270 2174 1371 2220 unam
1395 2153 1581 2239 essentiam,
1594 2151 1648 2222 vel

64 2269 203 2360 ejusdem
227 2268 393 2355 essentiae3
408 2291 477 2338 non
497 2291 538 2337 ex
556 2267 668 2336 eadem
686 2267 840 2354 essentia,
865 2289 908 2335 ne
926 2265 1018 2335 aliud
1031 2267 1237 2356 intelligatur
1251 2267 1297 2335 ihi
1310 2291 1378 2337 esse
1391 2290 1540 2361 persona,
1557 2268 1648 2337 aliud

64 2386 206 2455 essentia.
230 2386 312 2454 Tres
333 2385 422 2454 enim
442 2406 602 2477 personae,
617 2384 651 2452 id
667 2390 726 2467 est,
741 2383 973 2469 subsistentiae,
989 2405 1057 2451 una
1071 2392 1150 2451 suut
1164 2383 1314 2471 essentia,
1330 2393 1362 2453 et
1374 2384 1475 2453 unius
1487 2383 1646 2473 msentiae,

62 2524 124 2571 non
145 2511 256 2572 antem
275 2509 357 2571 sunt
378 2523 445 2570 una
465 2523 603 2592 persona
616 2553 625 2586 ,
640 2500 695 2567 vel
710 2499 811 2568 unius
823 2521 982 2590 personae,
998 2499 1075 2567 licet
1087 2521 1226 2591 persona
1238 2500 1419 2570 secundum
1432 2490 1647 2573 substantiam

62 2618 183 2688 dicatur
196 2618 379 2711 aliquando
396 2643 405 2685 ε
421 2641 499 2685 nam
513 2617 542 2684 si
554 2616 616 2686 hoc
628 2617 803 2700 diceretur,
818 2615 965 2684 confusio
979 2615 1073 2684 fieret
1086 2617 1121 2684 in
1135 2616 1292 2708 personh.

103 2736 152 2804 Ad
167 2735 230 2804 hoc
242 2742 357 2804 autem
371 2733 460 2826 quod
474 2734 526 2802 illi
539 2733 665 2821 dicunt,
680 2755 756 2802 cum
770 2731 933 2824 quaeritur
945 2731 1027 2824 (prid
1040 2740 1105 2801 tres
1117 2733 1172 2802 vei
1185 2733 1261 2820 tria,
1276 2733 1317 2802 de
1326 2734 1464 2804 essentia
1472 2735 1645 2828 quaeritur,
1663 2732 1771 2791 ⁰b500¹³t

1691 2799 1697 2838 ι
1716 2796 1770 2838 ιιι-

62 2852 137 2942 quia
150 2874 219 2920 non
233 2850 407 2919 invenitur
419 2849 501 2942 quid
515 2849 567 2918 illi
581 2858 645 2918 tres
658 2848 736 2935 siut,
753 2848 817 2917 nisi
829 2848 979 2936 essentia,
997 2870 1055 2940 per
1067 2847 1129 2917 hoc
1140 2849 1286 2918 volentes
1301 2873 1361 2919 nos
1374 2851 1528 2922 inducere
1541 2861 1580 2922 ut
1590 2876 1648 2923 no·
1671 2808 1771 2978 {¹230}

60 2968 145 3035 mine
161 2988 314 3059 personae
335 2965 508 3035 essentiam
526 2965 764 3054 intelligamus,
785 2986 861 3033 oum
879 2964 1138 3056 respondemus:
1158 2965 1270 3035 «Tres
1282 2990 1454 3059 personas3
1470 2994 1488 3034 a
1505 2968 1551 3038 ita
1569 2969 1648 3039 dici·
1663 2985 1710 3034 ιιι.
1729 2996 1771 3038 ιιι

1676 3046 1773 3088 nituntur

60 3105 130 3151 mus
146 3082 443 3153 :indubitabiliter
465 3104 582 3151 verum
604 3089 666 3168 est,
683 3080 762 3174 quia
783 3103 850 3150 non
872 3080 1042 3150 invenitur
1057 3103 1164 3152 unum
1177 3081 1306 3175 aliquid
1319 3084 1408 3176 quod
1425 3084 1477 3154 illi
1491 3093 1556 3155 tres
1569 3085 1647 3173 sint,
1679 3107 1771 3164 prosae

1671 3181 1772 3225 personas

58 3200 118 3267 nisi
131 3199 286 3269 essentia.
313 3198 426 3268 Unum
448 3199 538 3267 enim
551 3206 629 3267 suut
642 3196 693 3265 illi
706 3206 783 3283 tres,
799 3196 833 3264 id
848 3204 908 3282 est,
924 3197 1064 3266 essentia
1076 3196 1199 3268 divina.
1215 3198 1311 3268 Unde
1323 3200 1454 3270 Veritas
1465 3202 1534 3270 ait¹
1552 3227 1559 3269 ι
1575 3204 1649 3293 Epo
1681 3242 1758 3273 aeun-

58 3327 88 3384 et
106 3319 208 3386 Pater
225 3338 336 3385 amum
357 3337 482 3384 amus.
497 3314 750 3399 Verumtamen,
775 3335 851 3381 cum
863 3312 1027 3404 quaeritur
1047 3313 1129 3405 quid
1146 3322 1227 3401 tres,
1243 3316 1296 3384 vel
1317 3316 1398 3407 quid
1415 3317 1491 3404 tria,
1514 3339 1583 3386 non
1609 3317 1649 3386 de
1673 3294 1772 3400 iffi

1678 3418 1746 3475 accipi
1753 3451 1759 3473 ,

57 3434 194 3502 essentia
208 3433 390 3525 quaeritur,
404 3454 464 3500 nec
483 3431 531 3499 ihi
549 3429 630 3523 quid
643 3429 685 3498 ad
698 3428 870 3498 essentiam
883 3428 1041 3518 refertur3
1058 3429 1133 3516 sed,
1148 3452 1225 3499 oum
1239 3429 1321 3500 fides
1333 3431 1492 3501 catholiea
1504 3440 1569 3501 tres
1582 3456 1651 3503 esse
1664 3478 1714 3532 gg,
1728 3492 1773 3522 m

55 3550 282 3639 profiteretur,
297 3549 383 3617 sicut
401 3547 544 3617 Joaunes
564 3548 599 3614 in
620 3546 757 3638 epistola
774 3545 930 3614 canonica
942 3545 1035 3614 ait':
1055 3548 1129 3615 Tres
1141 3558 1219 3616 sant
1232 3548 1289 3639 qui
1304 3549 1529 3617 testimonium
1540 3549 1652 3641 perhi-
1678 3542 1763 3646 Ριζξξξ·

56 3664 130 3734 beat
143 3667 181 3735 in
194 3667 279 3735 coelo
289 3689 305 3750 ;
319 3664 530 3757 quaerehatur
542 3661 624 3755 quid
638 3662 689 3729 illi
702 3661 782 3729 Tres
795 3669 913 3747 essent,
928 3661 963 3731 id
976 3670 1037 3749 est,
1052 3671 1215 3731 suessent
1228 3670 1293 3732 tres
1305 3686 1369 3752 res,
1381 3672 1414 3733 et
1425 3687 1501 3758 quae
1511 3672 1576 3734 tres
1585 3688 1648 3757 res,
1678 3664 1759 3771 Ἧι

55 3791 85 3851 et
105 3806 174 3876 quo
195 3782 339 3852 nomine
356 3782 423 3850 illa
443 3791 509 3849 tres
527 3802 578 3848 res
596 3778 871 3868 significarentur.
895 3778 938 3846 Et
957 3779 1033 3847 ideo
1045 3779 1204 3872 loquendi
1218 3780 1404 3850 necessitate
1417 3784 1589 3852 inventum
1604 3792 1651 3853 est
1672 3758 1768 3892 syrie

1705 3851 1746 3895 hus

55 3898 114 3968 hoc
128 3922 268 3987 nomen,
284 3902 445 3983 Persona,
461 3897 503 3966 ad
515 3895 793 3987 respondendum,
809 3903 847 3963 ut
858 3895 983 3965 dictum
997 3903 1045 3965 est
1062 3919 1072 3963 t
1090 3921 1108 3963 (ι
1121 3896 1201 3965 Tres
1213 3919 1371 3989 persona.
1389 3923 1408 3965 ι)
1669 3913 1773 4030 ‹ypydqtpy

96 4016 173 4085 Non
195 4024 316 4085 autem
338 4022 370 4083 te
392 4019 520 4083 moveat
542 4012 631 4104 quod
649 4011 789 4080 dicimus
802 4020 867 4080 tres
887 4032 949 4080 res.
966 4010 1041 4081 Non
1064 4011 1171 4099 enim,
1187 4012 1249 4082 hoc
1267 4012 1431 4101 dicentes,
1445 4014 1650 4087 diversarum
1666 4038 1714 4080 aaa.

53 4152 164 4200 rerum
184 4153 373 4200 numerum
386 4129 541 4221 ponimus
562 4130 598 4196 in
612 4128 789 4216 Trinitate3
803 4128 859 4197 sed
872 4128 919 4197 ita
937 4136 1002 4198 tres
1021 4151 1073 4198 res
1090 4128 1250 4217 damus,
1271 4139 1309 4199 ut
1321 4131 1451 4201 easdem
1468 4155 1536 4202 esse
1549 4154 1650 4202 unum
1700 4201 1705 4211 ,

52 4249 237 4338 quamdam
251 4269 420 4316 summam
433 4269 503 4315 rem
517 4246 744 4314 confiteamur.
761 4244 857 4315 Unde
878 4245 1106 4336 Augustinus,
1129 4245 1165 4314 in
1191 4248 1299 4338 primo
1321 4248 1407 4318 libro
1429 4247 1471 4318 de
1490 4249 1651 4319 Doctrina
1666 4201 1773 4318 Ἥξει,

1665 4325 1718 4379 quid
1730 4338 1772 4368 una

54 4365 278 4449 Christiana,
295 4364 341 4432 sic
354 4364 421 4431 ait³
436 4391 444 4432 ε
466 4388 484 4431 c
498 4362 563 4431 Res
576 4362 698 4454 quihus
711 4363 891 4431 fruendum
904 4371 964 4449 est,
982 4384 1042 4431 nos
1054 4362 1166 4433 beatos
1179 4362 1344 4433 iaciunt...
1361 4364 1426 4434 Res
1438 4388 1516 4456 ergo
1530 4366 1652 4458 quibus
1678 4398 1715 4458 res
1728 4386 1764 4428 ue

51 4480 237 4551 fruendum
252 4486 317 4565 est,
331 4486 410 4548 sunt
425 4480 523 4548 Pater
535 4487 567 4548 et
580 4479 686 4547 Filius
699 4491 731 4547 et
743 4478 886 4569 Spiritus
900 4488 1042 4548 sanctus
1058 4478 1247 4571 Eademque
1260 4480 1402 4551 Trinitas
1420 4506 1489 4551 una
1503 4483 1651 4574 quaedam
1676 4446 1767 4491 dmm

50 4618 183 4666 summa
195 4618 252 4665 res
273 4602 343 4681 est,
367 4596 617 4686 communisque
635 4595 823 4665 fruentibus
835 4618 886 4683 ea,
900 4595 928 4665 si
943 4604 1053 4665 tamen
1065 4617 1129 4683 res,
1145 4603 1177 4664 et
1190 4618 1258 4665 non
1268 4620 1380 4667 rerum
1394 4600 1544 4668 omnium
1557 4623 1654 4670 causa

50 4714 101 4783 sit.
118 4714 198 4784 Non
213 4712 310 4782 enim
324 4711 418 4780 facile
432 4719 537 4802 potest
550 4712 692 4781 inveniri
707 4734 841 4799 nomen,
856 4712 946 4804 quod
959 4720 1059 4782 anta
1072 4712 1275 4782 excellentias
1286 4714 1470 4804 conveniat,
1485 4716 1550 4785 nisi
1565 4717 1654 4808 quod

50 4831 172 4901 melius
199 4829 330 4899 dicitur
349 4827 492 4897 Trinitas
514 4827 584 4897 haec
606 4826 695 4896 unus
712 4828 812 4898 Deus.
831 4853 849 4895 a
868 4827 961 4898 Sicut
983 4851 1062 4919 ergo
1082 4837 1148 4898 tres
1168 4851 1220 4899 res
1244 4829 1413 4920 dicuntur,
1441 4841 1473 4901 et
1499 4832 1552 4902 ha
1578 4842 1655 4903 sunt

50 4968 99 5016 res
109 4974 120 5037 3
137 4947 188 5017 ita
201 4955 276 5015 tres
289 4945 476 5014 substantia
488 4944 656 5033 dicuntur,
671 4951 704 5014 et
723 4945 776 5014 ha
788 4953 867 5014 suut
889 4969 957 5014 una
970 4969 1040 5014 una
1060 4946 1201 5015 essentia
1216 4947 1301 5038 (aba
1321 4948 1403 5017 ane
1418 4955 1584 5020 ostensum
1607 4956 1655 5019 est

50 5087 124 5155 quae
138 5065 185 5134 sit
197 5061 427 5153 intelligentia
438 5061 539 5154 hujus
552 5061 707 5150 nominis,
722 5064 879 5147 Persona,
895 5085 971 5131 cum
985 5060 1125 5132 dicimus
1136 5070 1202 5133 tres
1213 5085 1379 5155 personas.

80 5262 192 5326 Uoco„
207 5273 243 5323 x,
255 5263 298 5311 3⁰.
308 5287 336 5297 -
349 5262 379 5311 Ἰ
393 5261 475 5324 Joun,
485 5272 510 5325 u,
521 5261 545 5310 Ἰ.
556 5259 607 5296 -⁸
617 5263 692 5324 Aug,
706 5257 736 5308 de
753 5259 825 5310 Doet.
835 5259 934 5321 chrtst„
947 5259 994 5309 lib.
1007 5259 1016 5307 1
1024 5297 1033 5323 ,
1049 5274 1072 5310 c.
1083 5271 1113 5310 111
1127 5263 1153 5310 et
1164 5272 1190 5310 ιι.

77 5378 114 5444 (α)
128 5378 196 5430 Coet.
207 5375 278 5427 edit.
290 5375 448 5427 substantiae.
457 5375 527 5439 -(b)
544 5375 618 5425 Deest
629 5389 691 5425 vere
705 5376 731 5425 tn
749 5378 802 5427 coet.
818 5375 879 5426 edit.
888 5403 920 5414 -
930 5377 959 5440 (e)
974 5376 1142 5441 capariam,
1157 5379 1232 5430 citato
1248 5393 1303 5445 cop.
1321 5391 1347 5444 v,
1360 5380 1451 5431 melius
1470 5380 1532 5431 dicit
1550 5382 1577 5432 ic
1590 5381 1654 5435 tuac

50 5452 152 5500 ιιοάιιηι
167 5465 178 5498 .·
193 5451 288 5510 Pater,
299 5448 377 5499 Filius
388 5452 414 5499 et
429 5447 538 5513 Spiritus
553 5451 666 5513 sanctus
679 5451 706 5497 et
716 5446 831 5513 singulus
840 5448 947 5512 utrisque
959 5462 1049 5499 eorum
1062 5449 1140 5515 Dens,
1157 5455 1183 5501 et
1192 5451 1269 5502 simul
1282 5465 1372 5503 omnes
1385 5465 1453 5502 uuus
1465 5453 1534 5503 Deus
1540 5467 1550 5517 ;
1564 5456 1590 5504 et
1603 5454 1655 5505 sin·

50 5521 127 5586 gulus
138 5518 261 5587 quisque
273 5531 364 5570 eorum
375 5519 452 5584 plena
464 5517 616 5584 substantia,
627 5523 654 5571 et
662 5518 738 5570 simul
751 5532 843 5570 omnes
855 5533 907 5570 una
917 5518 1069 5572 suranus.
