4100 6300
439 429 498 490 ΜΞ
1007 420 1323 489 SENTENTIARUM
1343 419 1417 484 ΗΒ.
1442 420 1468 483 1.

439 560 537 625 etiam
553 557 702 622 effectum
717 556 752 620 in
767 561 914 621 creatum
925 605 935 635 ,
948 575 1047 639 quem
1065 557 1140 621 dieit
1155 575 1213 641 per
1265 561 1422 619 sanetum.
1445 553 1479 617 Si
1499 558 1537 618 tu
1556 554 1635 620 dieas
1651 560 1723 640 quod
1737 561 1780 626 hor
1790 570 1918 641 affin,

438 665 592 741 Verbum,
607 666 675 729 sive
684 663 782 728 effioit
795 688 803 729 ε
818 665 872 729 sed
885 663 1063 747 tatollioere
1078 683 1145 729 non
1154 667 1213 728 im·
1265 682 1323 747 per
1342 663 1645 746 appropriationem,
1663 685 1751 748 quero
1764 674 1877 763 rufioflp.

439 778 543 858 portat
554 773 592 837 de
606 790 640 835 se
652 772 714 835 nisi
728 771 930 837 solummodo
945 777 1053 836 actum
1065 773 1212 836 essentia·
1265 771 1461 854 propriandi.
1479 770 1559 835 Cum
1575 773 1655 836 enim
1671 777 1779 857 operato
1789 780 1814 843 sit
1823 803 1879 870 pp

439 882 515 960 lem,
530 882 574 944 ita
586 879 673 962 quod
684 897 743 943 nec
761 880 912 963 importat
926 880 965 943 de
979 898 1012 943 se
1033 884 1211 962 respectum
1266 878 1409 956 tentiam,
1422 882 1456 942 et
1470 879 1609 961 potentia
1620 885 1883 964 appropriantium

439 990 479 1054 ad
492 1005 659 1071 personam
673 1036 682 1066 ,
698 1006 758 1051 nee
776 988 814 1052 ad
834 991 1038 1052 ereaturam:
1061 987 1133 1052 ideo
1146 1006 1212 1052 non
1265 985 1362 1064 Filio,
1386 1004 1454 1049 non
1478 1004 1560 1067 ergo
1584 986 1661 1051 Patri
1681 994 1773 1072 poterat
1788 1002 1885 1079 φημὶ

439 1097 571 1161 omnino
587 1095 671 1159 idem
684 1099 731 1158 est
747 1094 850 1159 dioere
866 1095 991 1159 :rDicit
1006 1096 1117 1159 omnia
1131 1095 1210 1160 Ver·
1265 1093 1390 1176 operari
1403 1112 1462 1175 per
1476 1092 1606 1158 Filium.

439 1204 498 1283 bo,
513 1225 528 1261 n
541 1208 591 1266 et:
607 1201 782 1283 «intelligit
804 1203 913 1267 omnia
930 1202 1035 1267 Verbo
1053 1223 1062 1267 ι
1075 1224 1090 1262 o
1107 1203 1212 1268 dicere
1305 1205 1335 1263 5.
1355 1200 1452 1279 Item,
1470 1219 1547 1264 eum
1565 1201 1726 1267 immediate
1739 1223 1804 1269 cans
1813 1214 1888 1290 opum

439 1312 525 1376 enim
539 1311 622 1375 idem
635 1314 693 1388 est,
701 1309 787 1391 qnod
800 1310 991 1391 intelligere,
1006 1309 1062 1374 sed
1074 1310 1212 1394 amptius
1265 1308 1315 1370 nis
1331 1307 1373 1371 sit
1389 1307 1557 1386 voluntas,
1571 1314 1602 1372 et
1619 1309 1669 1372 iila
1684 1313 1836 1393 approprietur
1844 1315 1889 1397 ᾖ,

439 1415 600 1496 importat.
1265 1415 1313 1478 tui
1332 1420 1456 1494 saneto,
1471 1415 1599 1479 videtur
1615 1418 1690 1498 qnod
1706 1419 1783 1499 magis
1795 1421 1890 1485 tunitii

703 1560 881 1640 onmsno
898 1560 937 1625 u.
1264 1539 1389 1693 {ffl
1411 1541 1469 1605 ter
1493 1520 1646 1605 spiritum
1666 1530 1791 1603 surum,
1805 1545 1891 1609 nur

329 1710 331 1715 ’
439 1718 485 1775 Aa
502 1721 572 1775 reete
590 1717 693 1773 dietum
702 1718 762 1771 sit:
780 1715 891 1770 «Potor
906 1719 944 1770 est
960 1717 1210 1788 poterupotentio,
1305 1736 1421 1801 Contra
1441 1759 1448 1797 :
1466 1737 1926 1824 ldemestpampomtqffi

591 1808 648 1861 Μ
660 1801 776 1870 ”irme'
790 1820 872 1875 quam
885 1807 978 1874 mit
990 1807 1011 1856 ¹'
1034 1823 1049 1856 ‘³
1094 1832 1103 1849 ⁴
1265 1862 1332 1908 esse
1346 1845 1479 1924 :ergosi
1488 1842 1736 1927 Paterestpomns
1742 1804 1902 1928 montaum.

330 1944 364 1987 Μ
373 1957 423 2001 ⁰⁹⁹·
478 1950 593 2015 Utrum
604 1949 673 2013 haee
683 1948 802 2012 locutio
812 1948 852 2011 sit
861 1946 1058 2011 admittenda
1071 1965 1079 2009 ε
1092 1970 1108 2007 u
1119 1945 1212 2011 Pater
1265 1969 1344 2032 ergo
1351 1950 1447 2016 habet
1464 1971 1535 2016 esse
1547 1952 1587 2016 ab
1600 1951 1659 2015 illa.

437 2062 485 2122 est
503 2061 615 2140 potens
634 2056 775 2138 potentia
793 2073 891 2137 quam
910 2054 1044 2135 genuit,
1059 2053 1129 2116 sive
1141 2053 1211 2116 vir-
1306 2060 1404 2139 Item,
1428 2063 1571 2143 pompa
1589 2059 1775 2143 appmppapp
1788 2060 1893 2139 ΡΜ

437 2174 520 2249 tute,
534 2192 549 2228 n
562 2173 593 2233 et
605 2169 734 2235 videtur
744 2167 831 2250 quod
845 2168 890 2231 sio
903 2189 910 2231 :
922 2166 999 2249 quie
1011 2166 1211 2249 quicumque
1265 2186 1325 2230 neo
1338 2186 1396 2250 per
1410 2171 1650 2251 proprietatem,
1662 2186 1712 2231 nee
1721 2168 1895 2249 perappop'uir

436 2281 590 2359 operatur,
602 2293 659 2359 per
672 2275 829 2356 aliquem,
846 2278 877 2337 et
890 2292 956 2337 non
970 2276 1073 2356 potest
1086 2273 1212 2354 operari
1265 2293 1342 2338 nem
1356 2275 1507 2340 convenit
1518 2275 1597 2339 Filio
1610 2298 1617 2339 :
1631 2294 1700 2357 ergo
1709 2274 1896 2349 mutauerat

436 2387 504 2448 sine
522 2394 571 2464 eo,
587 2384 683 2448 habet
702 2382 878 2465 potentiam
898 2382 940 2444 ab
964 2399 1026 2444 eo:
1042 2381 1097 2444 sed
1120 2379 1211 2443 Pater
1265 2387 1313 2445 est
1333 2383 1529 2465 impropria,
1551 2402 1645 2466 qnam
1662 2383 1713 2446 tm
1725 2405 1732 2445 :
1744 2405 1756 2441 r
1770 2382 1897 2445 horus

436 2494 587 2572 operatur
606 2508 664 2572 per
677 2488 815 2568 Filium,
831 2492 863 2551 et
882 2505 950 2552 non
968 2491 1070 2570 potest
1085 2487 1211 2568 operari
1265 2491 1355 2571 piens
1368 2491 1525 2572 sapientia
1539 2492 1681 2571 genita.»

436 2597 505 2660 sine
518 2596 600 2660 Filio
614 2619 621 2659 :
636 2614 726 2678 ergo,
740 2601 800 2659 eto.
1304 2594 1406 2675 Item,
1434 2598 1578 2678 potentia
1602 2616 1661 2679 qua
1683 2596 1773 2678 aliqu's
1790 2597 1820 2657 ea
1834 2598 1897 2674 pias.

476 2710 506 2767 2.
521 2704 601 2768 ltem
614 2705 649 2767 in
663 2703 784 2768 divinis
797 2701 883 2766 idem
896 2705 945 2764 est
956 2700 1075 2777 virtus,
1090 2705 1122 2763 et
1134 2717 1210 2783 ope·
1265 2704 1444 2768 seeundum
1477 2705 1624 2768 ordinem
1649 2701 1802 2784 intelligendi
1821 2696 1898 2763 auaui

435 2812 539 2875 ratio:
553 2829 632 2892 ergo
645 2828 722 2874 oum
737 2809 829 2873 Pater
841 2812 991 2891 operetur
1002 2826 1060 2890 per
1074 2806 1206 2887 Filium,
1266 2828 1357 2891 posse
1370 2828 1379 2873 ι
1393 2811 1448 2873 sed
1468 2812 1632 2893 generatio
1643 2810 1738 2874 ordine
1748 2802 1898 2886 nmquis

436 2922 538 3000 potest
562 2937 619 3000 per
643 2916 790 2982 Filium:
808 2916 864 2981 sed
886 2915 1086 2997 quicumque
1110 2916 1213 2996 potest
1266 2918 1377 2998 quitur
1386 2935 1479 2999 posse
1494 2941 1502 2982 :
1517 2935 1596 3000 ergo
1607 2918 1671 2981 heo
1680 2909 1898 2980 omnimtaluute

437 3046 495 3109 per
505 3026 658 3103 alterum,
671 3030 719 3091 est
732 3030 844 3109 potens
857 3022 998 3107 potentia
1009 3021 1096 3085 illius
1110 3044 1118 3085 :
1132 3039 1212 3103 ergo
1264 3027 1314 3086 ter
1327 3028 1374 3088 est
1386 3028 1500 3107 potens
1513 3025 1649 3108 potentia
1660 3023 1780 3104 genio.»

437 3132 530 3199 Pater
543 3139 591 3199 est
604 3140 717 3218 potens
729 3133 871 3217 potentia
884 3130 1007 3213 genita.

479 3247 508 3305 3.
525 3241 622 3320 Item,
641 3243 723 3306 siout
741 3259 775 3305 se
795 3240 892 3304 habet
910 3256 1003 3302 nosse
1020 3236 1062 3301 ad
1081 3237 1210 3319 sapien·
1543 3281 1735 3350 CONGLUSIO

377 3333 385 3349 ⁶
438 3349 533 3427 tiam,
557 3350 602 3413 ita
624 3348 750 3431 operari
771 3348 811 3412 od
833 3346 1008 3430 potentiam
1027 3367 1034 3408 :
1050 3343 1105 3408 sed
1128 3344 1212 3407 hene
1737 3330 1743 3345 '

438 3456 607 3539 sequitur:
625 3479 641 3517 r
658 3455 719 3519 lste
737 3455 831 3519 novit
852 3471 910 3536 per
932 3452 1043 3531 illum,
1065 3469 1143 3533 ergo
1166 3455 1213 3515 est
1269 3449 1387 3505 Tametsi
1404 3450 1544 3507 menedon
1565 3450 1676 3506 debent&
1687 3439 1900 3519 purarum

439 3564 565 3646 sapiens
588 3581 645 3645 per
665 3561 758 3625 illum
776 3584 784 3625 :
803 3579 913 3642 sergo
929 3560 1017 3624 ‘hene
1042 3559 1209 3641 sequitur:
1303 3544 1438 3642 spiritis*
1454 3555 1509 3596 'm
1525 3527 1900 3643 ‘Wfflff‘pmpf'ffi

444 3670 698 3752 «llsteoperatnr
711 3668 885 3750 perillum,
899 3685 978 3748 ergo
990 3667 1088 3732 habet
1101 3670 1211 3750 poten·
1301 3630 1418 3788 {mc
1433 3633 1599 3696 awm’
1613 3629 1652 3684 'b'
1662 3643 1714 3684 ⁰³⁰
1725 3625 1900 3681 ΜΨ

441 3781 517 3844 tiam
531 3780 651 3857 abillo,
666 3778 733 3842 sive
746 3796 803 3860 per
816 3778 909 3842 illum
923 3799 931 3841 ε
945 3800 961 3837 o
975 3797 1066 3861 ergo,
1081 3782 1141 3843 eto.

479 3892 510 3950 t.
533 3886 630 3962 Item,
652 3904 727 3949 oum
749 3886 865 3949 dieitur
887 3908 926 3950 :a
949 3887 1043 3952 Pater
1062 3890 1212 3968 operatur
1307 3891 1400 3975 Resp.
1425 3891 1465 3956 ad
1488 3892 1569 3975 Arg.
1592 3889 1743 3955 Dicendum
1759 3882 1818 3967 qnod
1832 3880 1901 3942 itt&

425 4013 496 4078 per
515 3993 652 4072 Filium,
673 3993 772 4057 nhaee
790 3994 984 4076 praepositio,
994 4010 1065 4076 per,
1079 3998 1135 4057 aut
1146 3994 1211 4057 im·
1267 4000 1345 4064 falsa
1357 3999 1547 4082 simpliciter
1562 3981 1902 4076 apparatuum&

439 4107 544 4187 portat
556 4121 702 4180 causam,
718 4105 774 4166 aut
786 4102 1039 4167 instrumentum
1054 4125 1061 4166 :
1078 4121 1145 4166 non
1158 4102 1211 4165 in·
1267 4108 1393 4190 genita3
1412 4130 1428 4167 r
1445 4113 1479 4172 et
1499 4110 1605 4190 magis
1623 4102 1776 4189 impropria
1786 4091 1902 4180 quantita

439 4216 671 4285 strumentum,
686 4209 762 4292 quia
779 4214 857 4273 tuno
871 4207 971 4272 Filius
983 4228 1050 4273 nou
1062 4228 1140 4273 vere
1155 4228 1211 4274 eo-
1267 4214 1507 4295 praedictarum.
1522 4215 1573 4279 Ad
1584 4208 1788 4292 intelligentam
1797 4205 1902 4275 tuitii?

439 4323 625 4400 operaretur
637 4316 735 4394 Patri,
750 4321 782 4380 et
794 4317 913 4379 iterum
926 4321 1009 4381 esset
1021 4317 1171 4399 indigens
1184 4317 1212 4380 si
1267 4322 1425 4385 dictorum
1444 4322 1623 4386 notandum
1640 4315 1715 4400 quod
1729 4314 1782 4376 hae
1793 4303 1902 4386 “tum

439 4430 550 4507 ageret
567 4443 624 4506 per
644 4424 895 4487 instrumentum
910 4442 919 4486 :
934 4441 1014 4505 ergo
1035 4424 1069 4486 in
1089 4424 1212 4488 ratione
1267 4427 1373 4491 suevit
1390 4427 1461 4491 dari
1481 4428 1522 4493 de
1541 4428 1601 4491 hae
1618 4420 1809 4509 praepositione,
1818 4399 1901 4494 W

439 4550 545 4598 causae
560 4556 567 4596 :
584 4537 615 4596 et
636 4531 663 4594 si
685 4531 763 4608 hoe,
785 4549 864 4613 ergo
886 4529 986 4595 Filius
1008 4531 1062 4595 dat
1085 4532 1212 4614 operari
1267 4553 1342 4599 oum
1355 4536 1455 4598 verbo
1467 4535 1614 4598 absoluto
1632 4533 1758 4612 importat
1772 4517 1900 4586 rumim

440 4642 526 4706 Patri
541 4658 641 4720 :ergo
657 4644 688 4703 et
708 4638 895 4721 potentiam.
913 4638 947 4702 Si
963 4642 1000 4702 tu
1019 4637 1105 4702 dieas
1125 4638 1212 4720 quod
1266 4649 1304 4708 ut
1318 4661 1394 4707 cum
1412 4644 1552 4708 dieitur:
1568 4642 1654 4706 «iste
1670 4645 1710 4704 est
1722 4638 1800 4700 bonus
1810 4619 1899 4710 pun.

439 4768 505 4813 non
519 4748 594 4812 dioit
606 4747 762 4811 rationem
776 4747 985 4824 causalitatis,
1006 4746 1062 4810 sed
1074 4746 1212 4809 subano-
1268 4750 1320 4815 vel
1341 4750 1482 4833 sapiens,
1505 4749 1557 4813 vel
1577 4740 1788 4832 potensrtum
1802 4730 1900 4794 veriti&

439 4857 623 4921 toritatem:
639 4873 714 4918 oum
727 4872 806 4935 ergo
820 4854 966 4919 similiter
978 4854 1095 4917 haheat
1112 4852 1212 4937 Spiri-
1267 4856 1452 4934 transitivo,
1477 4857 1628 4939 importat
1648 4844 1862 4916 munorum,
1873 4837 1899 4888 Εἴ

439 4968 492 5028 tus
509 4965 638 5026 sanetus
650 4962 930 5026 subauotoritatem
944 4961 979 5025 in
992 4961 1153 5043 operando
1167 4960 1211 5024 si·
1271 4963 1369 5028 «Rex
1391 4966 1486 5047 punit
1509 4983 1567 5047 per
1589 4962 1737 5027 balivum.
1749 4977 1762 5010 a
1773 4937 1899 5015 ffioerdmtt

440 5077 495 5135 eut
507 5070 623 5147 Filius,
638 5088 704 5152 qua
715 5068 840 5132 ratione
853 5069 967 5132 dieitur
981 5067 1076 5133 Pater
1087 5068 1212 5149 operari
1269 5071 1372 5152 igitur
1382 5072 1468 5153 quod
1481 5071 1554 5135 haeo
1567 5076 1614 5135 est
1624 5070 1693 5133 false
1703 5088 1710 5130 :
1721 5047 1899 5126 ‹Paterttttffl

442 5196 497 5258 per
521 5176 660 5252 Filium,
687 5175 798 5238 eadem
825 5175 948 5239 ratione
974 5194 1032 5259 per
1057 5174 1212 5258 Spiritum
1267 5197 1325 5261 per
1338 5178 1474 5257 Filinm3
1493 5179 1591 5242 »haee
1605 5179 1746 5241 estvera:
1761 5160 1898 5231 «Pttfftff‘

472 5338 535 5400 ‘Cfi
544 5336 640 5388 ttursil.
651 5337 769 5416 luguen,
780 5337 788 5385 l
801 5337 880 5387 Sent..
891 5351 917 5401 q.
925 5348 1004 5399 xxxv,
1012 5340 1052 5387 art
1072 5343 1082 5387 1
1095 5352 1104 5400 ;
1123 5336 1211 5400 steph.
1267 5290 1323 5350 tur
1335 5304 1391 5368 per
1400 5284 1531 5350 Filium·
1542 5284 1608 5404 ’.Εἰ
1618 5300 1679 5346 ΠΜ
1687 5261 1897 5412 wetmwp

447 5408 552 5473 aruer,
567 5408 879 5471 rsent.,ua.xmr,q.
894 5407 1124 5472 rr.-(a)s1rppe.
1140 5409 1206 5458 neo.
1272 5391 1459 5474 «operatur
1480 5409 1539 5474 per
1560 5390 1665 5466 illum,
1683 5400 1748 5465 ergo
1764 5373 1871 5461 mitit*
