4100 6300
700 428 886 495 arsurum.
908 428 1020 512 xxv.
1578 438 1635 498 ror

70 566 255 660 hypostasim
268 574 300 634 et
313 565 555 657 proprietatem.
575 565 718 634 loannes
735 564 834 635 etiam
847 564 1086 652 Damaseenus,
1106 586 1260 659 personas
1279 564 1359 635 dicit
1372 578 1380 613 ¹
1395 587 1463 636 esse
1484 566 1639 659 hyposta-

69 707 123 769 ses,
137 691 166 751 et
177 705 231 751 eas
244 681 322 751 dioit
335 689 437 768 entes,
452 682 499 749 ita
510 682 689 774 iuquiens:
709 708 728 747 a
741 681 780 749 In
793 680 912 751 deitate
933 703 1036 751 unam
1055 689 1209 752 naturam
1222 681 1431 770 eonfitemur,
1453 690 1486 752 et
1498 690 1564 753 tres
1579 684 1641 778 hy·

67 807 197 894 postases
209 796 389 868 seeundum
402 795 574 867 veritetem
587 808 689 884 antas,
704 796 739 866 id
752 805 812 887 est,
828 820 993 891 personas.
1011 826 1030 866 »

257 1077 462 1146 Expostulo
481 1076 645 1144 TEXTUS.
879 1096 944 1161 quo
958 1080 1053 1146 modo
1065 1080 1237 1164 arripiatur
1249 1100 1399 1165 persona,
1414 1100 1489 1148 oum
1503 1083 1642 1151 dieitur:

883 1186 983 1251 «Alia
995 1192 1043 1252 est
1054 1188 1198 1271 {persona
1219 1187 1367 1254 Patris.»
1394 1189 1555 1270 Secundo,
1580 1209 1646 1273 quo

879 1294 975 1359 modo
988 1295 1152 1378 arripitur,
1169 1308 1245 1360 oum
1258 1296 1392 1362 dieitur:
1408 1297 1522 1362 «Alius
1533 1301 1581 1362 est
1589 1296 1647 1361 Pa·

879 1403 930 1465 ter
944 1400 980 1464 in
993 1419 1168 1484 persona.»
1185 1401 1291 1468 Tertio
1308 1404 1370 1469 hoo
1385 1406 1553 1470 oonflrmat
1571 1422 1647 1468 auo-

45 1549 54 1567 ‹·
105 1508 203 1595 Supra
215 1510 379 1594 respondit
394 1510 434 1594 (a)
451 1509 603 1593 Magister
621 1510 701 1594 quid
721 1510 828 1592 signi-
877 1507 1071 1573 toritatibus.
1088 1507 1233 1574 Primum
1246 1510 1320 1574 taoit
1332 1509 1378 1574 ibi
1405 1510 1528 1576 :Nono
1540 1512 1648 1593 inept-

65 1621 172 1683 ttoetur
183 1637 241 1702 per
253 1618 430 1682 torminum
452 1617 670 1695 numeralem,
686 1636 761 1683 oum
774 1617 827 1682 di-
880 1616 1016 1694 ctamus,
1030 1619 1090 1681 eto.
1101 1614 1300 1697 Secundum,
1310 1617 1356 1681 ibi
1369 1639 1377 1682 ε
1392 1617 1513 1685 Deinde
1526 1621 1647 1701 qnan-

64 1727 164 1791 dtur:
181 1725 498 1810 benesonantis
511 1725 617 1791 subdit
630 1725 709 1809 quid
721 1725 828 1808 signi-
881 1728 958 1803 tor,
977 1731 1088 1791 atram
1110 1723 1284 1791 anundum
1309 1723 1452 1792 eandm
1475 1728 1647 1794 tattonem.

63 1837 173 1899 ficetur
193 1852 251 1917 per
270 1834 370 1899 istum
391 1835 584 1910 terminum,
606 1833 766 1900 Persona:
787 1832 829 1897 Et
880 1828 1038 1912 Tertium,
1056 1831 1103 1895 ibi
1123 1854 1131 1896 ε
1150 1832 1239 1906 Quod
1257 1839 1364 1901 annm
1380 1833 1555 1901 sanandam
1572 1834 1647 1901 aab.

62 1941 211 2006 dividitur
223 1941 293 2006 haeo
305 1957 380 2024 pars
392 1940 428 2004 in
440 1940 519 2005 duas
529 1958 537 2003 :
548 1940 582 2003 in
592 1940 698 2023 prima
710 1940 828 2024 quaerit
880 1938 1039 2006 stantiam
1048 1937 1190 2007 dtaatnn

63 2053 94 2111 et
107 2047 253 2131 opponit;
271 2047 307 2111 in
320 2046 460 2112 seeundo
478 2045 589 2127 solvit,
603 2046 650 2110 ibi
665 2067 674 2112 ε
692 2046 828 2123 01111113-

61 2154 138 2222 don
151 2154 278 2222 otdetm
289 2154 508 2238 qnodnontne
521 2155 676 2222 Personae.

100 2263 208 2329 Prima
227 2283 301 2348 pars
317 2264 414 2330 hebet
434 2268 499 2328 tres
524 2268 629 2346 partes
644 2282 654 2327 ε
669 2263 706 2327 in
723 2261 829 2347 prima
1005 2244 1067 2296 Tm
1081 2246 1217 2312 ΜΨ
1237 2246 1265 2297 id
1277 2250 1330 2312 ost,
1348 2246 1526 2300 'imm

60 2376 170 2438 movet
181 2371 408 2437 dubitationem
418 2390 427 2452 ;
438 2370 473 2433 in
487 2369 625 2435 emunda
633 2369 764 2453 opponit
771 2386 829 2452 per
922 2368 1124 2435 manarum
1136 2369 1211 2435 diait
1222 2370 1351 2437 Boetius
1370 2372 1406 2436 in
1420 2372 1503 2438 libro
1515 2371 1555 2440 de
1572 2372 1650 2440 aaa

58 2479 282 2545 auctoritatem
291 2476 483 2560 Augustini,
498 2475 666 2541 ostendens
677 2475 764 2559 qaod
778 2475 828 2538 di·
883 2475 940 2543 baa
947 2478 1076 2544 nataris
1085 2484 1332 2560 etnnopersona
1342 2478 1474 2557 Gltrtatt,
1483 2479 1652 2561 assignans

59 2589 145 2655 citur
160 2588 336 2654 seeundum
353 2586 585 2667 substantiam,
605 2586 650 2650 ibi
665 2607 674 2650 ι
690 2586 829 2652 Persona
883 2583 1096 2649 differentiam
1120 2585 1204 2650 inter
1231 2585 1403 2650 subsistere
1429 2589 1462 2650 et
1488 2585 1650 2664 substare,

56 2701 146 2764 eninr
158 2746 167 2779 ,
181 2705 218 2764 nt
237 2712 339 2780 snpra
351 2696 571 2778 angustinum
589 2694 684 2760 tertio
698 2694 831 2778 opponit
884 2692 971 2775 quod
994 2693 1137 2758 subsistit
1158 2693 1237 2758 illud
1259 2694 1345 2777 quod
1364 2712 1432 2760 non
1448 2694 1572 2777 indiget
1590 2694 1653 2758 alio

54 2824 116 2889 per
124 2805 296 2884 rationem,
305 2803 349 2868 ibi
362 2802 486 2871 :Aliter
495 2802 731 2870 ettamotdetnr
739 2816 830 2885 passe
884 2799 925 2864 ad
949 2800 1011 2864 hoo
1036 2801 1122 2882 quod
1137 2800 1192 2881 sit;
1214 2802 1339 2868 substat
1357 2819 1450 2881 vero,
1473 2802 1653 2885 quodsub-

54 2911 285 2997 astenolt'qnod
297 2909 661 2988 nominePeraona3ubi
674 2911 831 2975 monstrat
881 2908 1003 2989 ieotum
1011 2907 1651 2996 aliis,utessevaleant(ll,subministrat.

51 3021 250 3087 illudidem.
884 3012 1017 3080 Videtur
1028 3033 1108 3098 ergo
1120 3018 1206 3100 quod
1227 3017 1402 3084 subsistere
1414 3018 1456 3083 sit
1468 3018 1555 3083 idom
1567 3019 1654 3103 quod

95 3129 255 3196 Similiter
267 3127 406 3193 secunda
427 3143 519 3210 pars,
533 3125 568 3189 in
584 3143 648 3208 qua
661 3122 767 3204 solvit,
781 3121 832 3188 di·
886 3123 1037 3203 essentia3
1052 3141 1132 3207 ergo
1151 3126 1242 3192 nullo
1260 3128 1356 3195 modo
1375 3131 1479 3213 potest
1489 3127 1553 3196 dioi
1567 3128 1654 3214 quod

50 3239 185 3305 viditur
196 3236 342 3302 induas.
362 3234 401 3299 ln
418 3235 522 3318 prima
539 3233 633 3298 solvit
654 3232 832 3297 seeundum
887 3228 951 3294 sint
962 3230 1073 3312 plures
1085 3232 1308 3299 subsistentiae.

50 3347 249 3430 opinionem
257 3343 407 3420 aliorum,
416 3343 473 3425 qui
483 3342 595 3407 dicunt
605 3340 690 3423 quod
699 3357 833 3423 persona
927 3335 1020 3421 nep.
1037 3337 1213 3404 Dicendum
1229 3340 1315 3424 quod
1334 3339 1463 3406 Metius
1475 3344 1591 3429 aooipit
1608 3345 1653 3411 ibi

51 3453 221 3538 accipitur
232 3449 411 3516 seeundum
424 3448 612 3527 essentiam,
629 3451 739 3511 nmen
753 3446 833 3511 rela-
887 3446 949 3512 hoo
959 3465 1097 3525 nomen,
1120 3448 1356 3531 Sabatatentta,
1376 3454 1553 3519 seeundum
1568 3454 1656 3522 Mar-

50 3567 127 3627 tam
139 3561 183 3626 ad
196 3559 410 3644 suppositum.
425 3556 464 3622 ln
476 3556 615 3622 monada
623 3555 718 3621 solvit
724 3572 835 3619 moun·
888 3571 963 3619 cum
975 3552 1138 3637 Tullium,
1151 3561 1247 3640 prout
1259 3557 1373 3641 eooipit
1388 3559 1657 3641 significationem

50 3670 140 3734 dum
165 3668 349 3752 opinionem
377 3682 470 3731 suam
497 3682 555 3747 per
582 3662 832 3741 distinctionem,
888 3663 1065 3728 seeundum
1087 3669 1196 3730 aetum
1228 3666 1439 3748 subsistendi,
1458 3669 1526 3735 sive
1548 3688 1607 3755 per
1623 3690 1657 3738 se

51 3777 100 3841 ibi
118 3798 127 3841 ε
147 3774 322 3841 &endam
338 3778 384 3840 eat
407 3775 511 3856 tortor
523 3770 610 3854 qaod
627 3770 684 3837 ltoo
701 3785 834 3848 namen,
889 3770 1017 3836 sandi:
1048 3775 1080 3836 et
1103 3771 1150 3837 sio
1167 3777 1295 3838 tantum
1316 3792 1383 3840 una
1407 3779 1455 3840 eat
1482 3777 1655 3845 subsisten-

52 3880 449 3963 resonantiarum
469 3879 716 3962 intelttpentiam
739 3879 833 3959 facit.
889 3879 943 3944 tia.
960 3878 1022 3944 Sed
1035 3899 1123 3946 nuno
1143 3881 1292 3949 Doctores
1305 3882 1477 3968 Soripturae
1499 3887 1660 3971 accipiunt

53 3971 836 4072 ethaeoparsdtvidturinduas.1nprimapar-
888 3994 986 4071 prout
994 3989 1260 4074 magisimportat
1271 3996 1451 4075 respectum
1463 3993 1504 4060 ed
1516 3995 1658 4079 proprie·
1737 4031 1743 4045 ·

54 4119 80 4165 e
96 4098 247 4164 ostendit
259 4113 324 4180 quo
334 4094 429 4159 modo
443 4093 691 4178 aooipiaturboe
702 4108 833 4173 nomen,
888 4099 987 4162 tatem
999 4098 1053 4163 oui
1069 4099 1177 4164 subest
1193 4120 1202 4163 ι
1218 4102 1251 4164 at
1271 4100 1317 4164 sio
1330 4100 1540 4184 plurificatur.
1566 4103 1659 4169 Ratio

55 4211 218 4275 Versata,
233 4204 269 4267 in
281 4201 411 4286 plurali.
424 4200 571 4266 Secundo
588 4218 653 4283 quo
666 4199 761 4265 modo
781 4216 836 4262 aa·
889 4211 998 4271 annm
1015 4207 1169 4290 hujusest
1179 4210 1360 4274 mmmunis
1372 4227 1451 4275 usus
1465 4211 1563 4295 :quia
1581 4213 1660 4278 aoei-

56 4310 251 4399 :ipiaturin
264 4308 443 4392 singulari,
459 4326 535 4372 eum
556 4307 696 4373 dicitur:
715 4306 835 4371 «Alius
888 4317 981 4401 piant
991 4317 1200 4383 substantiam
1222 4337 1282 4402 pro
1301 4323 1418 4385 natura
1436 4322 1494 4404 rei,
1509 4323 1580 4389 ideo
1600 4343 1660 4407 pro

58 4428 97 4487 St
109 4420 227 4495 Pater,
243 4417 325 4481 alius
342 4418 391 4480 est
408 4413 529 4494 Filius,
549 4414 628 4478 tihi
643 4435 651 4479 :
666 4413 759 4480 Nano
777 4415 834 4481 t’n-
889 4426 1053 4510 supposito
1069 4426 1173 4509 magis
1192 4427 1366 4493 voluerunt
1382 4430 1523 4515 accipere
1536 4432 1659 4498 sumis.

58 4529 245 4614 piotomas
258 4530 367 4590 utinm
389 4522 564 4589 secundnm
577 4520 834 4589 eamdemrotto-
888 4534 1035 4599 tentiam,

60 4657 143 4708 em.
164 4633 274 4700 Prima
284 4629 835 4716 pershabettrespartos.lnprima
1034 4663 1036 4667 ·
1214 4656 1284 4704 nur.
1307 4657 1342 4710 u.

60 4748 151 4815 onit
168 4742 404 4809 obtusionem
416 4758 474 4825 per
486 4759 584 4824 quam
601 4739 707 4806 solvit.
726 4738 763 4803 ln
783 4758 835 4805 se-
888 4766 950 4818 m
974 4767 1101 4818 Pomona
1125 4778 1182 4819 esse
1203 4782 1281 4820 unam
1304 4769 1454 4836 annnam,
1474 4773 1517 4826 vat
1541 4774 1657 4842 eiusdem

60 4853 171 4924 unda
187 4850 356 4915 confirmat
366 4865 424 4931 per
437 4848 659 4913 auctoritatem
674 4847 834 4930 Augusti-
1034 4837 1231 4905 ammomum
1245 4841 1513 4897 1111111111111111·

61 4964 87 5043 i,
108 4959 170 5026 ibi
186 4977 196 5023 t
212 4958 255 5024 Et
272 4956 326 5022 ltio
345 4970 458 5023 sonans
474 4953 651 5037 adiuvatur
663 4971 705 5022 aa
716 4957 832 5025 barin.
927 4962 1062 5030 Videtur
1078 4965 1140 5031 hoo
1159 4966 1294 5047 laisum,
1313 4968 1390 5051 quia
1410 4969 1504 5037 Pater
1522 4980 1655 5056 generat

62 5068 202 5139 rtertia
208 5066 249 5132 ad
255 5064 465 5147 objectionem
471 5063 649 5147 respondet,
655 5063 834 5132 ibizrtttttoc
888 5070 1007 5137 Filium
1021 5074 1060 5138 de
1072 5092 1131 5138 sua
1140 5074 1327 5155 substantia,
1344 5080 1375 5139 et
1388 5078 1488 5161 spirat
1501 5078 1655 5165 Spiritum

63 5188 172 5253 atem
191 5174 280 5259 qaod
303 5172 358 5240 aar
377 5172 503 5240 dicant.
526 5171 677 5237 Similiter
698 5191 835 5256 sequens
889 5183 1037 5244 sanetum
1051 5201 1059 5244 ι
1073 5198 1152 5262 ergo
1162 5179 1381 5264 videturquod
1389 5202 1503 5251 omnes
1510 5208 1655 5272 persone

64 5310 123 5359 [rs
139 5275 453 5366 habettrespartes.
472 5280 508 5345 ln
523 5281 628 5364 prima
645 5281 835 5349 determinat
888 5288 955 5352 sint
980 5286 1019 5351 de
1044 5286 1155 5351 eadem
1182 5286 1368 5354 substantia.
1392 5289 1473 5357 Item
1498 5299 1656 5378 quaeritur

65 5423 74 5460 ι
100 5420 201 5469 Joan.
213 5411 343 5473 nomm,
354 5407 386 5459 de
395 5406 458 5458 riae
467 5406 576 5471 orthod„
589 5407 635 5459 tib.
648 5409 696 5473 ill,
710 5423 735 5460 e.
744 5421 770 5463 r.
922 5412 954 5478 (a)
968 5413 1031 5465 Get.
1041 5411 1103 5463 edit.
1116 5412 1266 5477 respondet.
1276 5438 1307 5452 -
1319 5414 1352 5480 (t)
1362 5415 1424 5467 lton
1433 5418 1530 5477 valeat.

209 5517 285 5565 rora.
305 5517 329 5564 r.
1456 5511 1496 5573 26

111 1274 232 1324 Preterea
243 1271 455 1324 considerandum
463 1271 542 1338 quod,
552 1285 612 1323 eum
619 1271 670 1323 hoo
681 1284 778 1323 nomen

347 1344 469 1408 Persona,
481 1348 531 1396 ete.

1210 2129 1279 2176 DUB·
1293 2129 1317 2175 1.
