4100 6300
453 486 515 547 tto
1018 486 1332 556 SENTENTIARUM
1350 491 1426 558 tm.
1448 493 1473 557 l.

453 617 561 682 munis
576 639 584 683 :
598 618 653 683 sed
665 621 774 685 tamen
785 619 868 685 alius
879 619 995 686 modus
1006 623 1222 688 communita·
1276 624 1499 708 individuum,
1515 631 1563 693 est
1577 645 1743 693 commune
1752 631 1908 702 emtum

453 724 493 787 tis
505 724 600 788 estin
611 725 761 807 essentia,
777 729 810 791 ct
822 745 978 810 persona;
993 734 1025 794 et
1037 730 1138 814 hujus
1155 731 1223 813 sig·
1275 753 1351 799 nem
1365 735 1405 800 ad
1418 735 1551 802 Petrum
1562 742 1597 801 et
1607 738 1649 801 ad
1663 735 1788 800 Paulum.
1799 737 1906 810 Pdmrd

452 851 533 898 num
559 836 606 897 est
630 833 717 916 quod
740 835 940 918 plurificatur
971 856 1127 920 persona,
1156 857 1222 904 non
1276 841 1570 909 dicuntessentiam
1583 855 1907 922 esseoommunanm

435 933 611 1005 essentia:
632 940 809 1006 differentia
827 946 936 1007 autem
954 947 1223 1011 communitatum
1276 951 1372 1016 modo
1398 952 1508 1017 dicunt
1529 971 1599 1017 esse
1628 971 1806 1018 communen
1820 974 1907 1037 pann,

452 1047 632 1113 differenter
665 1050 818 1133 accipitur
843 1051 1031 1117 adivcrsis.
1062 1051 1222 1130 Quidam¹
1276 1057 1354 1140 qnia
1366 1057 1428 1123 hoc
1440 1060 1517 1124 dicit
1527 1079 1664 1143 persona
1674 1060 1706 1123 in
1718 1059 1816 1136 divinis,
1825 1065 1908 1143 dunt

453 1154 541 1218 enim
553 1155 665 1221 dicunt
685 1158 772 1240 quod
794 1158 961 1241 dupliciter
979 1160 1138 1242 contingit
1160 1161 1223 1226 ali-
1276 1165 1412 1230 viduum
1425 1166 1460 1230 in
1473 1165 1755 1232 autumemus
1763 1170 1908 1236 utum-t

454 1264 534 1346 quid
546 1283 614 1330 esse
625 1285 808 1347 commune,
822 1267 939 1333 scilicet
951 1269 1128 1334 secundum
1141 1270 1224 1354 posi-
1276 1273 1411 1352 dicendi,
1433 1275 1460 1337 si
1480 1274 1668 1356 diligentius
1687 1274 1849 1352 attendants,
1861 1297 1909 1342 ou·

454 1370 590 1453 donem,
606 1379 638 1438 et
658 1374 838 1439 secundum
856 1376 1071 1459 privationem
1088 1396 1224 1442 :secun-
1276 1380 1399 1445 nientes
1417 1385 1507 1461 sunt,
1532 1385 1565 1446 et
1586 1383 1703 1464 sumpti
1721 1386 1782 1445 sunt
1795 1400 1826 1446 ex
1838 1384 1911 1464 utta

456 1478 536 1543 dum
557 1482 756 1563 positionem,
772 1483 882 1547 dicunt
902 1483 1021 1549 animal
1043 1503 1111 1550 esse
1132 1504 1224 1551 com-
1277 1488 1363 1552 tione
1375 1488 1476 1571 huJus
1490 1489 1642 1569 nominis,
1655 1489 1912 1572 qumutpuaau

457 1604 556 1651 mnne
578 1588 618 1653 ad
637 1589 813 1671 hominem,
833 1595 865 1655 et
886 1591 1030 1671 asinum3
1046 1596 1225 1659 secumdum
1277 1612 1318 1658 ex
1330 1595 1540 1662 distinctione.
1557 1596 1694 1661 Persona
1709 1597 1781 1660 eain
1795 1595 1848 1660 diu't
1859 1597 1914 1662 inu

455 1696 668 1778 privationem
689 1717 778 1779 vero,
802 1704 839 1765 ut
857 1719 922 1765 non
934 1702 1054 1766 animal
1072 1708 1119 1767 est
1141 1722 1225 1768 oom-
1277 1702 1658 1769 municabilesecundum
1668 1703 1916 1780 mhouenuhrli

456 1822 553 1868 mune
573 1805 614 1868 ad
634 1806 772 1889 lapidem
794 1808 886 1873 etad
908 1809 1226 1891 lignumlltdicunt
1277 1809 1490 1892 privationem
1519 1809 1755 1875 communitatis
1778 1808 1918 1873 Paruum

455 1911 540 1994 quod
553 1913 766 1978 communitas
785 1916 963 1980 secundum
976 1917 1165 2000 positionem
1178 1923 1226 1983 est
1278 1917 1356 1996 rius,
1370 1917 1448 1999 quia
1466 1916 1822 1982 moommunirabilitateu
1834 1916 1919 1979 luido

456 2020 490 2084 in
502 2026 617 2086 natura
629 2027 661 2086 et
674 2025 820 2100 essentia,
837 2028 869 2088 et
881 2023 916 2088 in
931 2025 1135 2091 nominehoo
1156 2027 1225 2109 sig·
1277 2022 1364 2087 tione
1387 2025 1458 2105 ejus
1481 2023 1568 2106 quod
1591 2023 1697 2087 subest
1720 2022 1855 2105 proprietati
1868 2021 1920 2084 ma

454 2128 626 2209 nillcante;
641 2131 854 2195 communitas
866 2149 945 2196 vero
961 2133 1138 2197 secundum
1158 2134 1226 2217 pri-
1278 2130 1411 2212 guendi,
1425 2130 1501 2196 dicit
1513 2131 1725 2196 habitudinem
1735 2129 1921 2211 atpnpr'nn.

454 2235 616 2301 vallonem
637 2242 685 2301 est
705 2238 741 2302 in
760 2256 906 2320 persona,
921 2240 998 2322 qnia
1015 2240 1133 2305 dicitur
1153 2260 1225 2324 per-
1277 2236 1360 2300 sicut
1378 2255 1436 2320 per
1452 2256 1572 2303 nomen
1586 2237 1857 2322 hypostasisltuun
1869 2235 1923 2298 ula

455 2361 535 2407 sona
546 2345 637 2427 quasi
651 2346 974 2423 incommunicabilis,
989 2347 1094 2427 idest,
1109 2367 1225 2413 secun-
1278 2342 1415 2408 habetur
1429 2345 1516 2428 quod
1534 2363 1669 2428 permm
1683 2344 1760 2428 lmssil
1774 2341 1923 2424 masupi-

455 2450 534 2514 dum
548 2451 760 2532 privatIonem
773 2454 1023 2519 communitatis.
1041 2455 1103 2519 Alii
1116 2455 1226 2520 dicunt
1279 2455 1361 2529 tum,
1372 2452 1411 2517 de
1423 2471 1488 2535 quo
1501 2452 1618 2518 dicitur
1628 2449 1924 2530 inundamumjb'm'

455 2557 540 2640 quod
553 2558 671 2641 duplex
685 2564 733 2624 est
752 2562 965 2625 communitas
979 2581 989 2625 ι
1009 2563 1160 2645 quaedam
1174 2581 1226 2627 se-
1278 2562 1310 2622 et
1322 2577 1388 2623 uon
1401 2560 1597 2643 praedicandi
1612 2561 1651 2625 de
1663 2559 1793 2642 pluribus.
1810 2556 1873 2622 uu
1885 2565 1925 2636 lffl

456 2663 598 2728 cundum
623 2666 777 2730 unitatem
800 2671 926 2732 naturae
946 2669 1115 2748 absolutae,
1135 2687 1226 2753 quae-
1278 2665 1364 2747 quod
1385 2666 1560 2730 dotatione
1576 2665 1925 2745 suinomtnisinputtue

456 2771 529 2835 dam
559 2773 738 2838 secundum
760 2774 1003 2840 similitudinem
1029 2776 1226 2842 habitudinis
1278 2773 1535 2838 municabilitatis
1548 2770 1925 2857 privationem,etintmiuu

456 2882 658 2960 comparata.
678 2881 898 2946 communitas
921 2883 1100 2948 secundnm
1125 2884 1226 2949 nnita-
1277 2881 1421 2946 rationis,
1438 2880 1478 2946 Et
1496 2875 1926 2964 qniaoommminseimruitm

456 2989 521 3050 tem
541 2991 667 3052 naturae
687 2989 860 3067 absoluta,
883 2994 930 3055 est
954 2991 1137 3055 hnmanitas
1162 3009 1226 3056 res-
1278 2987 1456 3052 secundum
1468 2987 1627 3053 rationem
1641 2985 1769 3061 nominis,
1781 2984 1833 3046 idm
1843 2981 1926 3061 mmm

455 3097 549 3176 pectu
563 3093 647 3160 Petri
669 3100 702 3163 et
715 3096 823 3189 Pauli,
837 3098 916 3182 quia
937 3117 1002 3165 una
1016 3102 1132 3164 natura
1152 3100 1225 3165 nni-
1278 3097 1542 3162 communitatem
1563 3096 1729 3162 secundnm
1746 3089 1926 3177 privatum

455 3202 587 3266 versatis
599 3204 759 3286 reperitur
772 3204 808 3269 in
828 3205 992 3289 utrisque;
1012 3209 1226 3273 communitas
1277 3205 1527 3287 proportionem,
1543 3195 1924 3283 siveanuogianetnmu

461 3326 535 3375 vero
556 3312 734 3377 secundnm
760 3312 1003 3378 similitudinem
1029 3314 1226 3380 habitudinis
1277 3310 1398 3377 Tamen
1415 3311 1499 3375 inter
1517 3329 1630 3376 omnes
1641 3310 1697 3374 hoc
1708 3307 1793 3372 nodos
1801 3301 1925 3415 mature

454 3418 578 3498 relata,
594 3424 641 3484 est
653 3420 707 3484 illa
720 3438 795 3504 quae
817 3420 992 3486 attenditur
1012 3422 1048 3486 in
1068 3423 1225 3488 consimili
1277 3420 1459 3501 gisaccedit
1471 3420 1670 3484 adnatnram
1682 3419 1733 3496 rei,
1748 3415 1925 3498 qmmtmm

454 3527 654 3608 operatione,
671 3528 754 3593 sicut
770 3530 884 3595 modus
897 3530 1031 3611 regendi
1044 3531 1225 3596 communis
1277 3527 1364 3591 vatio
1378 3526 1432 3590 illa
1443 3528 1477 3590 in
1493 3544 1630 3609 persona
1640 3526 1734 3607 magis
1745 3517 1924 3602 arpennum

453 3637 500 3697 est
515 3639 639 3701 natnrae
654 3637 694 3702 ad
707 3639 883 3720 regendam
896 3656 1024 3718 navem,
1039 3643 1071 3703 et
1090 3639 1225 3704 doctoris
1277 3633 1427 3715 privatio.
1454 3633 1578 3698 Rursus
1603 3633 1730 3697 nominis
1747 3625 1844 3693 mmm
1862 3619 1924 3683 Μᾶ-

453 3741 494 3806 ad
507 3744 664 3825 regendas
673 3744 807 3825 scholas,
820 3745 895 3828 quia
907 3748 1042 3829 uterque
1053 3765 1120 3811 non
1132 3748 1225 3813 debet
1277 3744 1423 3805 mentum
1441 3744 1473 3805 el
1491 3741 1631 3805 radicem
1645 3737 1764 3804 halmm
1776 3752 1809 3797 ll·
1819 3725 1923 3794 cm*

454 3867 522 3913 esse
535 3855 641 3931 sorte,
658 3852 712 3916 sed
725 3857 793 3917 arte
807 3854 939 3935 peritus.
954 3853 994 3918 Et
1008 3853 1133 3936 primus
1149 3855 1224 3937 qui·
1277 3848 1326 3912 dae
1349 3866 1428 3930 ergo
1451 3853 1527 3912 sunt
1548 3849 1685 3913 rationes
1703 3843 1769 3929 quod
1782 3852 1875 3923 lllllm
1884 3830 1923 3894 (Μ

455 3958 528 4021 dem
550 3959 664 4023 modus
676 3961 849 4025 attenditur
870 3960 906 4024 in
928 3962 1083 4040 essentia;
1106 3980 1224 4026 secun-
1277 3955 1498 4019 communem
1511 3954 1639 4019 divinis·
1880 4044 1897 4059 .„

455 4064 515 4130 dus
527 4083 604 4131 vero
622 4068 796 4132 attenditur
818 4069 854 4133 in
874 4086 1020 4151 persona.
1043 4067 1126 4133 Nam
1148 4088 1223 4151 per·
1317 4067 1347 4125 l.
1360 4061 1411 4127 Ad
1423 4061 1500 4126 illud
1516 4049 1922 4166 quodobjnitunlmlllffl

453 4190 533 4237 sona
554 4172 670 4237 dicitur
690 4175 781 4257 qnasi
806 4177 997 4259 proprietate
1013 4175 1170 4256 distincta,
1193 4180 1225 4241 et
1277 4174 1351 4248 tur;
1367 4171 1437 4253 jam
1458 4172 1546 4251 patet
1565 4168 1735 4251 responsio,
1752 4161 1921 4269 mmmmm

452 4280 496 4344 ita
509 4279 584 4344 dicit
599 4280 820 4346 habitudinem
835 4283 875 4347 ad
893 4284 1134 4366 proprietatem,
1150 4302 1224 4367 quae
1277 4273 1353 4337 dicit
1370 4272 1633 4337 communitatem
1645 4269 1790 4336 mmmm
1798 4264 1918 4346 illim

452 4388 626 4453 consimilis
638 4389 733 4454 estin
754 4390 897 4472 qualibet
914 4408 1135 4474 personarum.
1152 4389 1223 4455 Non
1277 4386 1309 4448 et
1319 4384 1497 4449 secundum
1508 4383 1665 4448 unitatem
1674 4362 1918 4455 natumrsslfflffl

452 4489 539 4555 enim
547 4491 632 4571 dicit,
644 4496 802 4574 quantum
811 4496 858 4556 est
866 4492 905 4556 de
916 4511 961 4569 se,
977 4511 1078 4557 unam
1087 4493 1223 4558 formam
1277 4509 1364 4570 rem,
1386 4508 1452 4554 non
1476 4490 1582 4554 solum
1604 4490 1761 4555 secundnm
1776 4468 1918 4594 mmm*

451 4600 642 4676 naturalem,
664 4599 726 4664 nisi
749 4601 785 4664 in
805 4599 954 4683 obliquo;
970 4600 1025 4664 sed
1045 4601 1224 4666 substantia
1272 4599 1428 4684 ,quoniam
1452 4615 1589 4680 persona
1610 4598 1672 4662 hoc
1690 4594 1765 4661 modo
1779 4604 1824 4653 non
1836 4580 1917 4659 [Ψ

451 4708 520 4773 sive
533 4708 667 4772 essentia
680 4708 755 4774 dicit
765 4709 912 4787 formam,
929 4712 959 4772 et
972 4712 1121 4772 naturam
1134 4708 1224 4772 abso-
1276 4705 1552 4786 communitatem,
1568 4705 1639 4770 ideo
1649 4722 1711 4769 non
1721 4678 1917 4803 aruntem-lt

450 4817 553 4882 lutam
567 4818 601 4880 in
614 4835 680 4899 qua
691 4815 939 4881 communicant.
952 4816 1017 4879 abi
1030 4815 1142 4880 dicunt
1155 4818 1221 4880 ter-
1276 4814 1450 4879 hilominus
1461 4818 1570 4877 tamen
1585 4812 1667 4877 ratio
1678 4802 1916 4878 reludunt*

451 4925 496 4988 tio
511 4925 615 5002 modo,
630 4925 716 5007 quod
734 4923 854 5006 duplex
866 4927 914 4987 est
926 4923 1155 5003 communitas,
1175 4923 1222 4987 rei
1276 4922 1399 4987 versate
1429 4919 1649 5004 plurificatur,
1679 4923 1710 4983 et
1735 4930 1792 4980 rere
1813 4898 1916 4969 mm&

451 5031 584 5111 scilicet,
602 5035 634 5096 et
646 5030 777 5095 rationis
793 5052 801 5095 :
817 5030 878 5110 rei,
891 5030 973 5095 sicut
983 5030 1164 5095 universale
1182 5031 1222 5095 ad
1276 5014 1915 5114 propterveramaddifionempnpterlml*

451 5138 646 5220 singularia3
670 5138 802 5202 rationis
823 5155 917 5216 vero,
938 5137 1020 5202 sicut
1040 5138 1148 5220 aliqua
1169 5137 1221 5200 in·
1276 5135 1414 5200 trahitur
1428 5134 1468 5199 ad
1482 5133 1702 5210 individuum,
1716 5118 1914 5205 ethicum³1⁸le

450 5245 549 5311 tentio
562 5249 688 5329 accepta
701 5245 741 5310 ab
755 5246 863 5311 anima
875 5244 1052 5309 secundum
1065 5244 1222 5310 consimi-
1275 5244 1362 5309 addit
1374 5261 1472 5326 supra
1484 5243 1664 5321 essentiam,
1679 5237 1808 5325 qucum,
1816 5209 1913 5303 W*

449 5354 514 5419 lem
527 5354 661 5419 modum
683 5353 856 5436 accipiendi
874 5374 882 5417 :
897 5351 985 5417 etsie
1004 5353 1067 5417 hoc
1080 5370 1198 5418 nomen
1211 5400 1220 5430 ,
1275 5356 1346 5415 tum
1357 5354 1415 5428 est,
1430 5368 1496 5413 non
1507 5352 1557 5414 est
1568 5348 1722 5413 distinctio
1731 5345 1759 5408 iu
1767 5310 1912 5459 divintlst

483 5482 559 5534 ¹lloc
572 5483 643 5532 tenet
655 5481 736 5544 scot,
750 5479 896 5531 distxnn.
1275 5458 1442 5538 ditionem,
1462 5457 1518 5522 sed
1535 5474 1593 5541 per
1615 5434 1912 5539 01rgmem2uurm²
