4100 6300
398 423 459 487 218
967 421 1277 489 SENTENTIARUM
1297 423 1372 490 LlB.
1394 425 1419 488 l.

304 649 307 652 ,
399 556 584 651 appelletur
597 555 777 657 ingenitus,
793 577 861 625 non
877 556 1012 649 quidem
1025 557 1062 626 in
1075 557 1272 652 Scripturis,
1292 559 1349 627 sed
1368 559 1405 628 in
1429 557 1665 628 consuetudine
1686 559 1924 650 disputantiumet

399 674 440 743 de
461 695 497 742 re
518 682 609 742 tenta
625 694 807 742 sermonem
831 672 965 763 qualem
984 674 1151 743 voluerint
1171 674 1420 766 proferentium.
1445 675 1551 743 Filius
1573 682 1683 744 autem
1707 674 1746 742 de
1767 674 1849 744 Patre
1865 689 1926 748 um

400 797 467 875 est,
489 797 521 857 et
543 789 686 881 Spiritus
707 796 837 857 sanctus
860 787 900 857 de
926 790 1023 859 Patre
1049 791 1284 883 principaliter,
1306 801 1339 859 et
1362 793 1580 860 communiter
1602 792 1643 860 de
1669 800 1803 883 utroque
1821 795 1924 883 promti.

400 905 543 997 Ideoque
556 911 566 946 ¹
580 927 657 973 oum
677 904 838 996 Spiritum
858 913 1008 981 sanctum
1035 907 1186 996 genitum
1203 929 1270 975 non
1290 906 1450 996 dicamus,
1466 908 1572 976 dicere
1586 915 1696 975 temen
1717 906 1928 996 ingenitnnnon
1992 897 1993 906 ἵ

402 1022 575 1107 eudemus,
590 1044 632 1090 ne
653 1021 688 1089 in
711 1021 772 1089 hoc
785 1021 945 1090 vocabulo
959 1023 1012 1091 vel
1026 1021 1109 1091 dnos
1122 1024 1236 1092 Patres
1256 1023 1292 1092 in
1306 1024 1365 1093 illa
1377 1024 1556 1103 Trinitatc‚
1573 1025 1626 1093 vel
1644 1023 1727 1094 duos
1748 1024 1803 1116 qui
1821 1036 1928 1095 nonunt

400 1137 440 1207 de
453 1138 536 1223 elio,
553 1136 717 1230 quispiam
731 1136 925 1228 suspicetur.
940 1163 958 1203 o
975 1137 1057 1207 Ecce
1074 1138 1125 1206 his
1144 1138 1252 1208 verbis
1270 1147 1380 1231 aperte
1399 1140 1541 1210 ostendit
1565 1139 1728 1230 Spiritum
1753 1149 1878 1208 sunctum
1891 1164 1926 1209 ns

399 1253 561 1354 gepitum,
576 1274 637 1320 nec
650 1252 836 1341 ingenitum
849 1253 967 1322 debere
984 1253 1060 1321 diei.

306 1380 369 1454 Quod
443 1368 666 1459 Hieronymus
678 1377 802 1455 tamen,
817 1368 852 1436 in
866 1369 990 1459 regulis
1002 1368 1233 1439 definitionum
1246 1380 1360 1440 contre
1372 1372 1552 1458 baereticos,
1567 1372 1646 1441 dicit
1659 1371 1816 1464 Spiritum
1831 1381 1929 1441 modun

283 1446 387 1551 iiiiii
400 1485 586 1573 ingenitum
600 1507 680 1572 csse,
696 1484 748 1553 his
760 1485 870 1554 verbis
886 1509 894 1552 ε
916 1510 932 1550 o
947 1485 1091 1577 Spiritus
1103 1495 1235 1558 sanctus
1251 1498 1342 1580 pater
1362 1511 1430 1557 non
1450 1496 1519 1572 est,
1535 1488 1589 1556 sed
1616 1488 1796 1575 ingenitus,
1813 1490 1932 1579 auneis-

285 1571 387 1676 {iiiiii
401 1601 515 1670 fectus.
530 1600 628 1670 Pater
641 1624 708 1670 non
722 1609 781 1686 est,
799 1602 879 1694 quia
889 1601 997 1671 Patris
1010 1610 1078 1690 est,
1094 1603 1174 1672 etin
1187 1605 1284 1672 Patre
1298 1612 1346 1672 est
1367 1631 1374 1672 :
1393 1603 1631 1696 processionem
1652 1604 1749 1671 habet
1766 1625 1805 1672 ex
1818 1604 1933 1688 Patrne
1992 1599 1993 1690 ξ

291 1696 381 1811 {25:¹2}
401 1741 469 1786 non
488 1717 704 1787 nativitatem.
725 1718 831 1786 Filius
852 1725 962 1788 autem
983 1742 1052 1788 non
1075 1728 1142 1805 est,
1165 1721 1244 1811 quie
1262 1721 1394 1810 genitus
1407 1742 1475 1788 non
1487 1727 1546 1787 cst.
1567 1744 1583 1783 r
1601 1719 1681 1787 Eece
1696 1719 1737 1787 iis
1750 1720 1846 1788 verbis
1856 1720 1934 1788 dicitu

282 1821 389 1940 pm,
403 1833 546 1926 Spiritus
558 1842 689 1903 sanctus
701 1857 769 1903 esse
783 1834 950 1924 ingenitus
967 1860 975 1903 ε
991 1836 1080 1928 quod
1095 1836 1225 1904 videtur
1238 1836 1401 1905 adversari
1418 1835 1593 1928 praemissis
1609 1834 1717 1904 verbis
1731 1835 1893 1925 Augustini.

296 1947 373 2052 ᾖξ’
448 1952 512 2021 Sed
525 1961 563 2020 ut
573 1943 669 2020 istam
687 1952 777 2043 (qum
791 1952 937 2044 videtur)
953 1953 1207 2044 repugnantiam
1219 1952 1259 2020 dc
1273 1953 1380 2021 medio
1394 1952 1584 2042 abigamus,
1604 1951 1745 2021 dicimus
1766 1952 1844 2044 quod
1859 1952 1936 2020 fficio

284 2090 389 2161 segerm-
405 2089 525 2160 nymus
546 2068 642 2136 aliter
658 2068 780 2159 aceepit
800 2090 922 2137 nomen
941 2069 1084 2161 impuniti
1093 2121 1102 2156 ,
1117 2077 1149 2137 et
1162 2068 1258 2137 aliter
1271 2068 1490 2157 Augustinus.
1507 2069 1641 2160 Accepit
1659 2069 1748 2137 enim
1761 2069 1936 2158 Augustinu’

283 2155 391 2258 Addidi
403 2185 604 2276 inpartitum,
621 2185 699 2277 qni,
714 2185 767 2253 vel
781 2185 870 2276 quod
891 2184 932 2254 de
954 2186 1019 2255 alio
1033 2209 1100 2255 non
1115 2193 1183 2272 est3
1199 2194 1231 2254 et
1244 2183 1425 2254 secundnm
1440 2185 1500 2253 hoc
1515 2184 1637 2253 desolo
1650 2185 1750 2255 Patre
1766 2185 1877 2254 dicitur.
1888 2184 1937 2253 Hie·

283 2278 391 2396 ,ἓζζζῖξῗ
404 2323 564 2394 rouymus
585 2324 663 2371 vero
684 2301 872 2394 inpunitum
884 2301 975 2389 dicit,
990 2325 1059 2371 non
1071 2302 1220 2392 genitum
1232 2327 1241 2389 ;
1257 2309 1289 2370 et
1301 2301 1482 2371 secundum
1495 2302 1556 2370 hoc
1569 2300 1610 2370 de
1624 2300 1750 2394 Spiritu
1764 2311 1860 2370 saucio
1870 2309 1937 2392 potet

283 2403 392 2520 ssssjpflffff
404 2417 481 2504 dici,
497 2440 572 2486 cum
586 2417 730 2509 Spiritus
741 2426 873 2488 sanctus
886 2441 954 2487 non
967 2417 1009 2486 sit
1022 2418 1167 2508 genitus.

295 2554 325 2627 ni
341 2568 389 2630 κς.
448 2532 545 2614 Quod
557 2541 667 2602 eutem
683 2532 906 2625 Hieronymus
919 2533 965 2603 ita
977 2533 1152 2625 acceperit,
1176 2533 1359 2604 ostenditur
1381 2557 1422 2603 ex
1446 2533 1554 2603 verbis
1575 2534 1668 2625 ejus,
1688 2534 1807 2627 quihus
1823 2532 1936 2601 ineodeu

284 2615 390 2737 bingii
405 2657 543 2718 uastata
558 2636 676 2734 utitur,
691 2649 814 2717 iaciens
826 2651 924 2719 talem
938 2648 1134 2720 divisionem
1152 2675 1160 2719 τ
1180 2648 1316 2719 «Omne
1330 2651 1419 2742 qnod
1433 2658 1493 2734 est,
1509 2658 1567 2718 aut
1576 2650 1765 2739 ingenitum
1777 2658 1835 2734 est,
1849 2657 1893 2717 ent
1905 2670 1937 2736 ge

292 2747 392 2861 ,Ἥ
402 2766 514 2835 uitum
527 2817 536 2851 ,
552 2775 610 2834 eut
624 2767 757 2836 iactum.
782 2768 839 2835 Est
859 2790 938 2857 ergo
960 2766 1049 2860 quod
1068 2789 1128 2835 nec
1150 2774 1266 2836 natum
1280 2774 1340 2851 est,
1354 2789 1414 2835 nec
1428 2766 1571 2837 iactum:
1585 2777 1618 2836 et
1630 2767 1779 2860 estquod
1791 2774 1886 2835 ustum
1894 2771 1935 2846 et,

286 2883 390 2976 3⁰33,
404 2891 436 2951 et
448 2882 572 2952 iactum
587 2905 654 2950 non
668 2890 716 2951 cst
732 2908 739 2949 ε
754 2892 786 2950 et
799 2891 847 2950 est
860 2884 949 2975 qnod
967 2907 1027 2952 neo
1040 2891 1155 2951 natum
1169 2894 1233 2969 est,
1249 2904 1307 2952 nec
1321 2883 1444 2951 iactum
1466 2893 1515 2952 est
1531 2908 1539 2951 ε
1560 2894 1593 2952 et
1610 2891 1660 2952 est
1676 2884 1766 2975 quod
1788 2883 1889 2951 iactum
1900 2888 1935 2959 ot

283 2992 390 3101 Sffiss
404 3006 437 3067 et
458 3007 572 3067 natum
597 3021 664 3068 non
684 3007 732 3067 est
748 3024 755 3065 :
771 3007 803 3067 et
816 2999 967 3090 estquod
988 2999 1112 3068 iactum
1136 3008 1205 3087 est,
1226 3007 1259 3068 et
1279 3007 1395 3068 natum
1408 3008 1475 3086 est,
1490 3008 1522 3068 et
1534 3010 1691 3068 renatum
1705 3008 1752 3068 est
1767 3023 1775 3066 ε
1791 3006 1821 3067 et
1831 3006 1870 3066 est
1882 2991 1936 3087 quod

298 3120 381 3227 ξψ-
403 3114 526 3185 iactum
542 3123 601 3202 est,
618 3123 650 3185 et
662 3123 777 3185 natum
791 3124 851 3202 est,
867 3123 899 3184 et
912 3123 1066 3185 renatum
1081 3138 1147 3185 non
1161 3124 1221 3185 est.
1236 3116 1333 3185 Nunc
1345 3115 1594 3210 prepositorum
1608 3116 1752 3207 siugulis
1765 3115 1850 3184 rebus
1860 3109 1937 3180 suuis

344 3214 350 3226 ⁸
403 3233 540 3302 entiam
560 3233 771 3302 destinemus.
793 3233 888 3315 Quod
908 3255 987 3322 ergo
1000 3256 1061 3302 neo
1074 3240 1212 3320 natum,
1232 3256 1293 3301 nec
1312 3233 1434 3302 iactum
1453 3241 1521 3320 est,
1545 3234 1642 3303 Pater
1664 3211 1738 3303 ei:
1755 3256 1818 3302 non
1835 3226 1937 3299 enimd

271 3386 274 3394 ·
403 3349 468 3419 alio
481 3351 594 3442 aliquo
608 3356 666 3419 est.
683 3350 777 3432 Quod
792 3359 903 3419 autem
916 3358 1033 3419 natum
1047 3358 1116 3437 est,
1131 3358 1163 3419 et
1176 3350 1299 3419 iactum
1316 3374 1382 3420 non
1397 3358 1456 3437 est,
1475 3351 1580 3420 Filius
1593 3357 1655 3437 est,
1674 3351 1736 3445 qui
1758 3374 1776 3418 a
1794 3343 1937 3436 Patregct't

403 3473 458 3536 tus
470 3475 530 3552 est,
548 3490 616 3537 nou
632 3467 746 3536 iactus.
763 3466 859 3548 Quod
873 3467 994 3536 iterum
1008 3489 1068 3535 nec
1082 3466 1217 3554 factum,
1232 3489 1293 3535 neo
1305 3475 1421 3535 natum
1445 3474 1505 3553 est,
1520 3467 1667 3560 Spiritus
1686 3475 1812 3536 sanctus
1826 3472 1873 3548 est,
1883 3461 1938 3551 quit

402 3584 501 3655 Patre
525 3584 680 3676 procedit.
707 3584 802 3667 Quod
824 3585 922 3653 etiam
946 3584 1070 3652 iactum
1095 3591 1143 3651 est
1164 3592 1196 3652 et
1213 3592 1330 3652 natum
1344 3606 1412 3652 non
1428 3591 1488 3668 est,
1503 3584 1625 3654 coslum
1638 3594 1673 3653 et
1689 3593 1785 3670 terra,
1799 3590 1935 3668 seorsus

404 3724 479 3794 quae
501 3701 704 3771 insensibilia
724 3709 812 3770 suut.
836 3699 931 3783 Quod
955 3709 1066 3769 autem
1078 3700 1215 3785 iactum,
1230 3708 1263 3768 et
1276 3708 1404 3786 netum,
1420 3710 1453 3769 et
1466 3709 1617 3769 renatum
1631 3710 1695 3788 est,
1712 3701 1807 3770 homo
1818 3707 1864 3767 est
1877 3690 1936 3777 oid

404 3839 482 3887 vero
495 3817 617 3887 iactum
631 3826 691 3904 est,
706 3826 739 3886 et
749 3826 864 3886 natum
875 3825 935 3903 est,
948 3826 981 3886 et
990 3810 1142 3886 renatum
1156 3839 1225 3886 non
1239 3825 1298 3902 est,
1312 3816 1469 3884 animalia
1483 3824 1572 3884 sunt.
1586 3842 1602 3881 n
1617 3817 1702 3886 Eece
1712 3817 1762 3886 his
1771 3816 1862 3885 verbis
1870 3819 1937 3879 oster

404 3934 453 4003 dit
473 3935 696 4026 Hieronymus
718 3957 752 4003 se
774 3934 961 4027 inpeditum
982 3934 1137 4025 accipere.
1150 3956 1217 4001 non
1237 3933 1398 4025 pesitum.
1422 3934 1528 4001 Aliter
1541 3933 1631 4001 enim
1644 3957 1716 4003 non
1731 3942 1808 4002 esset
1823 3928 1937 4022 promise

404 4050 522 4120 divisio
537 4073 627 4136 vera,
646 4050 791 4119 seilicet:
811 4078 829 4118 e
842 4049 948 4119 Omne
961 4051 1051 4143 quod
1073 4058 1133 4136 est,
1150 4057 1208 4118 aut
1220 4050 1408 4140 ingenitum
1421 4060 1488 4135 est,
1504 4057 1562 4118 eut
1575 4049 1743 4139 genitum,
1758 4057 1811 4118 ant
1820 4047 1934 4115 imunt

403 4169 514 4260 Atque
536 4168 572 4236 in
599 4166 770 4238 divisionis
795 4166 896 4259 hujus
920 4166 1165 4259 prosecutione,
1194 4165 1230 4234 in
1245 4166 1472 4256 ‚assignatione
1492 4166 1654 4257 inpositi,
1673 4167 1795 4259 ubique
1811 4162 1882 4256 ponit
1896 4177 1935 4225 tot

404 4291 534 4354 natum.

595 4538 801 4608 expositio
820 4539 986 4608 noxius.
1228 4544 1344 4609 differt.
1363 4542 1402 4608 nt
1421 4542 1491 4608 haeo
1511 4561 1586 4627 pers
1602 4543 1702 4610 habet
1721 4543 1797 4609 dues
1814 4542 1893 4624 pede
1903 4531 1936 4595 ³5¹

1229 4654 1333 4738 prima
1344 4651 1493 4734 Magister
1505 4652 1632 4735 quaint,
1646 4657 1680 4717 et
1690 4648 1935 4717 determinatum

1230 4761 1366 4845 Spiritus
1379 4764 1508 4824 sauctus
1524 4758 1638 4823 debeat
1654 4759 1719 4824 dici
1737 4759 1862 4842 genium
1874 4752 1935 4812 inse

313 4901 383 4946 ε’·ο.
418 4866 420 4869 ’
443 4873 549 4957 Supra
574 4873 641 4956 egit
660 4871 813 4956 Magister
835 4871 874 4937 dc
894 4872 1095 4957 processione
1118 4892 1176 4957 per
1229 4869 1351 4946 eunde,
1375 4872 1486 4932 utrum
1510 4866 1624 4931 debeat
1648 4867 1714 4932 dici
1738 4863 1875 4949 ingenitus
1888 4852 1933 4917 u:

404 4984 674 5066 comparationem
687 4982 727 5047 ad
741 4981 834 5047 iilum
848 4981 889 5046 ed
901 4999 1016 5066 quem,
1034 4985 1066 5046 et
1077 5001 1098 5047 a
1111 5000 1175 5065 quo
1230 4980 1322 5045 Nunc
1349 4976 1620 5045 cmsidcrocdum
1653 4984 1725 5057 est,
1750 4992 1815 5043 orm
1843 4964 1934 5050 Silliiiu

405 5094 462 5155 est.
483 5088 542 5154 Hie
559 5089 651 5155 tertio
671 5089 741 5154 looo
758 5089 829 5170 egit
851 5089 892 5153 dc
913 5089 982 5171 ipse
996 5088 1175 5153 secundum
1229 5093 1435 5156 sanctaenon
1447 5089 1494 5154 sit
1504 5086 1644 5169 genitus.

405 5197 692 5281 comparationem,
721 5198 753 5260 et
773 5194 1034 5278 generationem,
1065 5216 1086 5262 a
1112 5215 1176 5279 qua
1271 5195 1564 5279 ltem,primapars
1574 5194 1671 5258 habet
1684 5178 1933 5277 mancinum

440 5358 450 5393 ¹
468 5355 629 5423 thid.,peu10
643 5355 830 5420 superius-²
847 5358 922 5424 Aug,
935 5357 966 5410 dc
983 5360 1064 5425 Trio,
1078 5359 1124 5412 lib.
1142 5359 1175 5425 V,
1231 5305 1383 5426 ostffndit’
1404 5303 1491 5387 qum
1507 5301 1646 5426 Spifim
1660 5305 1785 5422 sancius
1801 5284 1933 5362 noum

411 5432 575 5493 evenus.
1231 5412 1293 5478 dior
1306 5417 1411 5493 natus,
1425 5412 1478 5479 vel
1490 5413 1634 5495 gemtus,
1644 5411 1698 5477 vel
1708 5409 1795 5474 filius
1806 5387 1932 5469 manui

558 4732 619 4782 Post
636 4730 696 4781 hec
716 4728 948 4792 considerandum,
968 4731 1019 4781 eto.
