4100 6300
364 412 425 476 178
931 413 1241 479 sunruurllauu
1261 414 1336 481 LlB.
1360 416 1386 482 l.

360 566 437 613 rum
456 546 638 612 linearum:
657 563 746 628 ergo,
763 546 790 609 si
801 546 869 611 istae
882 547 1050 613 relationes
1063 566 1128 612 uon
1185 550 1350 631 productio
1371 551 1588 617 convenientis
1611 551 1648 616 in
1669 556 1813 617 natura:
1841 553 1939 618 radone

361 658 438 718 sunt
457 654 655 730 distinctivae,
669 653 796 718 videtur
810 653 955 718 similiter
971 655 1057 737 quod
1070 673 1129 720 neo
1182 655 1285 736 igitur
1306 661 1432 722 naturae
1461 676 1527 723 nou
1558 662 1755 740 potestesse
1779 658 1939 723 distinctio:

361 760 533 844 paternitas
545 764 576 825 et
589 760 709 824 filiatio.
1184 779 1263 843 ergo
1276 763 1328 828 vel
1348 764 1411 828 erit
1423 765 1546 829 ratione
1559 765 1731 848 suppositi,
1748 765 1805 829 vel
1826 766 1943 847 proprie

402 866 435 932 Sl
447 867 542 945 dicas,
556 867 642 951 quod
659 885 726 931 non
747 885 858 932 omnes
878 867 1047 933 relationes
1062 867 1129 931 dis-
1184 868 1311 931 tatis1si
1318 870 1528 952 proprietatis,
1539 875 1596 935 aut
1603 871 1762 937 absolutae
1771 872 1941 952 (etenira-

361 974 526 1061 tinguunt,
542 974 598 1039 sed
611 975 715 1040 solum
733 979 867 1053 mutuae,
888 980 923 1040 ut
936 976 1129 1059 principium
1184 975 1316 1055 pectivae
1330 998 1337 1039 :
1352 994 1417 1041 non
1430 977 1602 1055 absolutae,
1621 981 1699 1062 qnia
1712 984 1796 1044 tunc
1808 979 1942 1044 essetdis

361 1086 393 1145 et
411 1082 648 1166 principiatum,
672 1083 746 1147 finis
768 1086 801 1148 et
823 1084 967 1161 tluitum3
993 1088 1126 1150 couno:
1184 1082 1294 1148 tinctio
1307 1085 1342 1148 in
1355 1088 1487 1163 natura;
1502 1103 1561 1149 nec
1569 1086 1770 1168 respectiva,
1783 1091 1942 1168 utputaro-

94 1236 103 1257 .
233 1237 239 1250 .
361 1186 453 1254 Pater
461 1194 493 1254 et
504 1189 605 1254 Filius
614 1208 648 1254 se
660 1190 791 1268 habent,
802 1194 839 1255 ut
847 1190 1028 1272 intelligens
1039 1196 1070 1255 et
1082 1192 1130 1255 in·
1183 1190 1320 1271 lationis,
1335 1193 1412 1275 quia
1425 1193 1459 1256 in
1471 1193 1622 1258 relatione
1640 1195 1825 1260 secundum
1846 1214 1877 1258 se
1890 1213 1939 1259 nm

359 1298 530 1376 tellectum,
544 1303 583 1363 ut
595 1300 671 1365 dicit
684 1301 856 1365 Auselmus
867 1307 898 1364 ¹:
914 1300 969 1364 sed
981 1300 1130 1383 idempo
1183 1303 1231 1362 cst
1244 1303 1351 1364 motus
1363 1301 1399 1363 in
1417 1301 1587 1378 creaturis,
1602 1319 1661 1364 nec
1674 1302 1771 1383 origo
1784 1302 1820 1365 in
1832 1301 1940 1379 dirim

358 1408 492 1471 testesse
501 1406 692 1488 intelligens,
701 1412 733 1471 et
743 1407 937 1471 intellectum
948 1427 955 1471 ε
968 1425 1058 1489 erge,
1067 1412 1127 1473 etc.
1183 1403 1269 1468 unde
1278 1405 1387 1473 filiatio
1395 1424 1463 1471 non
1472 1410 1655 1486 generatur,
1669 1407 1732 1471 nisi
1741 1407 1777 1471 in
1787 1408 1852 1471 alio
1862 1430 1871 1471 :
1880 1426 1942 1489 ego

398 1521 428 1581 5.
444 1516 534 1597 Item,
549 1519 652 1600 major
667 1523 714 1582 est
727 1518 941 1601 repugnantia
952 1518 989 1582 in
1002 1523 1129 1585 contm
1183 1528 1310 1577 necesse
1328 1517 1376 1577 est
1393 1515 1478 1596 quod
1496 1515 1537 1578 sit
1555 1513 1717 1579 distinctio
1730 1515 1768 1579 in
1780 1515 1941 1598 supposito.
2020 1588 2021 1593 ,

357 1626 425 1705 riis,
435 1625 813 1709 quaminrelativis250d
821 1626 932 1693 albedo
941 1631 973 1691 et
981 1628 1127 1708 nigredo,
1183 1616 1335 1684 Similiter
1362 1621 1486 1685 ratione
1518 1622 1681 1686 relationis
1708 1627 1757 1686 ast
1784 1622 1941 1699 distinam,

357 1740 521 1818 quaesunt
540 1736 714 1815 cornaria,
731 1753 797 1800 nou
812 1735 933 1803 iaciunt
953 1736 1127 1801 distinctio-
1183 1726 1259 1807 quja
1271 1727 1351 1791 nihil
1364 1729 1404 1792 ad
1417 1747 1452 1792 se
1465 1729 1613 1810 refertur,
1627 1748 1688 1794 1100
1698 1730 1876 1795 ordinatus
1891 1728 1941 1795 lla·

357 1861 434 1907 nem
447 1843 530 1908 circa
550 1842 698 1923 Petrum,
719 1844 796 1927 qnia
812 1843 898 1908 idem
913 1847 1014 1925 potest
1033 1843 1128 1908 modo
1183 1837 1269 1903 tione
1288 1858 1367 1905 vero
1378 1840 1452 1904 talis
1464 1840 1629 1906 relationis
1649 1846 1698 1906 est
1710 1842 1870 1906 distinctio
1882 1861 1943 1924 per-

357 1966 425 2012 esse
443 1950 546 2027 albus,
561 1950 655 2015 modo
672 1951 788 2033 niger:
805 1968 884 2032 ergo
898 1951 998 2015 multo
1015 1951 1129 2016 fortius
1182 1947 1309 2027 annalis,
1324 1948 1401 2029 quia
1418 1965 1573 2029 generare
1592 1953 1625 2013 et
1639 1951 1803 2030 generari,
1819 1968 1892 2014 curn
1902 1951 1945 2013 di·

357 2075 444 2123 unus
453 2057 486 2120 in
496 2057 612 2124 divinis
627 2060 722 2125 modo
736 2059 797 2124 erit
807 2064 908 2142 pater,
921 2059 1016 2124 modo
1030 2059 1126 2124 lilius.
1181 2058 1255 2118 cant
1273 2053 1459 2119 relationem
1472 2075 1530 2139 per
1544 2057 1677 2122 modum
1690 2059 1827 2123 eodonis
1838 2064 1869 2123 et
1881 2078 1944 2142 pas·

397 2169 427 2229 6.
443 2164 522 2231 Item
536 2166 704 2249 quaeritur,
724 2184 823 2250 quare
837 2166 943 2250 potius
959 2165 1128 2232 relationes
1181 2162 1289 2240 sionis,
1305 2163 1415 2228 dicunt
1433 2183 1506 2229 eam
1518 2166 1553 2229 iu
1571 2167 1747 2249 supposito,
1769 2172 1802 2231 et
1815 2173 1946 2250 respectu

357 2272 478 2337 iaciunt
490 2272 727 2338 distinctionem
738 2291 884 2356 personae
903 2292 1003 2355 quam
1020 2290 1128 2338 essen·
1182 2272 1345 2354 suppositi.
1360 2271 1399 2335 Et
1411 2272 1494 2353 ideo,
1508 2274 1584 2356 quia
1594 2274 1706 2339 rdatio
1716 2275 1801 2338 inter
1813 2280 1944 2340 extrenn

357 2379 422 2459 tiae,
438 2398 513 2444 cum
525 2398 619 2463 aeque
637 2381 719 2445 bene
730 2381 853 2463 possint
868 2399 936 2445 esse
951 2380 1060 2464 plures
1073 2400 1125 2446 es-
1181 2382 1270 2443 notat
1285 2379 1529 2460 distinctionem,
1543 2385 1630 2463 patet
1643 2383 1730 2465 quod
1743 2382 1945 2449 donnanae

358 2489 480 2570 sendra,
493 2491 545 2555 vel
558 2494 695 2571 nature,
715 2489 751 2555 in
763 2508 831 2556 una
850 2507 997 2572 persona,
1013 2491 1128 2556 sicutc
1181 2485 1226 2549 ihi
1244 2487 1493 2581 suppositorum.
1514 2487 1570 2553 llis
1582 2490 1672 2570 visis,
1687 2494 1776 2572 patet
1787 2491 1878 2557 facile
1889 2492 1945 2556 sol-

357 2615 521 2663 converso.
818 2681 822 2689 .
1181 2611 1257 2658 vere
1270 2594 1311 2659 ad
1323 2595 1460 2677 objecta.

625 2720 849 2788 (poprffljspo⁸
1221 2706 1252 2765 l.
1277 2697 1367 2776 Quod
1380 2720 1459 2784 ergo
1476 2703 1647 2786 objicitur:
1663 2701 1758 2769 Pater
1772 2706 1944 2771 comnmi-

359 2842 502 2901 dcnerotio
523 2846 555 2900 in
578 2843 680 2901 drinio
703 2846 774 2914 facit
799 2845 899 2902 realem
927 2844 1127 2902 distinctionem
1181 2807 1322 2873 ffltFffl‘)
1334 2814 1439 2875 mmm
1451 2812 1537 2893 qu⁰d
1547 2812 1655 2891 habet,
1669 2830 1788 2881 Verum
1801 2819 1860 2889 δί’
1873 2833 1945 2898 iffi

392 2934 833 3005 coenomanensem,
849 2937 945 2991 antro
958 2934 1125 3007 anciram
1181 2918 1493 2998 organisationem,
1509 2923 1541 2983 et
1551 2920 1768 3001 maenianis
1778 2921 1945 2986 mancus

393 3025 550 3080 nontamen
560 3021 1018 3099 armunemoontronnamp).
1180 3041 1267 3089 nem.
1283 3024 1354 3108 lpsa
1367 3026 1455 3090 enim
1468 3028 1549 3091 ratio
1562 3027 1945 3095 communicandidatiu·

398 3136 490 3223 lleop.
505 3141 546 3206 od
563 3159 633 3224 arg.
657 3140 844 3222 Dicendum,
858 3140 945 3226 quod
959 3140 1126 3223 genoratio
1179 3130 1323 3215 telligere
1337 3133 1581 3212 distinctionem,
1595 3135 1672 3219 quia
1685 3133 1795 3200 nullus
1807 3153 1944 3202 eommu-

356 3246 391 3309 in
408 3246 536 3327 divinis,
557 3247 640 3313 sicut
659 3253 822 3314 ostensum
837 3253 895 3329 est,
914 3248 988 3314 lacit
1006 3248 1126 3314 realem
1179 3240 1265 3305 nicol
1277 3241 1349 3321 sibi,
1370 3242 1424 3306 sed
1441 3243 1495 3307 alii
1509 3265 1517 3306 :
1533 3243 1646 3318 elidffl
1658 3243 1703 3324 id,
1715 3243 1830 3327 inquo
1842 3244 1944 3309 distin*

356 3353 589 3420 distinctionem
607 3356 691 3420 inter
713 3361 920 3437 generantem
942 3360 974 3422 ct
989 3373 1125 3436 genem
1180 3347 1263 3429 guil,
1278 3367 1344 3413 non
1358 3350 1584 3415 communicat·

356 3463 439 3542 tum,
457 3480 524 3527 nou
536 3462 723 3527 rationalem
739 3464 792 3530 vel
810 3461 1056 3528 intellectualem
1071 3481 1125 3527 so-
1219 3460 1250 3520 2.
1261 3456 1488 3539 Adilludquod
1499 3457 1659 3541 objicitur,
1670 3458 1758 3540 quod
1770 3477 1862 3542 aeque
1872 3459 1941 3522 sim

355 3567 437 3649 lum,
452 3568 535 3633 sicut
545 3569 625 3634 dixit
636 3569 803 3650 Sabellus,
818 3570 872 3634 sed
883 3569 1013 3648 realem,
1026 3588 1127 3651 quan-
1179 3564 1254 3647 plex
1267 3570 1315 3630 ast
1326 3584 1474 3648 persona,
1485 3571 1522 3630 ut
1529 3565 1675 3646 essentia,
1686 3566 1941 3649 dicendumqnod

355 3679 427 3740 tum
444 3676 484 3741 ad
497 3694 677 3760 personam,
692 3695 760 3741 non
779 3681 938 3760 quantum
958 3677 998 3742 ad
1018 3695 1127 3742 essen·
1180 3672 1363 3756 simplicitas
1375 3674 1520 3739 essentia
1530 3672 1674 3756 estquod
1685 3674 1771 3739 sitin
1782 3675 1940 3758 moribus:

355 3782 445 3861 tiam,
458 3782 552 3858 siem
571 3783 647 3848 dicit
660 3784 767 3852 Arius.
788 3783 878 3861 Quod
890 3784 935 3847 sic
949 3787 1053 3865 patet:
1070 3781 1127 3848 Ge
1180 3780 1234 3845 sed
1246 3780 1430 3863 simplicitas
1441 3780 1594 3864 suppositi
1613 3783 1663 3845 est
1677 3781 1766 3864 quod
1779 3799 1845 3846 uon
1861 3779 1941 3844 sitin

356 3890 490 3968 naratio,
505 3891 540 3956 in
553 3891 716 3968 creaturis,
731 3890 807 3956 dicit
819 3890 1055 3958 emanationem
1070 3909 1127 3973 per
1179 3887 1335 3971 pluribus.
1351 3884 1434 3952 Nam
1445 3888 1648 3971 suppositum
1657 3889 1939 3966 siveindividunn,

356 3996 490 4062 modum
509 3998 653 4079 actionis,
678 3998 747 4063 sive
768 3997 971 4076 mutationis;
996 3998 1033 4062 in
1050 3997 1125 4077 lloo,
1180 3997 1339 4075 quantiam
1358 3998 1407 4060 est
1425 3995 1465 4062 de
1482 4013 1527 4074 se,
1548 3995 1664 4060 dicitrrr
1676 4013 1745 4061 esse
1757 3995 1843 4079 qnod
1854 3999 1898 4059 est
1909 3993 1940 4056 in

356 4105 968 4189 emanationempermodumrelalionis.
980 4104 1127 4187 lnouan-
1180 4118 1247 4164 uno
1259 4100 1345 4164 solo:
1363 4101 1435 4165 ideo
1447 4119 1514 4166 non
1527 4105 1574 4165 ast
1586 4101 1703 4166 simile.

356 4217 428 4277 tum
447 4213 535 4282 euim
558 4214 717 4280 manatio
737 4213 812 4279 dicit
827 4213 1062 4282 distinctionem
1073 4231 1126 4282 ra-
1221 4211 1251 4274 3.
1266 4207 1317 4272 Ad
1336 4207 1414 4273 illud
1427 4209 1513 4291 quod
1533 4209 1694 4291 objicitur,
1706 4210 1792 4293 quod
1803 4209 1884 4274 idem
1895 4212 1939 4273 a

357 4320 443 4385 tione
454 4321 675 4399 emanationis,
690 4325 738 4386 est
750 4320 926 4400 distinctim
941 4321 1030 4403 quia,
1045 4321 1128 4386 sicin
1180 4314 1326 4392 manua,
1341 4319 1373 4380 et
1382 4333 1529 4417 persona,
1544 4316 1714 4381 dicendum
1725 4317 1821 4400 quod,
1830 4334 1938 4399 qnam-

357 4429 433 4494 dicit
450 4430 654 4510 llnselmus2,
673 4448 734 4494 nec
753 4428 931 4496 intellectus
951 4430 1048 4516 capit,
1067 4448 1129 4494 nec
1179 4420 1305 4486 Vissint
1315 4421 1411 4501 idem,
1425 4428 1608 4487 nontamen
1618 4424 1836 4490 suntadidem
1848 4446 1855 4486 ε
1869 4424 1936 4505 truh

356 4541 473 4602 natum
484 4538 650 4620 permittit,
665 4536 757 4604 illum
776 4536 834 4619 qui
852 4539 900 4602 est
915 4536 956 4600 ab
969 4535 1045 4615 alio,
1059 4555 1128 4604 esse
1179 4546 1315 4611 persona
1327 4533 1374 4594 est
1385 4530 1424 4593 ad
1438 4530 1555 4608 alium3
1568 4531 1640 4597 idco
1651 4535 1834 4613 generatet
1846 4531 1934 4595 reler-

356 4645 450 4712 illum
470 4664 491 4711 a
512 4665 578 4729 quo
599 4649 658 4723 est,
682 4645 859 4714 secundum
881 4644 967 4728 quod
992 4644 1126 4727 positive
1178 4638 1254 4701 tur:
1269 4637 1493 4702 essentiavero
1517 4655 1598 4716 uon;
1620 4638 1692 4703 ideo
1713 4638 1934 4704 mircori-

356 4754 472 4819 dicitur
484 4754 600 4838 aliquis
612 4771 680 4822 esse
698 4754 738 4817 ab
750 4751 835 4818 alio:
858 4769 934 4820 nam
954 4750 1048 4838 Pater
1060 4751 1127 4833 pri-
1179 4743 1373 4824 munientur,
1398 4748 1430 4808 et
1456 4763 1590 4827 persona
1611 4745 1826 4829 distingrritrn.
1855 4743 1934 4809 Sinti

356 4862 463 4926 votive
478 4859 597 4927 dicitnr
613 4879 682 4926 esse
699 4877 777 4936 ase,
791 4860 824 4924 id
837 4864 894 4939 ost,
908 4878 976 4925 non
991 4859 1034 4924 ab
1051 4858 1125 4924 alio.
1179 4866 1269 4932 ergo,
1290 4851 1439 4933 quamvis
1457 4851 1542 4917 idem
1555 4853 1598 4917 sit
1610 4854 1645 4917 in
1660 4852 1751 4918 Patre
1770 4851 1931 4918 emendant

357 4967 393 5032 ln
407 4972 565 5050 quantum
578 4967 941 5036 autemtalisemanatio
959 4966 1126 5049 ponitdis-
1178 4975 1324 5041 persona,
1351 4963 1461 5026 tamen
1484 4979 1620 5044 persona
1641 4965 1786 5044 generat,
1810 4956 1930 5025 marafin

355 5075 554 5154 tinctionem,
562 5073 975 5158 (dliupersoumgancratio
982 5074 1071 5138 enim
1079 5078 1126 5138 est
1178 5082 1266 5144 non;
1287 5064 1332 5129 sic
1349 5084 1368 5130 c
1388 5084 1551 5148 converso,
1573 5071 1712 5138 essentia
1729 5065 1928 5136 communio·

1178 5174 1243 5252 tur,
1258 5175 1290 5235 et
1302 5190 1438 5255 persona
1450 5192 1528 5240 non.

388 5264 530 5325 ¹luselm.,
544 5263 668 5328 Monotop.
683 5263 918 5328 c.1.1.—²ldem,
930 5264 960 5315 de
973 5265 1125 5330 processione

358 5336 448 5402 spirit.
459 5336 540 5388 suncti
546 5371 556 5398 ,
568 5337 628 5401 post
639 5335 748 5401 princip.
766 5334 853 5388 Simile
866 5335 945 5388 hotot
957 5335 986 5388 in
998 5335 1123 5401 Menelao.
1210 5335 1243 5404 (a)
1258 5334 1299 5385 lt.
1309 5334 1410 5386 Arrium
1416 5373 1426 5401 ,
1438 5339 1464 5387 et
1477 5335 1513 5388 sic
1527 5336 1701 5402 noncopa-
1714 5338 1745 5404 (ὁ)
1759 5335 1839 5403 Sappl.
1851 5329 1921 5399 pmii

358 5421 382 5458 o.
391 5419 492 5459 mvn.
1176 5432 1209 5446 -
1222 5408 1252 5473 (c)
1263 5408 1324 5460 Get.
1335 5405 1399 5460 odit.
1410 5407 1536 5474 absoluta,
1546 5411 1784 5476 autrespectimet
1794 5410 1827 5459 rie
1837 5399 1921 5456 da&
