4100 6300
562 406 659 472 bist.
678 404 788 471 xviii.
810 403 901 470 Alit.
925 403 948 469 Ι.
971 403 1121 483 QUAEST.
1144 406 1195 472 lv.
1617 416 1672 475 311

66 545 204 619 εθῐιθῖο;
216 541 849 625 etquodsic,videturperAugustinum‚
907 545 955 605 est
967 559 1139 607 commune
1150 543 1254 607 tribus
1269 561 1278 606 ε
1295 544 1349 608 sed
1366 545 1488 610 donum
1504 549 1552 611 est
1564 546 1677 630 liujus-

69 652 113 720 dc
139 649 707 717 Trinitate1:«SicutinTrinitate
722 666 789 713 non
806 650 853 711 est
907 650 993 715 modi
1009 673 1017 713 ε
1031 669 1120 733 ergo,
1137 655 1196 716 etc.

69 760 219 826 verbum
241 758 302 821 nisi
320 757 431 837 Filius,
445 759 491 822 ita
504 776 563 823 nec
573 758 695 822 donum
708 756 772 820 nisi
785 755 853 838 Spi-

71 869 164 932 ritus
176 870 343 930 sanctus.»
1178 890 1405 959 CONGLUSIO.

120 975 205 1039 item
224 975 347 1039 donum
368 974 445 1039 dicit
465 974 701 1039 emanationem
720 991 776 1057 per
787 990 855 1037 mo-

74 1084 162 1149 dum
181 1082 376 1146 liberalitatis
394 1104 401 1147 :
416 1083 479 1147 hoc
497 1087 606 1147 autem
627 1087 676 1146 θεῖ
688 1081 854 1166 proprium
909 1060 1014 1116 9οΜ
1027 1063 1058 1117 “'l
1071 1061 1174 1164 duola
1187 1062 1449 1168 diditttswfftde
1456 1064 1565 1138 Sim
1576 1074 1678 1141 sancto,

75 1192 183 1256 solius
196 1190 334 1273 Spiritus
347 1191 447 1255 sancti
461 1213 469 1256 :
481 1210 571 1272 ergo,
586 1194 647 1255 etc·
946 1153 972 1204 et
982 1150 1255 1208 donumdotdatum
1265 1154 1473 1213 mtcbmatrtote
1482 1160 1507 1212 ct
1516 1161 1681 1217 auctoritate

123 1300 217 1378 ltem,
237 1299 363 1364 Donum
382 1299 436 1364 [lei
454 1299 571 1364 dicitur
591 1299 725 1362 relative
738 1297 778 1362 ad
798 1297 855 1360 do·
946 1245 1170 1296 monstratam
1183 1245 1210 1297 et
1219 1257 1256 1314 pr
1256 1240 1389 1299 mm
1482 1301 1489 1313 ’

78 1412 217 1472 nantem
230 1430 237 1472 :
251 1408 306 1472 sed
320 1408 442 1473 donans
457 1426 524 1472 non
543 1410 671 1472 tantum
683 1408 732 1470 θεῖ
751 1404 855 1483 Pater,
952 1403 1045 1487 llesp.
1063 1405 1103 1468 ad
1123 1404 1262 1486 Argum.
1284 1405 1459 1471 Dicendum
1474 1407 1580 1489 quod,
1600 1409 1683 1474 siout

80 1517 189 1580 immo
207 1515 303 1579 etiam
319 1514 437 1592 Filius,
460 1514 537 1597 quia
553 1520 688 1597 uterque
710 1516 759 1578 est
777 1513 858 1576 mit-
912 1514 999 1593 patet
1011 1529 1054 1575 ex
1067 1512 1173 1575 verbis
1193 1512 1366 1594 Augustini
1383 1515 1405 1592 ²,
1423 1513 1550 1579 Donum
1567 1517 1683 1582 dicitur

80 1626 176 1687 tens:
187 1641 266 1703 ergo
277 1624 399 1688 donum
411 1623 527 1689 dicitnr
536 1622 669 1687 relative
681 1622 722 1686 ad
733 1620 858 1685 Patrem
911 1617 947 1680 in
960 1617 1078 1681 divinis
1091 1619 1219 1701 proprie
1236 1620 1302 1685 sive
1316 1621 1617 1703 personaliter,'non
1628 1644 1682 1689 es-

83 1731 118 1790 et
131 1726 273 1805 Filium;
287 1731 319 1791 et
336 1727 364 1790 si
385 1726 458 1806 hoc,
479 1726 688 1807 distinguitur
707 1724 747 1787 ab
768 1731 857 1788 utro·
913 1727 1096 1805 sentialiter,
1116 1727 1198 1790 siout
1214 1726 1356 1792 Verbum
1371 1729 1498 1811 proprie
1515 1730 1630 1796 dicitur
1643 1734 1683 1799 de

82 1854 153 1917 que
170 1858 178 1899 ι
194 1852 273 1917 ergo
295 1853 355 1898 nec
369 1834 472 1913 Pater,
487 1853 547 1898 nec
560 1833 672 1912 Filius,
687 1832 742 1897 sed
753 1832 859 1895 solum
913 1834 1012 1899 Filio:
1029 1834 1143 1899 llatnm
1155 1838 1264 1899 autem
1287 1839 1389 1918 potest
1400 1837 1500 1920 accipi
1521 1842 1553 1901 et
1572 1857 1683 1904 essen-

82 1941 229 2025 Spiritus
240 1947 369 2006 sanctus
383 1942 500 2007 dicitur
512 1942 641 2025 proprie
654 1941 787 2005 donum.
913 1942 1030 2006 tialiter
1044 1946 1076 2006 et
1089 1942 1312 2025 personaliter,
1328 1943 1396 2008 sive
1410 1944 1538 2027 proprie
1550 1950 1582 2009 et
1595 1963 1684 2010 com·

30 2048 66 2092 Ψ
127 2050 244 2115 Contra
259 2074 265 2114 z
282 2056 311 2114 l.
328 2049 455 2114 Donum
477 2050 593 2114 dicitur
607 2050 642 2112 in
655 2048 767 2112 habitu
781 2066 789 2110 :
804 2047 859 2111 sed
913 2052 1058 2117 munitor
1071 2074 1079 2116 ι
1093 2055 1160 2116 ῖοῖθ
1179 2050 1267 2114 enim
1289 2048 1428 2114 Trinitas
1447 2051 1501 2115 dat
1513 2071 1558 2131 se,
1582 2059 1613 2117 et
1631 2057 1683 2118 ta-

80 2160 200 2224 datum
219 2159 335 2223 dicitur
355 2159 389 2222 in
415 2163 518 2223 actu:
541 2175 621 2240 ergo
640 2157 752 2221 datum
774 2154 860 2219 addit
913 2178 988 2224 men
1005 2159 1097 2224 Pater
1116 2163 1147 2223 et
1164 2158 1264 2223 Filius
1283 2160 1411 2241 proprie
1429 2160 1506 2223 dant
1528 2159 1683 2243 Spiritum
1705 2178 1805 2236 expuo·-

81 2285 186 2351 snpra
211 2270 335 2334 donum
352 2290 359 2329 ι
374 2284 455 2347 ergo
477 2265 530 2329 cui
552 2263 703 2329 convenit
722 2280 790 2326 esse
802 2262 859 2327 da·
913 2271 1069 2332 sanctum.
1096 2265 1227 2349 Propter
1246 2266 1308 2330 hoc
1327 2267 1505 2331 notandum
1520 2268 1606 2350 quod
1625 2269 1684 2333 da·
1708 2240 1805 2357 w

79 2381 169 2456 tum,
185 2376 310 2440 stratio
323 2374 411 2439 doni.
427 2372 488 2438 Sed
501 2373 612 2438 datum
626 2369 777 2435 convenit
789 2368 858 2432 Tri·
912 2379 983 2439 tum
996 2376 1035 2439 de
1049 2377 1099 2439 sui
1116 2376 1238 2439 ratione
1258 2374 1343 2439 idem
1361 2374 1518 2457 estquod
1537 2393 1683 2441 commu-

80 2483 190 2563 nitati,
206 2482 362 2565 quiatota
377 2480 515 2544 Trinitas
528 2480 629 2544 datae
645 2501 652 2542 :
668 2496 747 2559 ergo
761 2482 792 2542 et
804 2477 858 2542 do
914 2484 1068 2546 nicatum.
1085 2480 1189 2546 Potest
1208 2481 1310 2562 igitur
1327 2481 1388 2545 hoc
1402 2481 1488 2564 quod
1503 2486 1552 2546 est
1573 2483 1685 2549 datum

79 2609 169 2656 num
185 2612 192 2653 :
207 2608 274 2654 non
287 2606 367 2669 ergo
380 2587 508 2671 proprie
516 2586 648 2669 Spiritui
661 2590 781 2649 saneto.
913 2591 974 2657 dici
987 2592 1260 2654 communicatum
1272 2607 1314 2653 ex
1326 2589 1527 2668 liberalitate,
1537 2593 1570 2654 et
1582 2590 1628 2654 sic
1638 2594 1686 2655 est

125 2704 157 2763 2.
167 2698 257 2777 ltem,
265 2698 387 2762 donum
394 2696 469 2761 dicit
476 2700 657 2778 respectum
668 2695 707 2758 od
717 2693 857 2772 dantem,
913 2717 1085 2764 commune
1109 2698 1166 2761 toti
1181 2695 1349 2776 Trinitati3
1369 2697 1422 2761 vel
1442 2716 1483 2761 ax
1496 2697 1686 2763 liberalitate

81 2812 118 2872 et
140 2807 180 2871 ad
199 2824 277 2870 eum
298 2804 351 2869 cui
364 2803 460 2869 datur
474 2825 482 2867 τ
496 2803 523 2866 si
538 2819 617 2883 ergo
629 2805 677 2866 est
690 2800 858 2884 proprium
913 2813 945 2873 et
957 2807 1154 2885 auctoritate,
1169 2812 1201 2871 et
1213 2806 1259 2870 sic
1270 2807 1419 2870 convenit
1434 2806 1565 2890 Spiritui
1577 2812 1685 2873 sancto

80 2919 221 3002 Spiritus
243 2916 357 2996 sancti,
379 2920 436 2980 aut
462 2919 592 2997 propter
616 2917 797 2996 respectum
819 2914 859 2977 ad
913 2920 946 2980 θῖ
959 2914 1524 2997 Filioqnihabeutsubauctoritatem
1539 2919 1686 2997 respectu

81 3027 228 3105 dantem,
247 3030 305 3089 aut
322 3023 528 3107 recipientem
543 3041 552 3086 t
566 3039 631 3086 nou
647 3025 777 3104 propter
792 3039 858 3084 res-
914 3023 1033 3102 Patris3
1047 3023 1098 3086 vel
1112 3026 1215 3104 potest
1234 3022 1296 3086 diei
1318 3021 1428 3086 datum
1443 3040 1485 3085 ex
1498 3022 1684 3088 liberalitate

81 3139 217 3218 pactum
229 3133 269 3198 ad
279 3130 495 3215 recipientem,
510 3130 589 3214 qnia
598 3128 746 3194 similiter
759 3127 860 3193 Filius
914 3135 947 3197 et
964 3132 1150 3197 auctoritate
1167 3148 1232 3195 non
1252 3132 1379 3195 tantum
1399 3132 1684 3209 communicatum,

83 3243 183 3308 datus
199 3246 247 3306 est
260 3241 361 3317 nobis,
376 3245 409 3303 et
422 3237 526 3319 magis
537 3238 633 3302 etiam
651 3237 745 3301 datus
761 3254 860 3318 quam
914 3240 968 3305 sed
981 3239 1079 3304 etiam
1090 3238 1292 3322 productum,
1301 3238 1400 3302 ethoc
1413 3239 1507 3303 modo
1520 3239 1685 3322 proprium

83 3349 240 3434 Spiritns3
256 3348 283 3411 si
302 3366 381 3413 vero
401 3348 442 3411 ad
455 3347 596 3426 dantem,
611 3350 722 3409 contm
738 3367 745 3408 :
760 3343 861 3408 Filius
914 3352 962 3412 est
975 3346 1114 3430 Spiritus
1127 3346 1239 3424 sancti,
1256 3348 1349 3427 cujus
1365 3346 1531 3428 proprium
1546 3351 1593 3410 est
1611 3366 1686 3430 pro·

83 3459 204 3525 dicitur
218 3458 388 3540 procedere
410 3474 430 3519 a
451 3455 565 3533 dante,
578 3453 695 3517 scilicet
708 3472 728 3518 a
743 3452 835 3517 Patre
851 3475 858 3518 ε
914 3455 1208 3520 oedereseoundum
1218 3453 1374 3519 rationem
1386 3453 1593 3534 liberalitatis,
1604 3456 1687 3519 etita

84 3585 169 3648 ergo
190 3566 318 3629 ridetur
338 3562 514 3647 secundum
533 3579 740 3626 communem
761 3562 860 3625 ratio-
915 3564 1092 3628 secundum
1110 3563 1269 3626 rationem
1289 3561 1365 3625 doni
1387 3560 1440 3625 vel
1460 3560 1627 3624 donabilis.
1649 3562 1689 3627 Et

84 3699 166 3745 nem
180 3678 259 3743 Filio
270 3674 454 3740 convenire.
915 3671 976 3735 hoc
987 3671 1083 3734 modo
1095 3669 1218 3733 donum
1230 3668 1282 3734 vel
1291 3668 1402 3732 datum
1411 3667 1615 3750 aequivalent.
1626 3668 1688 3732 llil-

130 3787 165 3852 Si
177 3786 261 3850 dieas
276 3782 361 3867 quod
376 3781 476 3846 Filius
491 3799 556 3846 non
567 3781 708 3864 procedit
720 3798 778 3864 per
790 3798 861 3845 mo·
915 3781 1022 3844 lerunt
1042 3784 1165 3855 tamen,
1188 3776 1265 3860 qnia
1278 3775 1389 3839 datum
1408 3775 1483 3839 dicit
1502 3777 1688 3841 communi-

83 3898 169 3963 dum
182 3892 354 3969 donabilis,
369 3908 474 3972 neque
493 3906 558 3971 quo
576 3889 670 3952 modo
685 3889 780 3953 datus
800 3893 859 3969 est,
916 3886 1116 3952 cationemin
1127 3889 1212 3963 actu,
1225 3884 1280 3949 sed
1292 3883 1415 3947 donum
1435 3882 1471 3945 in
1484 3882 1597 3946 habitu
1610 3888 1632 3946 ⁸.
1649 3882 1689 3947 Et

84 4005 145 4070 sed
164 4019 229 4085 qno
247 4000 343 4065 modo
360 4002 476 4075 natus;
494 3996 609 4061 Contra
623 4018 630 4059 :
646 3994 746 4060 Filius
764 3996 809 4060 sio
822 3997 863 4060 ab
917 3994 1153 4059 eoncedendum
1168 3991 1313 4074 estquod
1325 3991 1447 4054 donum
1462 3991 1589 4075 proprie
1604 3990 1687 4056 dici-

86 4119 210 4180 aeterno
234 4107 394 4192 procedit,
409 4107 446 4169 ut
461 4104 679 4187 temporaliter
692 4108 773 4167 esset
784 4104 862 4167 mis-
916 4103 1019 4168 turin
1032 4102 1148 4167 divinis
1161 4100 1200 4164 de
1212 4098 1333 4181 Spiritu
1346 4102 1465 4163 sancto.
1634 4082 1640 4095 ’

86 4219 205 4294 sibilis,
220 4217 296 4299 quia
308 4232 346 4279 eo
361 4213 498 4277 mittitur
511 4211 628 4289 Filius,
644 4230 709 4294 quo
723 4229 863 4292 genera·
957 4219 987 4276 l.
1002 4210 1052 4275 Ad
1069 4208 1148 4272 illud
1174 4207 1260 4289 quod
1285 4205 1448 4288 objicitur,
1470 4206 1556 4288 quod
1575 4206 1688 4271 datum

85 4333 145 4391 tur
165 4324 243 4389 :sed
261 4320 371 4387 missio
385 4338 452 4384 non
471 4324 519 4383 est
539 4318 626 4383 aliud
644 4337 743 4402 qnam
761 4320 862 4384 dona·
916 4319 1003 4384 addit
1015 4335 1114 4400 supra
1128 4316 1266 4393 donum;
1283 4313 1560 4396 dicendumquod,
1575 4333 1688 4380 secun·

87 4434 157 4499 tio:
173 4449 251 4511 ergo
262 4428 363 4493 Filius
381 4427 533 4509 prooessit
547 4429 584 4489 ut
596 4425 761 4489 donabilis.
917 4429 995 4493 dum
1016 4441 1222 4490 communem
1238 4422 1450 4503 acceptionem
1464 4422 1529 4484 dati
1547 4427 1578 4486 et
1591 4422 1685 4500 doni,

131 4543 161 4604 3.
184 4536 321 4612 item,si
342 4535 435 4599 datus
457 4538 505 4597 θεῖ
526 4531 626 4596 Filius
648 4551 689 4597 ex
706 4537 862 4616 tempore,
917 4536 1039 4618 aliquid
1057 4534 1134 4599 dicit
1152 4532 1272 4595 donum
1293 4529 1378 4593 ultra
1391 4547 1490 4612 wem
1508 4530 1641 4606 datum,
1656 4534 1689 4595 et

88 4652 148 4715 aut
160 4645 279 4711 eratad
295 4645 357 4708 hoc
370 4640 486 4706 habilis
500 4641 541 4703 ab
553 4644 691 4719 aterno,
706 4644 862 4707 autnon:
917 4647 1029 4711 datum
1049 4642 1254 4723 ultraquam
1275 4638 1408 4703 donum.
1432 4636 1577 4713 Donum,
1603 4638 1687 4702 ultra

89 4757 119 4822 si
136 4754 200 4828 sic,
215 4770 295 4835 ergo
314 4749 466 4834 processit
487 4752 525 4813 ut
543 4748 699 4813 donabilis
714 4769 722 4827 ;
738 4749 765 4812 si
785 4767 862 4827 non,
917 4770 1015 4837 quam
1040 4751 1167 4827 datum,
1192 4748 1344 4828 importat
1366 4745 1601 4809 emanationem
1629 4762 1686 4827 per
1739 4724 1744 4735 ’

90 4881 171 4946 ergo
198 4859 320 4943 aliquid
352 4858 503 4923 convenit
525 4875 567 4921 ex
594 4861 736 4940 tempore
762 4857 862 4935 Filio,
917 4855 1264 4933 modumliberalitatis3
1279 4855 1390 4918 datum
1399 4870 1488 4931 vero,
1498 4852 1688 4934 ultraquam

90 4970 179 5057 quod
196 4971 359 5052 repugnat
383 4972 512 5031 aeternae
540 4966 734 5030 emanationi
751 4985 760 5030 ε
777 4967 864 5049 quod
916 4971 1055 5046 donum,
1076 4967 1228 5048 importat
1246 4966 1354 5026 actum
1375 4960 1687 5037 communicationis,

91 5094 140 5155 est
152 5086 391 5151 inconveniens.
918 5077 994 5160 quia
1011 5076 1134 5140 donum
1161 5072 1237 5136 dicit
1255 5069 1415 5133 habitum.
1440 5066 1480 5132 Et
1500 5067 1589 5147 ideo,
1613 5069 1690 5150 quia

132 5200 162 5259 l.
178 5193 270 5272 Item,
284 5192 406 5274 regula
415 5194 462 5256 est
476 5190 562 5275 quod
574 5208 669 5254 omne
682 5208 801 5254 nomen
815 5193 864 5256 di·
917 5184 996 5249 illud
1018 5182 1104 5266 qnod
1122 5179 1208 5244 addit
1226 5178 1348 5242 donum
1370 5194 1467 5260 supro
1486 5175 1618 5257 datum,
1642 5180 1691 5239 est

93 5320 168 5370 0⁰³⁸
190 5304 369 5384 remum
388 5298 439 5364 V⁰¹
459 5297 608 5363 effectum
632 5297 672 5362 ³⁴¹
691 5302 862 5382 “eamr
918 5348 1020 5410 rania,
1041 5345 1086 5395 ru.
1107 5342 1169 5407 xv,
1192 5356 1216 5392 θ.
1238 5351 1300 5402 111,
1320 5352 1348 5388 n.
1365 5339 1406 5390 ar.
1428 5363 1460 5375 -
1486 5336 1496 5368 ⁸
1520 5337 1592 5389 uem
1615 5337 1693 5389 aaut

127 5424 358 5492 ¹lug.,dell=in.,
375 5424 419 5476 lib.
437 5425 470 5487 V,
484 5438 506 5475 c.
520 5435 565 5489 xv,
578 5437 604 5473 n.
626 5424 864 5490 ld.-¹Aug.,de
918 5422 945 5474 S.
958 5421 1061 5483 thom,
1073 5419 1300 5483 p.l,q.xm1u,
1313 5410 1396 5461 art-2·
