4100 6300
412 449 472 513 tot
984 440 1295 509 SENTENTIARUM
1314 443 1390 508 ΗΒ.
1414 444 1439 509 l.
1467 430 1470 435 ’

412 583 569 647 excellens
582 597 678 647 omna
689 596 820 658 noman,
834 578 982 643 laudetur
993 578 1033 661 lul
1047 578 1186 643 exomni
1239 578 1329 657 tudo,
1343 562 1503 661 i'noipions
1514 597 1535 643 a
1546 579 1670 657 notiori,
1688 582 1886 669 asinanum,

412 689 554 754 nomina.
569 688 642 752 lilia
654 688 738 751 ratio
751 691 799 751 ast
816 686 1022 751 manuductio
1043 685 1185 750 intellec·
1240 685 1292 765 di;
1309 686 1380 751 ideo
1396 690 1447 751 est
1459 686 1622 751 translatio
1638 707 1657 751 a
1674 692 1886 780 moduinum

411 800 465 861 tus
484 795 601 874 nostri;
626 795 703 877 quia
723 812 799 858 cum
815 813 873 878 par
892 799 1053 859 creaturas
1069 794 1109 857 ad
1129 812 1184 858 oo-
1239 794 1460 871 anotioribuS,
1473 794 1513 859 ad
1525 794 1888 875 Creatoremmadmnorru

411 905 631 985 gnosoendum
657 902 836 967 Creatorem
856 901 1008 967 venimus
1032 904 1070 964 ut
1088 901 1188 983 pluri·
1239 903 1329 967 titur.
1351 902 1391 968 Et
1409 905 1488 987 quia
1509 922 1629 984 magna
1651 903 1795 969 similinus
1807 920 1893 979 naua

412 1030 515 1088 mum,
528 1013 594 1074 tere
606 1029 718 1074 omnes
731 1016 885 1074 creatura,
904 1010 1025 1074 habent
1042 1009 1183 1093 proprie·
1239 1009 1401 1089 falsitatis,
1428 1011 1501 1074 idao
1531 1030 1601 1075 non
1623 1013 1814 1079 translamnlnr
1829 1024 1895 1087 nm

410 1124 490 1184 tatas
515 1117 656 1197 nobiles,
683 1135 756 1200 quae
781 1122 857 1181 sunt
878 1118 959 1182 ratio
984 1116 1185 1199 intelligendi
1240 1118 1382 1183 multum
1397 1117 1531 1197 similia,
1548 1118 1895 1207 sioutsuntnonimoud

411 1225 527 1305 baum,
543 1229 581 1290 ut
601 1225 646 1292 leo
666 1225 898 1302 fortitudinem,
913 1241 1017 1308 aprus
1032 1243 1185 1288 mansue-
1239 1242 1329 1303 rum,
1343 1243 1385 1289 ne
1403 1226 1486 1289 forts
1504 1225 1643 1306 angelus
1657 1227 1780 1290 credatu
1794 1248 1838 1294 ma
1849 1232 1895 1297 lu

410 1334 566 1412 tudinem,
581 1341 675 1416 petro
687 1333 892 1412 soliditatem,
907 1349 1034 1414 serpens
1047 1332 1185 1415 prudsn·
1239 1329 1299 1396 Per
1312 1333 1374 1397 hoo
1386 1338 1474 1416 patet
1492 1332 1582 1416 quod
1595 1332 1792 1398 translationi
1805 1336 1897 1405 india

409 1441 499 1517 imm,
512 1447 544 1505 ei
554 1440 731 1505 consimilia
747 1463 754 1504 :
768 1440 841 1513 ideo
858 1441 1000 1522 oportuit
1013 1441 1108 1523 plura
1120 1457 1182 1503 no·
1238 1444 1397 1523 quantum
1430 1441 1472 1505 ad
1504 1440 1676 1504 nominum
1701 1442 1897 1527 nuntioram,

410 1547 499 1610 mina
519 1548 683 1611 transferri
710 1549 749 1612 ad
781 1548 893 1612 llarrm.
924 1547 1081 1625 Quoniam
1104 1565 1182 1629 ergo
1236 1548 1359 1611 rationo
1373 1550 1468 1630 nujus
1479 1548 1600 1611 dicitur
1609 1546 1687 1612 Dans
1696 1548 1895 1617 omniaomnia:

409 1653 485 1719 tlnis
502 1654 637 1736 imponit
651 1655 869 1719 necessitatem
887 1655 937 1721 his
955 1673 1029 1738 quae
1045 1660 1121 1720 sunt
1141 1655 1181 1719 ad
1237 1660 1270 1720 et
1281 1656 1513 1738 patentomnia
1525 1657 1783 1739 praetarprimum.

409 1761 527 1840 tinem;
553 1772 634 1825 oum·
651 1762 813 1829 translatio
835 1764 876 1827 sit
896 1764 936 1827 ad
956 1749 1086 1827 laudem
1108 1762 1179 1842 llai,
1278 1762 1368 1841 Quod
1382 1764 1469 1829 enim
1482 1764 1637 1846 objicitur
1650 1768 1679 1827 l.
1692 1765 1764 1847 quod
1778 1766 1838 1831 nula
1847 1770 1896 1831 uti·

408 1867 480 1932 ideo
492 1869 626 1934 nomina
639 1870 844 1953 importantia
864 1870 1097 1935 deformitatum
1114 1889 1180 1935 non
1236 1872 1402 1950 militudo,
1417 1872 1496 1955 quia
1508 1890 1640 1935 summa
1655 1877 1700 1935 ast
1715 1872 1899 1949 distantialiu

409 1974 524 2039 debant
535 1977 714 2052 transferri,
729 1980 767 2041 ut
779 1976 940 2056 diabolus,
953 1978 1042 2058 busa,
1058 1977 1179 2060 vulpes,
1235 1980 1314 2045 dum
1327 1980 1431 2062 quod,
1452 1980 1562 2044 sinon
1583 1985 1629 2044 est
1647 1981 1794 2047 similitudo
1806 2002 1900 2063 pu·

408 2084 486 2166 quia
508 2085 614 2165 magis
636 2085 873 2149 transferuntur
899 2086 940 2151 ad
961 2086 1178 2168 vituperium,
1234 2092 1360 2153 natura
1380 2087 1674 2170 participationem,
1696 2093 1737 2152 art
1753 2092 1830 2151 unm
1844 2090 1899 2151 im

410 2209 509 2274 qnam
521 2192 561 2255 ad
573 2191 712 2259 laudam.
727 2192 859 2272 Rursus,
870 2195 946 2275 quia
958 2193 1121 2257 translatio
1133 2199 1182 2257 est
1234 2195 1313 2260 tudo
1330 2195 1510 2263 secundum
1524 2196 1704 2277 analogiam
1718 2197 1899 2273 dhadudm

408 2303 538 2382 pruptar
562 2305 704 2367 nostram
730 2300 989 2380 instructionem,
1015 2305 1048 2364 et
1066 2301 1180 2365 simili-
1234 2307 1266 2367 et
1284 2303 1394 2367 hocin
1412 2303 1652 2386 nomparationa
1664 2302 1702 2368 ad
1719 2301 1825 2368 effatus
1839 2299 1901 2365 saa

441 2424 474 2490 (a)
487 2423 558 2477 nuit.
573 2424 795 2479 restaurantur.
1233 2410 1296 2477 hoo
1308 2409 1415 2491 magis
1425 2410 1503 2475 alibi
1515 2410 1663 2481 habitum
1674 2414 1726 2475 ost.

1014 3619 1120 3666 ritus
1148 3619 1244 3668 tom
1269 3622 1390 3674 Pilliss.
