4100 6300
420 471 479 532 ruo
974 460 1285 530 sumurumuu
1303 461 1425 558 uar.

418 605 466 665 est
477 600 560 665 ratio
571 600 779 666 emanationis
789 604 821 664 et
835 599 980 682 originis,
995 599 1041 663 ibi
1053 603 1188 664 estuare
1240 598 1326 663 vinis
1338 602 1387 662 est
1398 615 1478 662 vara
1490 598 1592 679 origo,
1601 597 1665 662 sive
1674 601 1878 682 amasiam

418 708 499 772 ratio
513 707 676 790 principii:
688 707 742 770 sed
754 707 789 771 in
801 705 918 772 divinis
928 724 1004 770 vere
1017 709 1050 770 et
1059 704 1186 788 proprie
1243 708 1314 768 tum
1324 723 1413 783 vera,
1430 704 1486 769 sed
1505 704 1602 769 etiam
1613 706 1812 788 completise'na
1819 716 1881 783 tlh

417 814 557 878 estratio
570 812 779 878 emanationis
793 832 802 876 ι
817 831 896 895 ergo
915 812 961 877 ihi
974 817 1094 878 verset
1107 829 1183 894 pro-
1239 814 1348 877 autem
1368 812 1457 895 quod
1480 812 1883 894 superimminentem

418 919 804 1002 prieestratioprincipii.
1239 919 1883 1010 quodemananshabeatcumpmdncntcw

314 1009 403 1117 3⁶⁰⁹·
460 1027 575 1092 Contra
597 1045 605 1089 :
627 1033 657 1090 l.
676 1025 874 1108 Principium
896 1031 928 1090 et
948 1026 1090 1109 primum
1110 1029 1186 1090 sunt
1238 1027 1361 1092 litatem
1382 1025 1617 1104 omnimodam,
1640 1044 1674 1088 as
1692 1027 1886 1099 muranum

422 1135 507 1199 idem
533 1142 543 1177 ¹
574 1156 582 1199 ε
609 1151 688 1214 ergo
717 1132 774 1197 ubi
801 1133 884 1198 cadit
910 1133 991 1198 ratio
1016 1133 1182 1216 principii,
1238 1133 1372 1212 stantia,
1399 1132 1476 1215 quia
1494 1132 1578 1195 nihil
1596 1137 1795 1215 potastaqmri
1808 1137 1846 1202 lc
1857 1143 1888 1204 fi

416 1245 464 1306 est
482 1241 586 1306 dicero
607 1241 750 1324 primum
773 1262 780 1302 :
798 1246 829 1305 et
851 1240 907 1304 ubi
927 1244 973 1304 est
992 1240 1096 1304 dicere
1117 1240 1183 1322 pri-
1238 1239 1321 1304 Deus
1334 1262 1341 1303 :
1354 1240 1381 1304 si
1404 1257 1483 1321 ergo
1503 1240 1698 1305 emanatioet
1712 1242 1889 1323 malaca

416 1368 528 1429 mum,
543 1352 590 1413 est
608 1349 711 1414 dicere
730 1349 835 1429 prius,
859 1348 936 1430 quia
953 1347 1183 1429 superlativum
1238 1347 1333 1429 primi
1350 1348 1577 1412 convenienter
1590 1351 1622 1411 et
1637 1347 1891 1426 reluctacione

415 1456 633 1539 praesapponrt
652 1455 932 1537 comparativum:
949 1453 1051 1518 stubi
1073 1454 1181 1535 prius,
1237 1455 1299 1536 cipi
1313 1455 1444 1518 nomina
1464 1454 1601 1518 dicentia
1621 1454 1740 1536 originis
1753 1458 1891 1532 veneant

415 1564 461 1629 ibi
472 1563 629 1646 posterius
650 1582 658 1625 ι
679 1580 758 1643 ergo
778 1579 798 1624 a
821 1561 937 1643 primo,
959 1560 1015 1624 ubi
1038 1563 1085 1624 est
1103 1560 1183 1624 ratio
1236 1579 1302 1625 non
1325 1561 1423 1644 recipi
1446 1562 1581 1624 nomina
1601 1561 1776 1643 importantia
1797 1565 1892 1645 impate-

415 1672 573 1755 priucipii,
589 1670 633 1735 ibi
646 1674 693 1733 est
705 1670 786 1735 ratio
800 1668 981 1752 posterioris
996 1690 1004 1732 z
1018 1669 1072 1733 sed
1084 1669 1118 1731 in
1132 1669 1183 1733 di·
1238 1669 1370 1746 tionem,
1383 1667 1434 1732 vel
1444 1668 1669 1745 diversitatem,
1677 1669 1722 1732 rel
1728 1670 1892 1752 menesium

416 1777 502 1841 vinis
512 1777 601 1841 nullo
611 1777 706 1840 modo
716 1776 867 1858 recipitur
876 1776 1037 1858 quadrum
1047 1792 1184 1858 persona
1237 1773 1394 1852 Quoniam
1406 1793 1484 1856 ergo
1500 1775 1511 1809 ⁸
1525 1775 1893 1860 principiumetprutipiun

415 1884 457 1948 sit
471 1883 627 1967 posterior
640 1883 720 1948 alia:
736 1900 815 1964 ergo
832 1881 1028 1948 nullomodo
1047 1899 1183 1965 persona
1236 1882 1345 1946 dicunt
1365 1881 1500 1961 originis
1529 1882 1707 1960 veritatem,
1723 1883 1778 1947 ideo
1794 1891 1893 1967 nnuma

415 1989 667 2072 estprincipium
680 2006 834 2071 personae.
1235 1989 1434 2071 recipiturin
1452 1989 1894 2065 diviuismaximesntenintoia

454 2102 485 2160 2.
502 2095 591 2174 Item,
605 2095 639 2158 iu
651 2095 805 2159 creaturis
822 2094 907 2159 idem
920 2097 969 2159 est
986 2094 1179 2179 principium
1235 2095 1392 2178 principii.
1411 2095 1472 2160 Sed
1492 2096 1646 2177 quoniam
1664 2098 1793 2179 posterius
1806 2098 1894 2161 tuis

415 2202 605 2278 stimuum,
624 2202 872 2284 sicutpatstper
895 2200 1126 2285 Philosophum
1144 2206 1179 2268 ²:
1234 2198 1476 2280 perfectionem,
1508 2203 1542 2262 ot
1567 2199 1693 2262 initium
1721 2199 1841 2274 anile,
1856 2203 1895 2282 qui

414 2329 493 2392 ergo
513 2310 568 2374 ubi
585 2328 652 2374 non
673 2308 824 2391 recipitur
850 2308 991 2387 initium,
1015 2328 1075 2374 nec
1092 2313 1181 2394 prin·
1234 2304 1531 2387 dicitimperfectam
1543 2305 1896 2388 demtionemscilioetum

415 2417 536 2500 cipium
556 2439 563 2480 :
580 2417 634 2480 sed
647 2433 759 2480 omnes
769 2432 914 2498 personae
927 2415 962 2479 in
976 2416 1092 2482 divinis
1105 2425 1181 2485 sunt
1233 2410 1553 2490 fi0n0m30tintenli0
1562 2430 1665 2477 causae
1673 2413 1897 2495 importtldilm'ts

414 2524 481 2588 siue
500 2522 590 2586 initio
609 2541 709 2604 :ergo
733 2527 764 2587 et
789 2523 857 2585 sine
882 2522 1039 2605 principio
1067 2547 1075 2588 ε
1100 2544 1179 2608 ergo
1233 2521 1316 2599 tem,
1331 2518 1408 2601 quia
1420 2538 1517 2584 causa
1536 2525 1585 2584 eat
1601 2521 1642 2584 ad
1659 2523 1741 2600 eujns
1755 2539 1806 2583 ersa
1816 2520 1897 2602 aquia

413 2630 607 2714 principium
619 2646 686 2693 nen
698 2629 774 2693 dicit
786 2633 966 2711 respectum
981 2648 1125 2711 personae
1139 2635 1179 2699 ad
1233 2626 1334 2703 aliud3
1354 2630 1385 2690 et
1404 2627 1538 2692 intentio
1555 2627 1630 2692 finis
1641 2628 1846 2710 inequalitatem.
1857 2628 1898 2709 qm

413 2755 581 2823 personam
597 2757 605 2801 ε
622 2755 701 2818 ergo
714 2753 781 2801 non
796 2736 946 2819 accipitur
960 2739 1176 2819 personaliter,
1232 2734 1307 2798 finis
1320 2735 1478 2799 meliorest
1489 2734 1542 2798 his
1555 2739 1711 2818 quaeunt
1724 2734 1757 2798 ad
1767 2735 1848 2798 tinen:
1861 2734 1898 2796 ils

415 2843 707 2909 sivenotionaliter.
1232 2859 1291 2906 uec
1303 2841 1435 2906 intentio
1453 2841 1571 2924 prioris
1585 2847 1618 2905 et
1633 2843 1796 2924 posteuom
1811 2842 1898 2905 minti

452 2955 482 3014 3.
500 2950 579 3014 Item
593 2951 678 3015 idem
692 2954 739 3014 est
761 2967 857 3014 causa
874 2954 907 3014 et
920 2951 1112 3034 principium
1123 2972 1176 3035 re,
1232 2952 1264 3012 et
1275 2948 1400 3027 initiati
1412 2967 1472 3013 nec
1485 2967 1595 3013 causae
1605 2953 1636 3013 et
1647 2949 1774 3028 effatus,
1784 2948 1898 3013 naluit

413 3057 563 3123 differens
585 3059 725 3137 ratione,
747 3056 824 3139 quis
846 3056 1041 3141 principium
1062 3061 1178 3127 dicitur
1231 3058 1301 3139 eJ'us
1315 3055 1400 3138 quod
1413 3059 1460 3120 est
1475 3055 1515 3118 ad
1528 3057 1640 3135 finem,
1655 3056 1782 3138 recipitur
1792 3057 1899 3136 ispum

410 3170 568 3248 quantum
581 3165 621 3230 ad
643 3165 724 3244 fleri,
744 3183 838 3230 causa
857 3170 1014 3248 quantum
1033 3169 1072 3233 ad
1086 3188 1174 3235 esse:
1230 3171 1537 3248 respectupersonae;
1550 3165 1734 3230 sedintentio
1745 3162 1900 3247 paramus

409 3291 488 3355 ergo
506 3273 533 3335 si
553 3273 684 3355 majoris
706 3271 880 3336 nobilitatis
903 3278 1059 3353 estesse,
1078 3295 1176 3359 quam
1231 3273 1391 3355 producti,
1406 3274 1482 3355 qma
1494 3274 1644 3355 possibile
1664 3278 1707 3336 est
1719 3272 1787 3355 quod
1797 3270 1901 3353 pastu

409 3380 489 3460 fleri,
504 3381 653 3463 proprius
665 3380 758 3444 debet
774 3379 819 3441 ibi
843 3380 942 3463 accipi
962 3382 1045 3447 ratio
1058 3402 1173 3465 causan,
1230 3380 1271 3443 sit
1285 3398 1411 3443 summe
1417 3381 1590 3462 perlectus,
1600 3384 1632 3445 et
1641 3384 1771 3462 aquetur
1777 3376 1900 3461 pssimi,

409 3505 506 3569 quam
518 3485 666 3569 principii
684 3509 692 3550 :
708 3486 763 3550 sed
775 3504 841 3550 non
855 3486 1007 3569 recipitur
1015 3490 1101 3571 quod
1109 3510 1176 3556 una
1229 3485 1300 3550 ideo
1314 3486 1465 3568 recipitur
1476 3486 1512 3549 in
1526 3486 1655 3564 divinis,
1666 3480 1901 3549 similiteretintnla

408 3612 544 3677 persona
556 3593 596 3657 sit
608 3612 724 3671 eausa,
748 3597 780 3656 et
791 3591 854 3656 alia
873 3593 915 3656 sit
926 3593 1058 3658 effectus
1073 3617 1080 3660 :
1096 3614 1175 3679 ergo
1228 3591 1387 3674 principii.

408 3720 467 3765 nec
480 3702 572 3766 debet
582 3701 628 3765 ibi
638 3700 736 3782 recipi
748 3699 882 3763 intentio
896 3700 1053 3782 principii.
1269 3703 1299 3761 l.
1310 3699 1359 3763 Ad
1371 3698 1449 3763 illud
1462 3700 1551 3782 quod
1564 3700 1709 3783 objicitur
1717 3697 1786 3781 qarod
1794 3695 1822 3760 ad
1834 3688 1900 3776 pios

448 3813 478 3872 t.
495 3807 574 3872 ltem
587 3807 670 3872 Deus
682 3811 729 3871 est
746 3837 763 3870 a
778 3812 807 3874 et
819 3838 849 3886 c,
866 3809 1066 3891 principium
1082 3815 1112 3876 et
1130 3811 1172 3891 fi·
1228 3806 1320 3888 pium
1335 3806 1478 3888 sequitur
1499 3808 1602 3890 prius,
1617 3812 1648 3872 et
1659 3808 1697 3871 ad
1712 3807 1786 3889 prius
1800 3801 1900 3885 puceis

406 3917 461 3981 ais
472 3916 494 3993 ⁸,
513 3920 545 3979 et
557 3918 732 3997 utrumque
751 3919 798 3978 est
814 3914 946 3997 aequalis
968 3916 1142 3981 nobilitatis
1161 3940 1169 3982 ε
1228 3915 1396 3980 dicendum
1410 3916 1507 3997 quod,
1523 3918 1608 3981 sicut
1622 3916 1730 3981 dieitur
1741 3906 1901 3979 mandauit

406 4023 461 4086 sed
474 4021 607 4086 intentio
620 4020 695 4084 tinia
703 4020 748 4084 its
760 4020 876 4085 dicitur
889 4021 927 4085 de
941 4020 1004 4085 Deo
1016 4024 1172 4088 essentia·
1227 4021 1344 4086 larium
1357 4029 1379 4099 ⁵,
1393 4021 1486 4087 Peter
1499 4027 1607 4106 major
1628 4029 1674 4088 est
1691 4022 1712 4087 l
1713 4023 1773 4098 ilio,
1790 4037 1832 4082 uec
1843 4023 1901 4077 tam

405 4128 488 4209 liter,
512 4127 599 4210 quod
617 4126 708 4191 nullo
729 4126 822 4191 modo
845 4127 1064 4208 personaliter3
1090 4129 1173 4195 Deus
1228 4128 1328 4193 Filius
1359 4129 1475 4208 minor,
1503 4131 1582 4211 quia
1608 4136 1695 4195 sonat
1720 4123 1901 4211 imperans

406 4241 453 4299 est
465 4234 552 4297 enim
574 4235 618 4298 ita
643 4234 715 4296 tium
742 4237 915 4312 creaturae,
931 4235 1018 4316 quod
1039 4253 1105 4300 non
1126 4243 1173 4304 est
1227 4235 1298 4316 hcc,
1314 4237 1398 4318 quod
1411 4241 1458 4300 est
1471 4241 1580 4305 minor
1593 4239 1685 4303 :ideo
1696 4227 1902 4319 quanusudp’u

405 4340 638 4423 tinispersonae
656 4357 757 4421 :ergo
778 4340 924 4404 similiter
945 4341 1073 4407 videtm
1086 4346 1172 4427 quod
1227 4347 1281 4408 tur
1300 4344 1385 4425 quod
1403 4342 1495 4408 Pater
1516 4347 1559 4410 sit
1570 4346 1659 4429 prior
1671 4336 1901 4423 Filiaquisitttff

405 4449 450 4511 ita
475 4452 523 4512 est
547 4447 743 4530 principium
766 4451 939 4527 creaturas,
964 4450 1051 4531 quod
1079 4453 1169 4518 nullo
1227 4451 1345 4531 abillo,
1356 4469 1635 4531 noneeonverso;
1650 4437 1901 4521 nontameuffltll'ffl

404 4556 499 4621 modo
512 4556 552 4620 sit
573 4555 768 4639 principium
780 4571 934 4635 personae.
1227 4561 1311 4642 quod
1329 4561 1386 4624 iste
1409 4561 1450 4624 sit
1471 4561 1640 4643 posterior.
1661 4562 1790 4623 Attamen
1808 4568 1848 4614 nc
1858 4544 1900 4609 uti

1226 4667 1343 4749 prioris
1356 4666 1488 4731 omnino
1505 4668 1659 4750 recipitur
1670 4664 1791 4749 proprie,
1801 4656 1899 4741 ΨΜ

683 4792 911 4861 cppcppfflp,
1226 4774 1261 4837 in
1274 4773 1389 4839 divinis
1402 4774 1443 4837 sit
1454 4775 1532 4838 ordo
1544 4778 1578 4839 et
1592 4775 1691 4855 origo,
1705 4756 1899 4855 proprisset

1227 4902 1288 4965 go,
1302 4887 1335 4948 et
1347 4885 1454 4948 minus
1470 4885 1600 4967 proprie
1618 4883 1711 4958 ordo,
1724 4898 1773 4944 nec
1782 4880 1817 4942 at
1828 4868 1899 4935 ¹15²*

403 4960 749 5064 P'fmffifmmmbm
759 4962 1171 5039 waimpffsoe‘iw‘dfim'
1226 4991 1295 5055 lum
1307 4991 1429 5055 ratione
1440 4990 1586 5072 originis.
1605 4989 1750 5068 Quoniam
1763 4971 1899 5062 ergcpriuu

437 5050 833 5122 :adramisoidemqsercm
853 5054 1044 5126 actionaliter,
1061 5059 1170 5113 tumes
1249 5099 1256 5113 .
1385 5097 1391 5111 .
1436 5097 1443 5112 .
1500 5087 1532 5110 .·
1582 5099 1589 5111 .
1778 5089 1810 5103 ··

436 5141 591 5197 caumaliter
602 5143 692 5213 accipi
699 5144 799 5213 potest.
1226 5116 1317 5181 plum
1345 5097 1561 5180 mmmm&
1580 5099 1725 5179 mmm
1747 5078 1897 5209 fflm',d

1225 5222 1270 5272 lib.
1285 5223 1317 5286 V,
1332 5225 1401 5272 cont.
1413 5225 1473 5272 2.-
1485 5221 1594 5286 lapse,
1609 5233 1627 5283 1,
1638 5224 1661 5270 s.
1674 5245 1701 5255 -
1712 5210 1897 5266 *nummi*

443 5301 536 5386 ne,
558 5305 599 5370 Μ
617 5304 755 5388 nnn.
775 5303 949 5379 lentur
963 5307 1049 5390 ud
1068 5309 1102 5373 1¹1
1122 5310 1166 5374 u·
1224 5294 1321 5416 aaa
1332 5292 1701 5429 [eameriatus
1711 5268 1897 5423 1111.ῑί

436 5424 540 5493 taust,
550 5429 644 5481 Foster.
659 5428 703 5481 lib.
719 5432 740 5495 1,
754 5432 824 5484 cont.
837 5432 906 5481 la-
920 5431 1019 5498 ’ldem,
1029 5434 1168 5502 Metoplys.
1224 5438 1254 5490 cte
1264 5436 1326 5494 Fide
1340 5436 1444 5496 mles,
1456 5436 1501 5487 lib.
1512 5437 1538 5498 l,
1551 5449 1578 5486 c.
1588 5446 1626 5490 1¹.

298 1087 313 1129 Ρ
