4100 6300
327 384 329 389 ’
447 392 507 453 ιιι)
1021 389 1332 465 SENTENTIARUM
1351 390 1425 456 LlB.
1449 380 1473 456 l.

448 525 607 616 sapientia
619 526 765 615 ingenita
781 550 789 592 :
807 532 839 593 et
851 524 1011 617 sapientia
1023 527 1136 615 genita
1148 534 1196 595 est
1208 526 1249 595 de
1262 525 1423 618 sapientia
1435 528 1592 617 ingenita,
1602 532 1648 599 rel
1660 536 1878 626 eapientem

447 642 576 710 Etcum
589 642 677 710 idem
690 641 792 709 sitibi
806 664 887 725 esse,
902 642 992 733 qued
1005 643 1186 732 sapientem
1198 665 1279 726 esse,
1295 642 1498 736 relinquitur
1510 655 1548 713 ut
1558 647 1699 738 sapientia
1708 624 1880 752 genium

446 759 486 825 de
499 757 657 848 sapientia
670 757 827 845 ingenita.
843 757 916 825 Non
931 779 1009 847 ergo
1023 758 1130 826 Filius
1142 759 1264 827 dieitur
1276 760 1434 849 sapientia
1456 760 1537 849 Dei,
1553 772 1693 854 tanquan
1703 767 1754 859 ipse
1763 771 1882 847 mund,

445 896 526 962 gens
538 874 596 959 sit,
611 874 664 940 vel
679 874 808 964 sapiens
819 872 883 940 sibi
896 881 928 940 et
943 874 1035 942 Patri
1056 882 1088 942 et
1108 874 1248 966 Spiritui
1261 884 1372 944 sancte
1388 902 1396 943 z
1417 878 1518 968 qnia,
1533 888 1569 947 ut
1581 880 1625 948 ait
1636 885 1886 982 Augustinuirqriu

445 990 571 1059 decimo
591 990 678 1058 libro
701 989 742 1057 de
767 990 953 1058 Τειέιίειε1
978 1015 986 1057 :
1014 990 1081 1059 «Si
1095 992 1185 1060 selus
1198 991 1245 1059 ibi
1259 992 1365 1060 Filius
1382 992 1541 1084 intelligit
1559 1004 1590 1064 ει
1606 997 1661 1065 sihi
1679 1007 1707 1067 et
1722 1000 1886 1098 Patridlpiul

445 1115 576 1192 saneto,
592 1107 631 1176 ad
648 1106 742 1175 illam
755 1105 883 1175 reditur
903 1106 1162 1193 absurditatem,
1178 1115 1217 1175 ut
1228 1108 1327 1176 Pater
1341 1130 1406 1176 non
1420 1109 1464 1177 sit
1478 1111 1606 1201 sapiens
1617 1112 1654 1180 de
1664 1116 1756 1206 seipse,
1765 1119 1889 1211 eadelm

443 1246 504 1293 nea
518 1224 678 1316 sapientia
691 1223 883 1314 sapientiam
901 1225 1070 1314 genuerit,
1085 1224 1142 1293 sed
1156 1247 1195 1293 ea
1206 1225 1364 1316 sapientia
1378 1226 1475 1293 Pater
1487 1226 1613 1296 dicatur
1623 1231 1730 1321 sapiens
1738 1255 1794 1317 esse,
1802 1260 1890 1327 quap-

444 1341 531 1409 nuit.
547 1340 613 1409 Ubi
637 1350 726 1409 enim
747 1361 815 1409 unu
837 1348 885 1409 est
908 1340 1148 1431 intelligentia,
1173 1364 1233 1409 nee
1254 1341 1414 1432 sapientia
1428 1350 1536 1433 potest
1556 1366 1630 1412 esse.
1649 1345 1892 1439 Ideoquesil'sune

443 1457 600 1547 intelligit
619 1457 688 1549 ipse
706 1457 785 1545 sibi,
802 1456 858 1526 sed
877 1457 983 1525 Filius
1001 1457 1159 1546 intelligit
1175 1457 1286 1542 Petri,
1307 1458 1450 1548 prolecto
1470 1458 1578 1528 Filius
1592 1461 1708 1529 Patrem
1723 1465 1839 1554 apertae
1850 1469 1891 1535 ut

444 1574 526 1642 Etsi
540 1574 601 1642 hoc
612 1580 660 1642 est
672 1572 740 1641 Dee
753 1595 821 1641 esse
835 1572 924 1664 quod
936 1595 1061 1665 sapere,
1070 1582 1103 1641 et
1116 1596 1154 1641 ea
1166 1573 1217 1641 illi
1231 1581 1280 1642 est
1294 1574 1433 1645 essentia
1441 1598 1520 1666 quae
1528 1577 1686 1668 sapientia,
1694 1580 1893 1657 nonlllurlm

444 1690 533 1783 quod
546 1713 663 1758 verum
678 1698 738 1777 est,
754 1691 810 1759 sed
823 1714 844 1759 a
856 1689 941 1758 Filio
955 1691 1064 1779 potius
1082 1690 1179 1760 Pater
1200 1690 1300 1759 habet
1318 1691 1493 1759 essentiam
1516 1716 1523 1754 :
1545 1692 1630 1783 qued
1643 1694 1894 1789 absurdissimum

443 1807 657 1876 falsissimum
671 1815 759 1877 est...
776 1808 832 1876 Est
845 1829 924 1895 ergo
937 1806 1026 1876 Deus
1039 1807 1137 1875 Pater
1149 1807 1278 1898 sapiens
1292 1830 1341 1895 ea,
1354 1830 1430 1899 quae
1443 1807 1515 1899 ipse
1527 1818 1585 1893 est,
1599 1833 1655 1877 sua
1665 1811 1801 1901 sapientia;
1812 1812 1894 1879 elliu

444 1924 605 2015 sapientia
616 1924 737 2009 Patris,
752 1932 801 1993 est
814 1923 944 2016 sapiens
956 1924 997 1992 de
1010 1922 1171 2015 sapientia
1184 1946 1258 2015 quae
1271 1931 1319 1991 est
1332 1924 1442 2009 Pater,
1463 1924 1507 1991 de
1520 1946 1587 2016 quo
1599 1934 1644 1993 εει
1655 1926 1762 2014 genitus
1773 1925 1896 1994 titiane

444 2040 542 2108 Pater
555 2048 604 2108 est
616 2040 805 2130 intelligens
817 2063 867 2127 ea,
883 2062 959 2132 qua
974 2040 1043 2131 ipse
1053 2047 1116 2130 est,
1132 2062 1192 2115 sua
1205 2039 1424 2128 intelligentia
1440 2063 1449 2107 ι
1466 2041 1635 2109 nonenim
1645 2052 1717 2110 esset
1724 2043 1896 2132 septenaque

444 2164 527 2225 esset
549 2156 748 2246 intelligens.
771 2157 879 2225 Filius
892 2165 1003 2224 autem
1017 2155 1236 2245 intelligentia
1249 2155 1369 2241 Patris,
1385 2155 1426 2223 de
1447 2156 1662 2246 intelligentia
1672 2158 1897 2248 geniusestquad

442 2273 559 2359 Pater,
575 2300 593 2339 a
612 2273 653 2343 de
673 2297 741 2366 qua
762 2282 795 2341 et
816 2272 1005 2362 intelligens
1023 2279 1082 2339 est.
1098 2270 1242 2340 Proinde
1260 2271 1358 2339 Pater
1376 2279 1426 2339 est
1445 2272 1626 2362 sapientia,
1644 2282 1674 2340 ει
1684 2273 1766 2341 Fili
1775 2272 1898 2362 sapietiae

405 2458 408 2463 .
443 2397 583 2482 uterque
597 2412 666 2459 una
679 2398 727 2459 est
739 2389 919 2482 sapientia;
935 2396 969 2457 et
990 2396 1100 2456 tamen
1122 2387 1213 2456 selus
1230 2387 1329 2455 Pater
1347 2394 1399 2455 εει
1418 2387 1570 2476 ingenita
1582 2388 1851 2481 sapientia,etlliu
1858 2388 1900 2453 sla

442 2507 553 2595 genita
566 2506 744 2600 sapientia;
755 2529 816 2575 nee
829 2514 940 2575 tamen
953 2505 1018 2574 alia
1031 2504 1191 2596 sapientia
1202 2504 1312 2590 Pater,
1328 2503 1393 2572 alia
1400 2503 1566 2594 sapientia
1579 2504 1686 2592 Filius,
1697 2503 1742 2573 sed
1754 2501 1899 2591 umarlm

443 2630 491 2690 est
507 2647 515 2689 ε
536 2622 620 2690 sieut
642 2623 740 2691 Pater
759 2632 806 2691 est
819 2623 908 2692 Deus
925 2621 1112 2712 ingenitus,
1127 2628 1160 2689 ει
1173 2621 1279 2689 Filius
1292 2628 1340 2689 est
1352 2620 1440 2690 Deus
1452 2623 1604 2711 genitus3
1624 2645 1717 2714 neque
1727 2621 1792 2689 deus
1802 2619 1901 2708 galeti

441 2737 530 2807 Deus
542 2738 710 2828 ingenitus
725 2766 734 2825 ;
749 2761 816 2808 non
835 2739 909 2808 ideo
922 2747 1034 2808 tamen
1048 2737 1133 2806 alius
1145 2737 1234 2805 Deus
1245 2744 1294 2806 est
1307 2737 1416 2823 Pater,
1432 2736 1522 2806 alius
1535 2737 1620 2808 Dens
1632 2737 1724 2806 Filius
1736 2764 1742 2804 :
1754 2732 1902 2805 senate

442 2862 594 2946 uterque,
609 2878 678 2923 non
689 2863 800 2926 autem
814 2879 914 2925 unus.
934 2855 1032 2924 Alius
1045 2864 1093 2925 est
1106 2855 1196 2923 enim
1210 2854 1361 2944 genitus,
1374 2853 1463 2922 alius
1476 2855 1660 2943 ingenitus3
1672 2848 1902 2927 seduenaliulw.

442 2971 510 3040 ime
526 2980 665 3064 uterque
686 2995 815 3059 unum,
831 2973 899 3041 sive
921 2995 1011 3040 unus
1034 2971 1130 3040 [laus.
1146 2971 1196 3038 Ita
1218 2992 1286 3039 nun
1298 2978 1347 3037 εει
1365 2970 1530 3061 sapientia
1545 2972 1669 3061 genite,
1682 2969 1804 3061 sapienda
1816 2964 1902 3053 agnat

441 3087 498 3157 sed
512 3088 578 3158 alia
591 3097 639 3158 est
650 3088 810 3181 sapientia
823 3088 947 3179 genita,
963 3088 1031 3158 alia
1043 3087 1191 3178 ingenita
1207 3111 1215 3153 :
1231 3108 1299 3156 non
1314 3093 1424 3155 tanmn
1437 3095 1489 3156 est
1503 3087 1570 3156 alia
1582 3086 1733 3180 sapientia,
1742 3078 1905 3155 edenda

441 3228 508 3296 que
521 3206 694 3298 sapientia.
712 3207 763 3275 En
775 3206 938 3299 predictis
951 3212 1088 3295 constat,
1103 3204 1193 3298 quod
1202 3203 1307 3272 Filius
1320 3225 1387 3272 nun
1400 3212 1449 3273 est
1459 3206 1592 3297 sapiens
1604 3227 1623 3273 a
1634 3227 1675 3286 se,
1687 3224 1773 3295 neque
1782 3194 1904 3282 desesdlt

441 3322 551 3407 Patre,
572 3323 759 3392 etaPatre.

335 3443 381 3547 ¹5¹²
393 3443 427 3549 ζί-
485 3436 598 3519 Quaeri
620 3447 733 3507 autem
755 3439 857 3524 solet,
872 3445 988 3507 utrum
1000 3437 1107 3506 Filius
1120 3437 1163 3506 sit
1175 3437 1306 3529 sapiens
1324 3437 1441 3527 seipso,
1457 3437 1514 3506 vel
1524 3460 1583 3529 per
1595 3436 1734 3529 seipsum.
1746 3426 1905 3516 onlnem

332 3518 418 3639 allidas
441 3554 657 3645 multiplicem
670 3555 724 3623 hic
737 3555 810 3624 fieri
823 3555 1086 3645 intelligentiam,
1095 3563 1128 3624 et
1140 3554 1215 3623 idea
1226 3554 1499 3644 distinguendum
1510 3555 1581 3623 fore
1593 3582 1602 3640 3
1617 3554 1660 3622 ita
1670 3561 1704 3621 ut
1714 3573 1775 3620 eun
1784 3543 1905 3616 dieisllim

331 3643 418 3764 {llll
441 3692 509 3739 esse
527 3671 708 3763 sapientem
728 3671 852 3763 seipso,
868 3671 921 3740 vel
941 3694 999 3763 per
1022 3672 1166 3762 seipsum
1179 3722 1189 3758 ,
1204 3671 1233 3739 si
1247 3671 1300 3741 sui
1320 3679 1441 3739 natura
1457 3678 1492 3738 et
1512 3670 1650 3740 essentia
1662 3659 1905 3761 sapientenirtdllpt

320 3767 426 3810 'm'
442 3809 539 3856 verus
558 3787 601 3855 sit
618 3788 824 3874 intellectus3
845 3786 874 3855 si
894 3809 973 3857 vere
993 3811 1013 3855 a
1036 3788 1142 3880 seipsa
1161 3787 1214 3855 vel
1234 3786 1275 3856 de
1294 3786 1400 3879 seipse
1414 3786 1598 3877 sapientem
1621 3808 1683 3855 ease
1700 3769 1905 3869 inteligattitt'

437 3902 620 3994 subjeetum
632 3903 733 3972 habes
746 3902 1011 3993 intelligentiam.
1027 3903 1096 3972 Alii
1108 3886 1188 3973 ¹vere
1200 3902 1392 3995 simpliciter
1400 3909 1433 3970 et
1440 3902 1569 3995 absque
1577 3888 1906 3971 determinationeuualttl

440 4018 631 4109 hujusmodi
644 4019 826 4089 locutiones
842 4043 850 4086 ε
864 4043 882 4083 u
894 4019 1001 4088 Filius
1015 4027 1065 4088 est
1077 4018 1206 4111 sapiens
1218 4041 1277 4111 per
1289 4042 1336 4106 se,
1351 4017 1407 4087 sed
1420 4041 1490 4087 non
1503 4019 1547 4088 ad
1559 4041 1606 4105 se,
1617 4017 1666 4086 vel
1678 4016 1752 4086 dese
1762 4003 1907 4082 :serzellis

440 4144 487 4203 est
504 4136 590 4205 Deus
603 4158 661 4228 per
674 4158 721 4224 se,
737 4144 770 4203 et
782 4144 831 4204 est
844 4156 902 4226 per
914 4158 961 4223 se,
976 4134 1033 4204 sed
1045 4158 1113 4204 non
1126 4135 1169 4204 ad
1181 4159 1228 4221 se,
1240 4135 1293 4205 vel
1304 4134 1346 4205 de
1359 4158 1393 4204 se
1404 4159 1441 4203 :e
1459 4134 1526 4204 hue
1537 4115 1906 4204 mnfirmneseutffitd

442 4252 501 4343 qui
515 4252 640 4320 Filium
655 4275 723 4320 uon
737 4275 757 4325 a
770 4275 817 4337 se,
832 4251 889 4320 sed
903 4273 962 4343 per
973 4274 1009 4320 se
1021 4273 1131 4341 agere,
1144 4252 1180 4320 in
1193 4251 1280 4321 libre
1293 4250 1430 4321 nunode
1442 4252 1620 4335 Trinitate,
1634 4251 1695 4320 ait:
1709 4246 1839 4324 «Natura,
1847 4231 1907 4324 'aad

439 4367 493 4436 cui
503 4367 708 4455 contradicis,
722 4367 885 4455 haeretice,
900 4367 971 4437 haee
985 4367 1096 4436 unitas
1108 4376 1168 4454 est,
1183 4376 1222 4436 ut
1235 4368 1282 4435 ita
1294 4390 1353 4461 per
1363 4391 1397 4437 se
1408 4376 1485 4458 agat
1499 4369 1617 4454 Filius,
1628 4389 1667 4435 ne
1678 4385 1735 4434 aee
1744 4369 1808 4452 agal,
1818 4354 1907 4424 eme!

439 4505 500 4552 ase
514 4491 602 4574 agat,
618 4491 657 4552 ut
669 4505 728 4576 per
740 4506 775 4552 se
787 4490 875 4573 agat.
885 4484 1037 4574 Intellige
1049 4483 1173 4553 Filium
1187 4493 1350 4574 agentem,
1361 4492 1394 4554 et
1402 4506 1461 4576 per
1474 4508 1556 4555 enm
1565 4486 1691 4557 Patrem
1697 4487 1821 4571 agentem
1829 4470 1906 4539 len!

437 4599 526 4689 agit,
541 4622 617 4668 cum
635 4599 780 4668 Peterin
793 4622 832 4669 eo
847 4622 980 4670 manere
993 4607 1208 4670 monstratur.
1222 4599 1334 4670 Perse
1348 4600 1430 4690 agit,
1444 4623 1526 4670 eum
1540 4600 1712 4671 meandum
1727 4573 1906 4664 munnenffi

436 4715 504 4804 agit
526 4714 595 4806 ipse
616 4737 692 4807 quae
710 4715 829 4808 placita
851 4723 941 4786 sunt.
962 4716 1122 4786 Infirmus
1144 4716 1186 4786 sit
1205 4738 1273 4785 non
1287 4739 1353 4786 ase
1367 4716 1510 4806 agenda,
1530 4718 1596 4786 nisi
1608 4741 1628 4785 a
1640 4704 1906 4803 [ιεείιεεεςιιιῑιι

435 4832 504 4921 agit
516 4831 682 4923 placeant3
699 4831 820 4900 nonsit
833 4831 912 4901 veru
926 4831 963 4900 in
981 4832 1109 4902 unitate
1124 4841 1265 4921 naturae,
1281 4832 1309 4901 si
1326 4854 1402 4925 quae
1416 4833 1487 4922 agit
1500 4834 1584 4902 etin
1597 4823 1906 4925 quibusplatelssfflW

436 4950 546 5040 agit.»
564 4948 656 5017 Sient
675 4969 765 5038 ergo,
788 4948 966 5040 inquiunt,
981 4948 1088 5018 Filius
1102 4970 1160 5042 per
1178 4972 1213 5018 se
1232 4950 1313 5040 agit,
1328 4948 1386 5018 sed
1399 4971 1469 5019 nen
1481 4973 1504 5018 a
1516 4973 1564 5034 se,
1580 4950 1626 5018 ita
1637 4955 1668 5017 et
1677 4944 1764 5016 lilim
1773 4925 1907 5009 detoldus

436 5066 531 5156 piens
543 5087 602 5158 per
614 5087 661 5152 se,
673 5064 730 5133 sed
744 5086 812 5133 non
826 5086 847 5133 a
859 5086 904 5134 se.
920 5064 975 5134 Sie
987 5073 1021 5134 et
1033 5066 1103 5157 ipse
1116 5087 1175 5158 per
1186 5089 1221 5136 se
1233 5065 1322 5136 Deus
1334 5074 1395 5155 est,
1410 5066 1466 5135 vel
1478 5087 1550 5137 asse
1563 5064 1712 5135 dieendus
1722 5068 1770 5144 ut,
1781 5033 1906 5125 esemel

435 5203 535 5251 nona
546 5203 582 5251 se
594 5179 650 5253 vel
662 5181 704 5251 de
716 5204 762 5253 sa.

468 5406 561 5470 ¹Aug,
574 5404 605 5455 de
623 5404 703 5467 Tria„
717 5404 762 5457 lib.
775 5406 832 5471 XV,
846 5420 870 5456 e.
880 5418 927 5472 vlt,
940 5420 969 5457 n.
982 5410 1021 5459 ta.
