4100 6300
343 506 400 553 nv
951 432 1310 557 saufeium

341 641 405 704 que
426 623 557 686 fortasse
579 621 737 704 amplius,
760 617 956 700 vigesimum
979 632 1080 696 agens
1101 633 1245 694 annum,
1267 618 1333 678 toto
1354 615 1490 697 pectoris
1510 617 1623 682 ardore
1645 618 1686 683 ad
1709 621 1941 701 capessendam

342 728 456 792 Christi
469 729 617 803 militiam
632 727 769 803 accinxit
782 744 827 793 se.
844 722 920 793 Vale
933 724 1041 804 itaque
1054 724 1172 786 saecula
1187 724 1288 799 dicto,
1307 722 1470 793 Mincium
1483 725 1685 802 institutum,
1701 728 1835 811 quodid
1850 732 1942 792 tern-

343 835 428 917 poris
441 854 570 911 summo
589 836 704 910 eratin
717 835 857 910 honore,
880 831 1023 912 generali
1044 831 1164 905 ordinis
1185 830 1331 903 ministro
1344 829 1510 913 Haymone
1526 834 1748 913 gubernante,
1763 854 1945 918 aggressus

343 951 391 1011 est
404 962 490 1008 auno
503 945 544 1007 ab
560 944 637 1007 orbe
653 942 816 1022 redempto
831 942 921 1002 lbl3.
942 936 1141 1001 Probationis
1155 937 1194 1001 de
1208 956 1298 1002 more
1316 938 1476 1003 curriculo
1492 957 1641 1020 emenso,
1661 943 1774 1007 studiis
1791 945 1941 1024 illectus,

342 1058 374 1119 et
387 1052 537 1117 doctrinis
548 1051 707 1131 flagrans,
724 1046 862 1111 Parisios
875 1049 1020 1111 actutum
1034 1045 1173 1109 mittitur
1185 1045 1276 1111 velut
1293 1047 1333 1109 ad
1346 1048 1542 1129 optimarum
1556 1051 1692 1129 artium,
1709 1056 1741 1115 et
1754 1052 1945 1134 disciplina·

342 1179 417 1225 rum
431 1158 628 1240 magistram.
651 1154 775 1219 Scilicet
789 1154 823 1216 iu
835 1172 873 1217 ea
886 1151 1041 1216 inciderat
1057 1157 1220 1233 tempora,
1240 1153 1276 1215 in
1294 1154 1413 1235 quibus
1433 1155 1538 1218 studia
1556 1160 1587 1220 et
1606 1162 1689 1221 artes
1706 1157 1783 1222 hinc
1799 1158 1943 1223 Parisios

276 1261 278 1265 ’
343 1270 486 1331 extorres
503 1264 723 1347 profugerant.
745 1260 812 1324 Hoc
825 1278 901 1324 sane
914 1260 1046 1323 nomine
1061 1261 1222 1340 majorum
1236 1265 1419 1325 nostrorum
1433 1262 1633 1343 diligentiam
1646 1283 1851 1347 summopere
1866 1266 1945 1329 lan-

344 1374 477 1448 damus,
495 1371 569 1453 qui,
584 1387 659 1434 cum
676 1366 901 1450 cognovissent
914 1385 947 1429 se
958 1365 1125 1429 hominem
1138 1368 1304 1430 communi
1318 1369 1401 1432 bono
1414 1370 1636 1451 acquisivisse,
1657 1391 1729 1435 eam
1742 1373 1804 1436 sibi
1823 1391 1941 1437 curam

343 1475 556 1564 sumpserint,
575 1482 612 1542 ut
627 1479 667 1541 ad
683 1476 771 1540 illam
789 1473 1035 1538 Universitatem
1048 1472 1308 1546 bonaventuram
1322 1477 1503 1555 mitterent,
1520 1496 1594 1559 quae
1605 1496 1679 1542 oum
1693 1481 1783 1544 omni
1797 1480 1945 1562 discipli-

345 1606 462 1652 narum
475 1603 605 1667 genere,
618 1588 688 1648 tum
707 1582 894 1647 Doctoribus
909 1580 1037 1645 eximiis
1054 1580 1186 1644 florebat
1202 1582 1353 1646 maxime.
1373 1582 1467 1647 Haud
1480 1590 1572 1648 erant
1584 1586 1682 1650 nescii
1701 1586 1945 1670 prudentissimi

343 1694 428 1774 Viri,
443 1695 561 1759 referre
575 1692 778 1773 cumprimis,
795 1709 813 1753 a
827 1707 892 1772 quo
905 1688 1109 1771 potissimum
1123 1688 1277 1769 magistro
1292 1689 1461 1754 erudiaris.

387 1801 523 1866 Parisios
536 1800 592 1863 ubi
612 1798 737 1862 labente
751 1815 835 1860 anno
850 1800 929 1860 rell
943 1795 1089 1875 accessit,
1107 1814 1141 1859 se
1159 1795 1341 1860 Alexandro
1362 1796 1471 1861 Alensi
1488 1798 1635 1863 omnium
1651 1800 1757 1882 primo
1777 1799 1944 1865 llinorum

343 1910 458 1992 Aliplae
475 1909 511 1971 in
529 1906 728 1989 disciplinam
740 1904 869 1969 tradidit
884 1926 891 1967 :
913 1904 970 1986 qui
984 1921 1143 1985 maguum
1155 1904 1287 1985 juvenis
1302 1905 1492 1986 ingenium,
1512 1894 1608 1988 atque
1622 1906 1835 1971 felicissimam
1848 1908 1946 1971 indo-

343 2017 407 2080 lem
424 2016 600 2091 admirans,
620 2012 718 2088 dixit,
736 2011 797 2075 sibi
820 2010 941 2089 videri,
958 2012 1072 2093 «quod
1085 2012 1120 2073 in
1135 2027 1173 2074 eo
1188 2011 1292 2075 Adam
1306 2030 1371 2075 non
1385 2018 1542 2094 peccasset
1552 2015 1573 2076 ¹.
1586 2035 1601 2071 o
1620 2013 1661 2077 Ut
1673 2014 1765 2078 illum
1780 2015 1876 2078 brevi
1889 2014 1944 2078 in·

285 2146 288 2151 ⁴
343 2125 446 2188 stituit
459 2122 600 2199 Aleusis,
621 2140 658 2184 ac
676 2119 816 2202 plurima
829 2136 903 2182 oum
918 2119 1145 2201 philosophiae,
1166 2123 1236 2181 tum
1251 2119 1345 2182 etiarn
1364 2119 1536 2200 theologiae
1552 2127 1711 2204 praecepla
1731 2122 1775 2185 illi
1792 2123 1943 2202 tradidit,

343 2231 431 2296 senio
443 2214 604 2295 confectus
617 2227 695 2291 abiit
709 2227 786 2290 hinc
799 2245 883 2290 anno
897 2229 997 2305 lbet,
1014 2230 1052 2288 la
1065 2225 1124 2289 cal.
1139 2227 1338 2311 septembris.
1352 2225 1435 2290 Huic
1447 2245 1543 2308 porro
1557 2230 1745 2311 preceptori
1757 2229 1945 2294 laudatissi-

342 2357 435 2402 mum
448 2338 562 2400 damus
582 2336 727 2401 Ecclesiae
741 2336 902 2399 doctorem
916 2332 1194 2411 Bonaventuram‚
1210 2352 1276 2398 non
1290 2333 1403 2398 loanni
1418 2335 1615 2419 Rupellcnsi‚
1630 2337 1681 2400 vel
1695 2338 1799 2401 cuivis
1812 2338 1879 2402 alio
1889 2334 1946 2401 Mi·

342 2464 461 2510 uorum
479 2444 645 2525 magistro.
668 2444 704 2508 Ei
722 2442 880 2525 siquidem
899 2439 1023 2504 Aleusis
1040 2440 1164 2504 facilem
1184 2441 1298 2505 stravit
1311 2441 1350 2524 (ol
1373 2443 1461 2506 viam
1481 2445 1521 2509 ad
1540 2450 1660 2509 ceteras
1675 2445 1844 2521 scientias,
1864 2463 1947 2539 quas

343 2553 520 2637 peroptime
534 2552 653 2630 calluit,
670 2549 908 2633 comparandas.
924 2547 1029 2624 Quare
1040 2566 1074 2611 se
1086 2547 1131 2611 ita
1142 2547 1249 2611 Alensi
1258 2549 1380 2613 addixit
1392 2548 1629 2632 Beneventum,
1644 2557 1681 2617 ut
1694 2553 1733 2627 ad
1743 2554 1814 2635 ejus
1826 2553 1947 2637 scripta

347 2665 503 2743 tanquam
516 2660 556 2724 ad
571 2678 688 2723 saxum
703 2657 873 2723 adhaesisse
886 2655 1043 2719 videatur.
1439 2670 1443 2677 ·

385 2767 423 2832 ln
435 2767 587 2831 humanis
600 2767 701 2848 igitur
713 2764 888 2847 disciplinis
901 2763 941 2827 ad
955 2764 1088 2845 plenum
1102 2762 1265 2840 eruditus,
1283 2764 1473 2846 theologicae
1486 2764 1663 2845 Facultati,
1683 2765 1736 2833 cui
1749 2764 1802 2830 vel
1815 2767 1858 2829 ab
1871 2765 1946 2829 ado·

345 2875 520 2940 lesceutulo
534 2892 738 2956 summopere
751 2873 877 2937 deditus
894 2876 980 2949 erat,
1000 2869 1144 2933 sedulam
1158 2870 1291 2934 navavit
1307 2890 1449 2953 operam.
1468 2871 1551 2935 Huic
1562 2877 1659 2936 tantae
1673 2871 1849 2956 disciplinae
1863 2876 1944 2940 adeo

347 2983 481 3049 credidit
492 3001 543 3061 se,
558 2986 674 3045 utnon
689 2980 784 3045 modo
798 2979 977 3060 degustarit
989 2996 1045 3055 ee,
1058 2994 1132 3058 quae
1146 2975 1186 3039 ad
1195 2977 1280 3041 hanc
1294 2978 1458 3042 scientiam
1473 2980 1657 3060 conferunt,
1673 2981 1729 3046 sed
1740 2980 1775 3045 in
1788 2981 1845 3045 illa
1856 2982 1946 3047 velut

349 3091 392 3156 ad
405 3090 540 3155 sirenios
553 3090 699 3173 scopulos
712 3085 915 3153 consenuerit
933 3086 1040 3150 etiam.
1056 3081 1198 3167 Septimo
1212 3084 1338 3151 Ordinis
1352 3085 1518 3169 pervoluta
1527 3105 1634 3165 anno,
1649 3106 1725 3152 oum
1736 3088 1770 3152 in
1783 3107 1876 3154 sacra
1888 3088 1946 3155 Fa-

347 3198 466 3261 cultate
481 3198 556 3260 satis
574 3215 733 3280 superque
746 3200 891 3259 versatus
909 3200 1009 3274 esset,
1032 3193 1121 3258 hunc
1139 3195 1318 3275 promeruit
1331 3196 1507 3275 honorem,
1528 3201 1564 3259 ut
1582 3196 1664 3260 inter
1678 3196 1840 3261 llinorum
1857 3202 1945 3281 septa
1967 3177 1971 3186 ⁸

348 3303 557 3384 constitutus,
580 3303 781 3368 auditoribus
797 3301 915 3367 nostris
937 3300 1176 3366 Sententiarum
1193 3301 1304 3366 Libros
1321 3302 1444 3385 legeret
1463 3321 1548 3367 anno
1571 3308 1662 3368 1250.
1685 3303 1757 3369 tam
1777 3323 1855 3369 vero
1874 3311 1943 3369 tum

348 3414 450 3477 aetatis
467 3429 536 3476 suae
555 3429 656 3475 annos
674 3411 789 3492 agebat
802 3414 862 3489 29,
886 3412 941 3473 aut
959 3409 1068 3473 verius
1084 3413 1134 3472 30.
1154 3409 1204 3472 Ab
1221 3409 1333 3474 intimo
1352 3411 1392 3474 ad
1411 3428 1600 3493 supremum
1620 3412 1784 3493 dignitatis
1803 3414 1944 3494 gradum

350 3519 495 3603 pervenit
507 3518 619 3582 brevi:
643 3536 720 3581 nam
735 3517 790 3581 ubi
804 3523 867 3581 tres
879 3517 963 3580 inter
976 3516 1164 3580 domesticos
1178 3517 1259 3580 lares
1273 3517 1308 3579 in
1324 3516 1421 3581 sacris
1433 3518 1630 3600 exponendis
1649 3519 1760 3583 litteris
1775 3520 1944 3603 insumpsit

348 3646 467 3706 annos,
488 3645 507 3691 e
527 3626 655 3709 publico
669 3624 890 3689 Universitatis
906 3625 978 3689 loco
991 3641 1120 3688 summo
1134 3642 1210 3687 cum
1221 3623 1369 3688 omnium
1379 3624 1499 3709 plausu
1519 3625 1622 3689 dicere
1641 3627 1759 3712 coepit:
1781 3627 1892 3710 sicque
1911 3627 1944 3698 in

350 3736 495 3817 utrisque
509 3734 546 3817 (b)
562 3732 718 3821 subselliis
731 3736 877 3797 versatus
888 3732 951 3795 fuit
961 3731 1084 3814 optima
1096 3735 1129 3796 et
1142 3733 1328 3796 auctoritate
1340 3781 1349 3811 ,
1363 3737 1395 3797 et
1407 3733 1503 3797 fama.

390 3840 458 3905 Hoc
468 3841 576 3923 itaque
590 3857 675 3903 anno
687 3841 784 3918 1953,
799 3838 997 3903 baccalaurei
1010 3856 1133 3903 munus
1147 3837 1155 3920 t
1167 3857 1242 3903 nam
1256 3840 1382 3923 primus
1395 3840 1448 3904 hio
1460 3846 1530 3905 erat
1543 3839 1718 3924 Magisterii
1733 3842 1854 3924 gradus
1866 3845 1876 3924 )
1890 3861 1944 3907 su-

351 3948 432 4028 biit;
454 3946 551 4029 idque
569 3946 604 4009 in
619 3944 807 4010 Scholarum
820 3945 1070 4026 instauratione,
1089 3964 1182 4028 qum,
1206 3951 1243 4010 ut
1255 3946 1379 4026 ferunt,
1400 3949 1434 4012 in
1452 3949 1588 4013 octobris
1608 3967 1751 4013 mensem
1765 3950 1942 4015 inciderat:

353 4072 418 4138 quo
432 4072 508 4118 cum
520 4052 615 4117 laude
633 4053 822 4135 perfuncto,
841 4051 882 4117 ad
899 4052 1045 4117 altiorem
1061 4053 1220 4135 gradum,
1241 4072 1339 4136 quem
1359 4055 1641 4122 Ltoemtoadrrom
1656 4056 1833 4140 appellant,
1847 4058 1886 4122 in
1897 4076 1945 4121 se·

350 4162 463 4245 quenti
476 4179 562 4225 anno
576 4166 744 4244 provectus
756 4161 886 4239 fuisset,
907 4160 969 4224 nisi
988 4160 1170 4226 Academici
1184 4161 1333 4225 acerrimi
1347 4160 1595 4228 Mendicantium
1610 4182 1736 4243 osores,
1754 4183 1796 4229 ne
1816 4166 1943 4232 Princi-

347 4272 460 4352 piem,
475 4272 512 4333 ut
528 4268 639 4345 aiunt,
655 4268 690 4332 in
706 4266 886 4351 Episcopali
898 4268 982 4333 Aula
994 4268 1147 4346 haberet,
1162 4268 1380 4351 impediissent
1393 4272 1537 4335 omnino.
1558 4271 1637 4349 Quae
1657 4276 1766 4336 tamen
1787 4272 1943 4337 Parisien·

350 4378 438 4442 sium
459 4375 724 4441 Academicorum
744 4360 917 4459 pertinacia
936 4393 1001 4440 non
1023 4375 1118 4439 illum
1138 4376 1292 4441 deterruit
1309 4395 1366 4452 eo,
1387 4379 1581 4460 quominus
1600 4379 1735 4462 publicis
1754 4379 1944 4444 lectionibus

350 4485 441 4549 duct
452 4502 595 4568 operam.
618 4482 708 4549 Unde
722 4485 882 4567 reliquum
900 4484 970 4563 iter,
991 4484 1078 4567 quod
1094 4485 1162 4566 jam
1183 4484 1380 4562 instituerat,
1397 4486 1553 4550 conficere
1566 4487 1723 4569 perrexit,
1738 4491 1769 4552 et
1782 4475 1943 4553 llinorum

353 4592 553 4670 Cethedram,
567 4611 666 4674 quam
675 4593 751 4673 jure
764 4589 924 4655 Nostrates
937 4590 1074 4655 assecuti
1084 4591 1222 4671 fuerant,
1237 4593 1277 4656 ad
1289 4609 1413 4656 annum
1425 4611 1529 4675 usque
1545 4597 1623 4658 1256
1638 4594 1739 4659 multa
1752 4594 1942 4661 Auditorum

351 4701 530 4782 frequentia
542 4700 656 4765 tenuit.
676 4697 746 4762 Una
765 4698 868 4780 igitur
881 4698 948 4764 sola
960 4698 1007 4762 illi
1021 4703 1187 4781 supererat
1200 4699 1309 4776 rudis,
1327 4703 1423 4782 atque
1441 4699 1615 4782 Magistcrii
1627 4702 1741 4785 virga,
1755 4721 1820 4786 qua
1834 4702 1942 4768 donari

351 4825 419 4872 non
437 4808 560 4890 potuit,
579 4811 748 4891 propterea
764 4807 851 4890 quod
867 4807 903 4871 in
920 4807 986 4872 dies
1005 4808 1113 4890 magis
1130 4826 1168 4871 ac
1187 4806 1294 4888 magis
1314 4805 1541 4871 Parisiensium
1560 4808 1682 4873 invidia
1701 4810 1864 4890 gliscebat.
1885 4809 1942 4876 Sed

355 4915 433 4998 quid
444 4915 547 4997 potuit
558 4915 808 4980 obtrectatorum
819 4914 1017 4996 procacitas?
1033 4916 1168 4998 paulum
1181 4915 1296 4997 oppido
1310 4932 1381 4978 rem
1392 4914 1647 4997 procrastinavit.
1666 4914 1812 5000 Namque
1831 4917 1941 5001 hujus-

353 5021 440 5088 modi
454 5022 577 5103 gloria,
591 5040 665 5104 quae
678 5019 912 5086 Bonaventurae
925 5023 987 5087 hoc
999 5041 1085 5088 anno
1098 5022 1273 5088 debebatur
1282 5023 1358 5105 jure
1370 5070 1379 5098 ,
1392 5022 1428 5086 in
1441 5028 1627 5106 sequentem
1642 5027 1719 5088 1257
1734 5024 1830 5090 dilata
1842 5025 1913 5090 fuit.

394 5129 455 5195 Sed
470 5148 546 5194 cum
559 5128 595 5192 in
607 5130 753 5193 omnium
768 5129 868 5193 oculis
880 5130 1004 5195 viveret
1015 5129 1253 5210 Bonaventura,
1267 5147 1405 5212 cumque
1418 5132 1489 5212 eJus
1500 5129 1571 5194 laus
1580 5131 1643 5194 late
1656 5131 1817 5215 longeque
1830 5132 1941 5197 dintm
2000 5153 2001 5156 ¹
2042 5155 2043 5166 ¹

354 5241 455 5318 esset,
470 5255 508 5302 eo
523 5236 654 5301 honoris
666 5253 856 5319 progressus
868 5240 926 5313 est,
939 5240 977 5302 ut
985 5238 1116 5320 juvenis
1128 5238 1250 5313 adhuc,
1264 5237 1399 5319 triginta
1410 5237 1443 5302 id
1453 5242 1501 5303 est
1513 5241 1545 5304 et
1555 5237 1699 5322 quinque
1712 5257 1815 5304 annos
1827 5245 1938 5317 natus,

387 5383 444 5435 ¹lta
458 5396 554 5449 suppar
568 5381 682 5444 scriptor
695 5380 810 5432 Barthol.
824 5382 932 5434 Picenus
943 5380 972 5431 in
984 5381 1031 5432 lib.
1046 5383 1170 5447 Corseas„
1183 5386 1249 5447 part.
1262 5383 1299 5446 11,
1312 5383 1388 5435 brot.
1398 5385 1422 5434 8.

388 5473 422 5539 ta)
435 5474 507 5525 Edit.
522 5473 582 5526 Ver.
595 5471 695 5524 sternit.
705 5498 737 5511 -
746 5471 783 5539 (b)
796 5471 861 5524 lttd.
874 5473 1016 5539 uniusque.
