4100 6300
742 491 932 559 munitur.
949 491 1017 560 vll.
1617 498 1675 562 tit

77 624 262 718 pountim
276 646 344 719 quo
362 624 462 695 Peter
480 631 595 719 potens
615 632 663 695 est
675 626 823 718 gignere,
838 635 870 696 et
883 627 982 698 aliem
995 650 1063 720 quo
1075 627 1181 697 Filius
1195 633 1309 721 potens
1322 634 1371 697 est
1382 625 1492 717 gigni,
1506 626 1609 696 tauns
1625 634 1674 698 est

77 740 268 812 intellectus
278 767 288 830 3
312 742 340 811 si
358 748 470 812 nutem
485 740 593 830 dions,
614 741 748 813 Patrem
767 766 860 835 posse
879 744 1000 813 hebere
1020 742 1120 813 sliam
1130 743 1366 836 proprietatem
1378 794 1388 831 ,
1402 742 1471 813 sive
1488 742 1676 830 notionem,

77 881 150 950 qua
172 858 303 950 genitor
323 867 392 948 est,
407 865 440 929 et
460 858 587 928 Filium
610 860 709 930 eliam
731 884 800 954 que
816 859 948 952 genitus
969 869 1038 949 est,
1060 882 1160 931 verns
1172 867 1220 929 est
1232 860 1429 930 intellectus.
1446 859 1558 929 Aliam
1584 859 1676 929 enim

77 973 179 1044 habet
192 974 291 1044 Peter
302 975 536 1068 proprietatem
549 999 618 1070 qua
630 983 722 1068 poter
734 985 794 1065 est,
810 977 910 1047 eliam
924 977 1030 1046 Filius
1043 1000 1110 1071 qno
1123 977 1214 1046 filius
1227 984 1286 1046 est.

122 1092 175 1160 Its
186 1091 286 1160 etiem
298 1114 375 1161 oum
388 1091 520 1180 dicitur,
537 1093 643 1162 Filios
656 1116 724 1163 non
742 1094 841 1162 iubet
854 1093 1046 1188 potentium
1060 1092 1243 1187 qmerondi
1255 1116 1355 1186 prtum
1370 1095 1473 1163 Pater
1489 1092 1601 1178 lrobet,
1617 1091 1678 1161 du·
1702 1110 1796 1164 uomo-

75 1208 208 1301 plioiter
229 1208 372 1299 intelligi
393 1216 509 1302 potest.
534 1209 571 1279 Si
584 1211 674 1280 enim
686 1211 815 1281 dicatur
830 1236 838 1280 :
855 1212 961 1282 Filius
975 1234 1042 1280 noo
1055 1210 1154 1280 dubet
1165 1211 1352 1304 potentium
1365 1210 1555 1304 penetrandi
1577 1233 1677 1302 quom
1691 1174 1798 1294 apppe-

78 1338 113 1393 et
124 1328 239 1412 Pater,
255 1326 377 1395 soilioet
389 1349 456 1419 qua
468 1332 584 1418 potens
596 1327 638 1395 sit
651 1326 692 1396 ed
704 1327 943 1418 genemudum,
959 1328 994 1397 id
1015 1335 1083 1416 est,
1107 1335 1146 1397 ut
1158 1327 1310 1418 genuerit
1323 1328 1376 1396 vel
1391 1334 1428 1396 ut
1441 1333 1575 1418 generet
1595 1327 1680 1396 sieut
1697 1299 1797 1405 effi,

78 1442 192 1531 Pater,
206 1465 324 1514 verum
337 1450 405 1529 est;
420 1443 448 1510 si
469 1465 548 1512 vero
569 1443 775 1534 intelligetur
787 1444 850 1536 sio,
869 1471 886 1512 <r
899 1444 974 1515 Non
987 1445 1086 1514 hebet
1106 1443 1284 1536 potentiam
1304 1466 1372 1537 qua
1384 1444 1484 1536 possit
1497 1443 1607 1534 gigni,
1625 1442 1678 1512 vel
1699 1425 1790 1532 ,m

77 1559 214 1649 genitus
227 1581 294 1628 esse
306 1611 316 1648 ,
330 1582 398 1652 qua
410 1558 524 1628 eadem
537 1558 636 1628 Peter
649 1567 764 1652 potens
777 1567 826 1630 est
839 1569 876 1629 ut
889 1561 1041 1652 genuerit
1062 1561 1115 1630 vel
1134 1567 1173 1629 ut
1191 1565 1337 1650 generet,
1357 1586 1375 1626 >›
1395 1559 1517 1630 ielsum
1540 1568 1600 1629 est.
1623 1559 1677 1628 Si·
1715 1550 1780 1595 '⁴⁰⁶⁶‘

1704 1616 1785 1669 poten·
1916 1646 1920 1653 .

79 1683 139 1745 out
155 1673 196 1757 (a)
210 1675 331 1746 dicitur
344 1700 352 1744 :
366 1701 384 1744 r
396 1676 495 1745 Pater
507 1674 607 1745 habet
620 1677 799 1768 potentiam
813 1701 880 1771 que
892 1685 997 1770 potest
1010 1701 1078 1747 esse
1091 1684 1199 1769 puter3
1216 1676 1322 1745 Filius
1336 1698 1414 1746 vero
1428 1699 1498 1745 non
1511 1676 1609 1745 habet
1618 1699 1677 1769 po
1694 1677 1801 1785 m?

82 1791 221 1861 tentiam
231 1815 298 1885 qne
306 1792 406 1883 possit
416 1802 601 1884 essepater;
611 1793 962 1863 eteoonversozFilius
971 1793 1069 1863 habet
1077 1793 1256 1885 potentium
1263 1791 1610 1886 quopotestesselilius
1620 1791 1675 1885 l⁶l²

81 1907 185 1977 hebet
208 1930 286 1998 ergo
306 1908 454 2000 aliquem
467 1908 576 1996 Peter,
592 1933 694 2001 quem
706 1933 774 1979 non
787 1910 886 1980 hebet
897 1910 1015 1998 Filius,
1030 1916 1063 1980 et
1074 1934 1092 1980 e
1105 1932 1272 1980 converso.
1289 1936 1306 1976 o
1328 1908 1425 1978 Absit
1431 1937 1442 1998 ς
1466 1908 1546 2001 quie
1563 1906 1679 1977 eedem

84 2032 134 2093 est
146 2025 294 2117 potentie
308 2025 428 2113 Petris,
443 2049 512 2117 que
523 2033 630 2118 potest
642 2049 711 2097 esse
723 2035 828 2119 puter,
843 2034 877 2097 et
888 2026 977 2115 Filii,
993 2049 1060 2120 que
1073 2033 1177 2118 potest
1191 2047 1258 2102 esse
1272 2024 1374 2095 filius.
1389 2026 1439 2095 lte
1452 2025 1552 2098 etiam
1565 2026 1679 2095 eudem

84 2149 135 2210 est
147 2141 301 2211 voluntas
313 2164 381 2236 que
393 2141 491 2210 Peter
504 2142 579 2211 vult
594 2165 663 2212 esse
677 2151 780 2235 peter,
795 2166 863 2213 non
885 2144 994 2231 filius,
1008 2150 1042 2212 et
1054 2143 1159 2212 Filius
1170 2142 1245 2212 vult
1258 2165 1326 2212 esse
1348 2141 1460 2230 filius,
1476 2164 1543 2211 non
1562 2149 1677 2235 puter:

86 2265 120 2326 et
133 2256 247 2327 eadem
271 2265 320 2328 est
341 2258 496 2327 voluntas
517 2257 614 2346 Filii,
630 2282 697 2352 que
716 2260 792 2329 vult
811 2282 878 2330 esse
891 2259 1036 2350 genitus,
1051 2266 1084 2328 et
1095 2259 1227 2328 Patrem
1241 2258 1414 2350 genuisse;
1431 2264 1464 2327 et
1476 2258 1600 2348 Putris,
1614 2281 1682 2351 qno

85 2375 239 2446 vultesse
252 2374 393 2467 genitor,
411 2384 443 2445 et
460 2376 585 2446 Filium
597 2378 748 2466 genitum
764 2400 845 2447 esse.

256 2670 496 2740 EXPOSl'llll
515 2670 704 2750 TEXTUS.
915 2673 1008 2739 rendi
1030 2673 1072 2739 sit
1097 2674 1134 2738 in
1157 2673 1249 2754 Filio,
1276 2673 1373 2740 hebet
1394 2673 1475 2739 dues
1500 2672 1681 2758 particulos.

91 2816 140 2869 llio
152 2816 219 2869 solet
231 2816 312 2883 queri
328 2814 509 2882 equibusdem
516 2853 525 2880 ,
538 2819 626 2867 utrum
639 2817 714 2868 Peter
731 2816 861 2883 potnerit,
916 2780 1024 2846 Primo
1043 2781 1160 2864 ‘luaerit
1176 2784 1208 2845 et
1223 2779 1414 2846 determinat
1431 2781 1515 2844 hffflss
1532 2781 1685 2863 (luaeSfiO‘

353 2889 395 2941 vet
408 2887 533 2954 voluerit,
548 2892 598 2939 010·
915 2905 1003 2968 nem,
1014 2891 1127 2952 utrum
1138 2887 1248 2971 eliqua
1258 2888 1398 2971 potentie
1410 2888 1495 2953 sitin
1508 2886 1685 2973 Patroqnae

21 3024 71 3070 sno,
133 2997 172 3063 ln
192 2996 342 3082 presenti
367 2995 567 3062 distinetione
594 2995 685 3080 ponit
710 2996 862 3081 Magister
915 2994 1326 3061 nonsitinffilio:sienim
1340 2994 1560 3061 Paternatms
1571 2999 1685 3079 potens

91 3104 323 3172 dubitationem
331 3122 373 3170 ex
387 3104 622 3188 comparatione
640 3105 792 3189 potentiae
802 3123 862 3189 ge-
916 3105 963 3169 est
976 3120 1133 3186 generare
1140 3102 1269 3184 Filium,
1279 3105 1311 3168 et
1320 3101 1421 3168 Filius
1428 3120 1506 3185 non,
1517 3105 1613 3187 petet,
1623 3106 1683 3171 eto.

91 3213 226 3278 uerendi
245 3214 286 3279 nd
305 3231 487 3297 personum,
501 3217 613 3279 uirum
627 3214 763 3293 scilicet,
780 3215 863 3280 siout
915 3211 965 3278 Ad
986 3212 1071 3278 henr
1096 3213 1305 3296 questionem
1327 3213 1496 3296 respondet
1513 3210 1682 3294 Megister,
1728 3202 1732 3207 ’

90 3326 140 3387 est
152 3323 332 3407 inpsrsone
344 3322 457 3403 Patris,
469 3321 516 3388 ite
528 3323 569 3387 sit
581 3324 616 3388 in
627 3342 764 3407 persone
775 3323 860 3389 Filii.
916 3318 1002 3402 quod
1020 3319 1153 3385 omnino
1165 3320 1277 3385 eedem
1288 3319 1487 3403 estpotentio
1504 3319 1538 3383 in
1550 3317 1642 3385 Patre
1653 3325 1686 3387 et

42 3485 46 3494 .
90 3429 240 3497 ldthahet
252 3431 324 3497 haeo
339 3429 504 3514 pnrsdues
518 3450 527 3495 ε
542 3431 578 3497 in
591 3432 697 3516 prime
709 3430 862 3515 Megisten
916 3426 1009 3493 Filio.
1028 3427 1090 3493 Sed
1102 3427 1180 3512 quie
1199 3428 1348 3494 hocerat
1367 3428 1521 3508 dubium,
1540 3427 1612 3493 ideo
1626 3445 1686 3511 op·

90 3537 225 3622 quaerit,
245 3542 277 3613 et
291 3536 483 3605 determinet
506 3542 619 3603 utrum
635 3537 738 3605 Filius
761 3539 863 3622 possit
916 3535 1007 3618 ponit
1023 3538 1134 3600 rontm
1147 3534 1332 3618 predictum
1346 3534 1557 3614 solutionem,
1580 3537 1613 3599 et
1627 3534 1687 3600 de-

90 3664 266 3728 generare3
290 3645 327 3711 in
339 3645 489 3726 seeundo,
511 3649 624 3711 utrum
640 3645 781 3730 potentia
803 3663 863 3728 ge-
916 3640 1685 3727 terminstperdistinotlonom.Seoundorespon·

91 3753 226 3818 uerendi
245 3754 287 3819 sit
302 3753 338 3818 in
359 3752 456 3834 Filio,
473 3752 518 3818 ibi
533 3774 542 3818 :
560 3754 640 3821 Item
662 3755 863 3837 euentura
917 3751 970 3817 det
983 3751 1024 3818 ud
1045 3751 1184 3835 primum
1207 3751 1417 3835 questionem
1436 3748 1681 3830 distinguendo,

92 3860 723 3944 quibusdum,rtPuterpoterrsrtt,etr.
916 3857 1568 3943 utrumsoilioetFiliushnbeetpotentism
1580 3875 1684 3939 gene-

131 3969 224 4051 ltem,
237 3969 344 4054 primo
358 3987 433 4054 pars
452 3969 551 4035 hebet
566 3973 706 4053 quatuor
722 3968 864 4054 porticu-
916 3967 1020 4048 rendi,
1034 3965 1265 4037 ibi21taetium
1274 3983 1346 4034 cum
1353 3964 1684 4045 dicitur,Ftliutreon

91 4077 162 4143 las:
184 4076 221 4141 in
242 4074 349 4162 primo
369 4080 479 4144 movet
501 4077 730 4160 questionem,
751 4081 864 4143 utrum
915 4072 1091 4153 habetote.
1105 4074 1141 4139 Si
1154 4074 1241 4140 enim
1252 4070 1685 4156 intelligetureotive,lnlsus

92 4202 183 4270 posse
200 4188 233 4250 et
244 4185 326 4251 velle
342 4204 499 4269 generare
516 4185 663 4251 similiter
675 4203 865 4269 comperen-
918 4185 966 4247 est
976 4182 1167 4265 intellectus,
1177 4184 1294 4248 seilicet
1306 4183 1391 4268 quod
1405 4181 1507 4247 Filius
1519 4180 1685 4265 possitge·

92 4293 196 4359 turod
209 4312 381 4378 personam
394 4293 496 4359 Patris
509 4296 542 4358 et
554 4292 642 4375 Filii3
657 4293 864 4376 seeundoop·
917 4306 1048 4371 nerone;
1064 4291 1184 4357 sivero
1206 4290 1396 4374 intelligitur
1408 4289 1544 4374 passive,
1568 4287 1685 4353 scilieet

92 4399 183 4483 ponit
207 4403 318 4466 oenus
344 4399 537 4467 solutionem
563 4417 620 4483 per
644 4401 864 4464 auctoritatem
918 4398 1006 4480 quod
1032 4398 1129 4465 habet
1150 4398 1324 4483 potentium
1354 4416 1420 4481 quo
1450 4382 1550 4481 possit
1580 4413 1686 4478 gene-

93 4507 288 4591 Augustini,
305 4508 352 4573 ibi
368 4530 377 4573 ε
393 4507 456 4574 Sed
477 4507 677 4575 reuertentes
689 4522 749 4574 nos
762 4510 865 4574 movet
917 4504 1002 4585 reri,
1022 4524 1104 4571 rere
1129 4510 1188 4572 est.
1211 4506 1250 4571 Et
1272 4506 1427 4572 fundetur
1448 4504 1503 4568 illu
1529 4502 1689 4568 distinctio

93 4613 180 4697 ruod
191 4616 407 4697 Augustinus,
419 4619 479 4680 eto.
493 4613 598 4680 'lertio
611 4614 743 4699 opponit
753 4617 864 4679 oontru
917 4612 1096 4678 seeundum
1108 4614 1189 4679 alios
1202 4615 1211 4651 ¹
1225 4631 1321 4698 super
1333 4613 1411 4693 hoo,
1425 4610 1512 4693 quod
1531 4609 1565 4692 ly
1580 4609 1616 4691 (cl
1633 4626 1689 4692 pe·

94 4722 279 4805 predictam
299 4722 520 4789 auctoritatem
533 4740 591 4805 per
602 4720 780 4801 rationem,
794 4721 862 4786 ibi:
917 4720 1060 4787 uerendi
1072 4725 1175 4805 potest
1185 4717 1606 4803 intelligiinsignifloetione
1619 4735 1689 4801 pes·

94 4829 161 4898 Hoc
175 4836 281 4897 ouum
300 4844 367 4897 nort
382 4829 513 4897 videtur
523 4827 729 4913 qmbusdam.
745 4828 865 4906 Quarto
919 4829 1000 4907 sive,
1014 4829 1067 4894 vel
1077 4829 1193 4895 active.
1202 4829 1236 4895 Si
1246 4830 1281 4894 in
1295 4828 1431 4913 passive,
1446 4832 1524 4892 tuno
1537 4843 1615 4891 rem
1628 4830 1686 4903 est,

96 4937 179 5002 redit
199 4954 297 5020 supra
315 4937 431 5002 dictem
444 4937 665 5002 auctoritatem
680 4954 864 5018 exponens,
919 4939 951 5001 et
964 4941 1012 5001 est
1023 4956 1136 5003 sensus
1149 4961 1157 5001 ε
1172 4938 1279 5004 Filius
1299 4935 1391 5003 iudet
1402 4936 1578 5019 potentiam
1592 4949 1683 5018 perre-

96 5044 141 5109 ibi
163 5066 171 5109 :
191 5043 351 5124 Quomodo
368 5060 440 5128 erpo
459 5043 641 5126 deotpertus
659 5041 747 5127 quod
764 5058 866 5126 supra
919 5044 1039 5126 randi,
1056 5045 1090 5110 id
1109 5050 1177 5123 est,
1196 5045 1373 5129 potentium
1385 5062 1451 5128 qua
1469 5045 1684 5125 generetur.»

95 5152 222 5220 dietum
231 5156 288 5219 est.
919 5150 982 5218 Sed
994 5152 1029 5217 in
1041 5153 1145 5219 notive
1154 5156 1257 5238 potest
1270 5171 1339 5219 esse
1350 5150 1530 5235 dupliciter,
1546 5149 1691 5234 qrdnpo·

137 5260 227 5342 Item,
244 5278 320 5345 pom
331 5260 470 5328 secunde
484 5260 585 5343 hujus
597 5259 817 5342 distinotionis,
831 5260 867 5325 in
919 5263 980 5327 test
989 5259 1379 5343 essegerundivumverbi
1388 5258 1606 5344 personalium
1612 5261 1690 5324 tune

99 5389 163 5456 ‘1¹¹⁸
179 5370 298 5454 ‘luaefit
318 5369 470 5453 Malim
482 5372 594 5436 Ullum
611 5370 753 5453 Ροίθῦῒὴι
765 5387 868 5452 8⁰³0·
953 5413 985 5480 ‹a›
1000 5412 1094 5478 snppte
1106 5413 1176 5465 suver
1190 5412 1341 5480 eum-(o)
1358 5411 1459 5479 supr,
1471 5414 1547 5463 naor
1558 5425 1622 5465 vero
1635 5426 1690 5465 non

131 5494 140 5528 ¹
151 5495 190 5548 Ex
202 5494 314 5560 Dionys.
326 5493 412 5547 Carth.
425 5493 529 5560 Thom,
542 5494 601 5548 dist.
613 5498 733 5561 present.
920 5494 1040 5546 habm-
1053 5495 1083 5560 (r)
1096 5494 1127 5545 ld
1142 5498 1180 5546 ert
1197 5489 1238 5557 st,
1256 5493 1348 5559 polline
1360 5494 1386 5545 le
1399 5497 1471 5558 mot,
1482 5496 1508 5544 et
1520 5493 1557 5545 εἰσ
1567 5492 1690 5560 deinceps.
