4100 6300
565 482 662 550 DIST.
681 482 745 549 XX.
765 481 857 549 ΛΒΤ.
879 483 918 549 Il.
941 482 1090 562 QUAEST.
1115 483 1139 550 l.

99 628 127 690 t.
142 605 234 704 lum,
247 620 407 706 potentius
419 620 540 705 aliquid
555 623 659 706 potest
671 620 758 705 quod
772 624 820 685 est
836 619 843 636 ‘

62 732 194 817 primum
220 729 427 814 principium,
451 748 550 813 mam
576 730 661 814 quod
681 746 748 794 non
769 733 818 795 est

62 840 210 922 primum,
227 837 303 921 quia
320 837 426 901 omnis
443 856 539 905 cansa
558 836 711 921 primaria
729 837 819 920 prius

61 945 158 1010 influit
166 963 261 1029 quam
270 943 428 1009 secunda:
442 943 497 1009 sed
510 943 602 1010 Pater
615 949 662 1009 ast
674 944 818 1029 primum

61 1052 263 1137 principium:
287 1069 365 1134 ergo
379 1070 482 1144 unum
500 1056 532 1117 et
548 1051 635 1116 idem
653 1052 816 1135 potentius

61 1162 155 1244 potest
164 1157 265 1237 Pater,
281 1177 378 1242 quam
392 1158 504 1224 Filius.

96 1271 124 1330 3.
138 1264 215 1331 {tem
227 1264 386 1348 potentius
398 1269 501 1349 potest
519 1266 575 1350 ‹pri
590 1265 687 1331 habet
705 1268 818 1349 poten·

60 1374 130 1439 tiam
144 1392 164 1438 a
176 1392 224 1450 se,
239 1391 338 1457 quam
353 1374 408 1458 qui
422 1374 462 1438 ab
481 1373 559 1452 ali03
575 1375 632 1457 qui
653 1374 741 1438 enim
754 1373 817 1438 ali-

59 1481 159 1564 quida
175 1499 207 1546 sa
220 1481 315 1546 habet
328 1531 337 1562 ,
352 1483 453 1546 multo
465 1481 579 1546 melius
591 1481 702 1561 habet,
718 1499 816 1565 (ρτεττ

59 1590 82 1652 si
94 1589 133 1653 ab
149 1589 211 1654 atio
230 1589 378 1674 recipiat:
398 1608 477 1672 ergo
496 1608 571 1654 cum
589 1587 690 1654 Filius
702 1589 817 1653 babeat

59 1715 142 1779 possa
160 1715 180 1761 a
199 1696 303 1776 Patre,
326 1696 419 1763 Pater
436 1701 543 1762 autem
558 1714 616 1781 per
632 1715 665 1761 se
683 1701 715 1761 et
728 1717 748 1762 a
763 1715 814 1775 se;

58 1824 144 1887 crgo,
161 1810 220 1873 eto.

94 1918 122 1977 l.
138 1912 232 1994 item,
248 1914 321 1998 plus
341 1917 443 1998 potest
459 1914 573 1997 aliquis
591 1913 648 1996 qui
666 1915 768 1997 potest
787 1915 820 1975 et

57 2039 109 2106 per
121 2040 153 2087 se
167 2027 199 2088 et
215 2040 273 2105 per
292 2023 407 2103 alium,
429 2041 529 2106 quarn
549 2022 605 2105 qui
624 2025 749 2085 tantum
761 2038 818 2104 per

56 2147 105 2195 se:
119 2130 171 2195 sed
184 2128 278 2194 Pater
289 2133 391 2213 potest
401 2129 527 2213 operari
537 2148 594 2214 per
605 2128 734 2207 Filium,
749 2127 819 2211 Spi-

55 2238 131 2302 ritus
148 2241 276 2302 sanotus
301 2255 367 2301 non
389 2240 491 2321 potest
517 2255 574 2320 per
598 2236 735 2313 Filium,
759 2255 819 2301 nec

55 2345 143 2410 etiam
152 2344 218 2428 ipse
226 2344 327 2409 Filius
335 2343 462 2428 proprie
470 2343 646 2427 loquendo:
656 2347 816 2426 argasto.

318 2600 545 2670 CONCLUSIO.

54 2761 166 2817 Ρτττεεω
182 2758 286 2816 divina
301 2762 365 2815 sient
383 2758 498 2829 aquales
516 2761 647 2828 mantum
669 2755 707 2812 od
727 2758 817 2812 inten-

85 2852 181 2906 sionem
189 2849 331 2922 potentio,
345 2863 404 2904 cum
413 2849 444 2903 in
458 2846 580 2902 omnibuis
593 2848 631 2903 sit
643 2861 716 2918 cepoe
732 2845 815 2901 nobi-

87 2939 120 2994 tis
131 2941 211 3009 otone
218 2952 335 2994 mmmm

89 3099 178 3185 liesp.
191 3100 232 3166 ad
243 3100 383 3182 Argum.
394 3098 568 3164 Dicendum
581 3097 667 3182 quod
679 3099 818 3183 potentia

52 3208 84 3272 in
96 3207 184 3274 Patre
196 3212 229 3274 et
246 3207 328 3273 Filio
341 3210 388 3273 est
408 3224 500 3290 aeque
520 3206 662 3285 intensa3
687 3205 764 3288 quia
782 3207 818 3271 in

53 3322 183 3402 utroque
197 3334 327 3382 sumina
346 3318 409 3394 est,
431 3319 463 3380 et
483 3333 574 3397 aque
594 3315 726 3394 nobilis;
741 3316 818 3399 qrria

52 3427 83 3490 in
91 3431 224 3509 unoque
231 3443 300 3491 nna
307 3443 364 3507 per
372 3427 520 3488 naturam
528 3443 592 3487 non
602 3422 815 3505 degenerans:

52 3533 191 3599 similiter
203 3539 236 3599 et
249 3534 288 3599 in
298 3531 419 3615 Spiritu
433 3534 541 3594 sancto
556 3534 613 3595 est.
628 3529 667 3595 Et
679 3530 753 3611 hoo,
767 3531 817 3594 lo-

52 3640 172 3721 quendo
191 3640 232 3705 de
253 3638 335 3704 Filio
354 3637 532 3703 secundum
552 3637 695 3702 divinam
717 3643 815 3703 natu·

52 3766 131 3827 mm,
145 3746 324 3813 secundum
336 3764 434 3829 quam
448 3743 582 3827 aquatis
595 3749 643 3810 est
657 3744 754 3811 Patri.

89 3860 117 3918 t.
134 3855 182 3920 Ad
195 3854 276 3920 illud
293 3872 372 3936 ergo
386 3853 472 3937 quod
489 3852 639 3936 objicitur
656 3855 742 3936 quod
760 3854 816 3918 Fi-

49 3960 108 4027 lius
124 3966 227 4045 potest
243 3961 327 4045 pati,
343 3960 519 4031 dicendum
538 3960 625 4042 quod
644 3960 729 4025 istud
748 3978 816 4025 non

50 4072 93 4132 est
100 4069 277 4135 secuudum
290 4068 464 4152 potentiam
473 4066 628 4148 divinam,
640 4067 692 4132 sed
703 4086 815 4133 secun

49 4172 122 4237 dum
140 4173 360 4239 infirmitatem
378 4174 576 4250 humanam,
591 4177 623 4238 et
635 4173 814 4239 secundum

48 4280 131 4346 illam
143 4282 277 4348 inferior
287 4286 335 4347 est
346 4280 438 4347 Patre
451 4285 484 4346 et
495 4281 603 4346 minus
618 4286 747 4365 potens:
763 4301 813 4348 se-

47 4388 185 4455 eundum
198 4395 309 4454 auum
323 4388 466 4455 divinam
483 4407 550 4454 non
564 4393 666 4472 potest
676 4390 755 4473 pati,
769 4390 811 4454 si-

47 4499 98 4559 out
108 4515 167 4562 nec
178 4497 284 4563 Pater.

83 4609 112 4669 2.
125 4604 174 4670 Ad
192 4605 274 4670 illud
291 4604 378 4688 quod
392 4604 531 4670 meando
545 4605 706 4688 objicitur,
727 4609 812 4691 quod

45 4711 390 4796 primumprincipium
399 4711 505 4794 magis
513 4715 630 4795 potest3
641 4713 811 4778 dicendum

45 4819 125 4900 quod
148 4819 293 4902 primum
312 4819 507 4903 principium
531 4822 587 4884 eut
606 4820 711 4885 solum
737 4821 812 4887 dicit

45 4925 197 5007 ordinem,
210 4929 269 4991 aut
284 4926 526 4991 substantialem
537 4927 760 4993 differentiam.
776 4929 810 4995 Si

46 5031 147 5097 solum
157 5033 314 5112 ordinem,
327 5051 403 5098 cum
411 5052 516 5099 unum
530 5039 562 5099 et
572 5034 656 5101 idem
667 5036 709 5101 sit
720 5042 812 5103 utro·

45 5138 153 5222 bisne,
174 5158 243 5205 non
263 5144 311 5204 est
329 5142 488 5224 munaus
507 5141 560 5207 sss
581 5161 681 5225 quam
699 5144 754 5209 sss.
776 5145 812 5210 ss
857 5163 861 5171 -

45 5249 149 5311 autem
170 5245 381 5311 differentiam
401 5248 639 5314 substantialem
656 5269 731 5316 cum
754 5271 810 5317 or·

45 5350 126 5429 dine,
147 5354 193 5418 sic
212 5372 328 5420 verum
343 5360 390 5420 est
403 5355 489 5438 quod
502 5357 663 5438 potentius
678 5362 725 5423 est
741 5360 810 5441 pri-

76 5475 173 5541 ¹Joon.‚
185 5490 211 5545 r,
221 5480 261 5531 26.
272 5480 372 5546 -ὈῙ,
383 5479 457 5533 Alex.
471 5480 588 5546 niensis,
610 5497 638 5549 p.
653 5483 679 5549 l,
694 5497 721 5553 q.
731 5496 809 5552 xnus,

1586 487 1645 548 etr

874 638 966 685 mum
977 640 1076 705 quam
1085 621 1273 701 secundum,
1285 619 1361 703 quia
1369 618 1545 685 meandum
1556 618 1643 684 addit

873 727 992 811 aliquid
1006 747 1103 812 supra
1116 729 1277 813 primum3
1291 729 1378 812 quod
1391 727 1469 792 dum
1481 727 1555 792 iacit
1569 745 1645 791 ma·

874 836 925 919 gis
938 838 1165 921 compositum,
1178 838 1284 921 magis
1296 837 1397 902 reddit
1407 836 1595 914 limitatum,
1610 837 1643 901 et

873 943 918 1008 ita
934 943 1042 1008 minus
1057 949 1181 1027 potens.

913 1055 943 1115 3.
963 1051 1012 1115 Ad
1026 1051 1105 1116 illud
1122 1052 1208 1135 quod
1220 1051 1368 1135 objicitur
1380 1052 1489 1132 tertio,
1501 1053 1572 1134 jam
1587 1068 1643 1115 so·

872 1157 978 1223 lutum
991 1162 1053 1237 est3
1075 1160 1150 1242 qnia
1163 1159 1280 1224 babere
1293 1160 1335 1223 ab
1347 1159 1425 1239 atio,
1443 1159 1505 1223 boo
1523 1160 1572 1223 est
1585 1161 1643 1223 aut

873 1265 1037 1330 differente
1057 1267 1312 1347 substantialiter,
1334 1271 1390 1332 aut
1409 1265 1640 1351 personaliter:

872 1363 899 1426 si
920 1364 1177 1444 substantialiter,
1195 1366 1240 1429 sic
1255 1384 1371 1431 verum
1386 1370 1448 1445 est,
1470 1365 1547 1449 qiria
1566 1382 1641 1428 cum

872 1469 987 1535 babeat
999 1472 1040 1536 ab
1055 1472 1118 1537 alio
1132 1490 1189 1556 per
1201 1474 1385 1551 essentiam,
1401 1473 1574 1537 nonhabet
1588 1490 1643 1536 es-

872 1578 1057 1656 sentialiter,
1078 1580 1132 1645 sed
1154 1581 1410 1664 participatione3
1433 1578 1488 1644 sed
1510 1578 1640 1661 otiando

871 1684 969 1750 babet
982 1687 1021 1749 ab
1034 1686 1095 1751 alio
1110 1687 1327 1770 personaliter,
1342 1686 1453 1752 eudem
1467 1691 1575 1751 mmen
1589 1704 1640 1750 es·

872 1793 1054 1875 sentialiter,
1071 1797 1149 1859 tnnc
1166 1795 1262 1860 habat
1278 1811 1371 1878 aeque
1389 1793 1547 1872 nobiliter,
1565 1793 1642 1876 quia

872 1901 1009 1966 totaliter
1019 1906 1051 1967 et
1061 1903 1277 1967 mentientes.
1290 1901 1379 1967 Unde
1388 1901 1502 1966 dicitnr
1511 1906 1539 1964 ¹:
1553 1901 1643 1966 Sicut

871 2008 967 2076 Pater
978 2009 1072 2077 trabat
1083 2011 1184 2077 ottoni
1196 2011 1234 2076 in
1246 2011 1431 2093 semetipso,
1445 2009 1493 2075 etc
1508 2006 1597 2074 dedit
1610 2015 1641 2074 et

871 2117 969 2196 Filio,
983 2122 1043 2183 etc.

911 2234 1103 2299 altilibus
1124 2235 1210 2318 quod
1228 2233 1377 2317 objicitur
1397 2237 1530 2318 quarto,
1552 2234 1639 2317 quod

872 2341 964 2407 Pater
977 2345 1079 2425 potest
1097 2360 1154 2425 per
1170 2361 1204 2407 se
1222 2345 1255 2407 et
1269 2360 1326 2425 per
1343 2341 1455 2418 adum,
1471 2340 1642 2406 dicendum

872 2450 957 2532 quod
969 2467 1059 2533 posse
1071 2469 1128 2534 per
1138 2449 1238 2514 alium
1249 2453 1297 2514 est
1309 2449 1475 2533 dupliciter
1488 2472 1496 2515 :
1511 2453 1568 2514 aut
1582 2467 1641 2533 per

872 2556 1014 2644 aliquam
1025 2576 1154 2623 causam
1167 2557 1350 2622 inferiorem
1363 2557 1461 2621 simul
1472 2563 1640 2640 agentem3

872 2667 928 2728 aut
939 2683 995 2747 per
1007 2664 1104 2729 aliam
1115 2682 1294 2748 personam.
1307 2663 1415 2729 Primo
1426 2663 1521 2729 modo
1531 2668 1640 2748 poten·

871 2772 936 2837 tius
949 2776 995 2838 est
1008 2792 1099 2857 posse
1111 2791 1211 2857 perse
1224 2776 1255 2837 et
1268 2790 1325 2855 ρετ
1339 2771 1452 2848 alium,
1467 2790 1567 2855 quam
1583 2790 1641 2855 per
1741 2855 1743 2858 Ι

872 2899 905 2944 se
919 2884 1059 2961 tantum,
1073 2881 1150 2965 quia
1160 2898 1250 2965 posse
1263 2899 1320 2965 per
1330 2880 1432 2946 alium
1445 2879 1520 2944 dicit
1531 2879 1640 2945 domi-

871 2989 975 3072 nium,
986 2990 1069 3054 etita
1078 2992 1282 3073 potestatem:
1296 2988 1352 3053 sed
1366 3007 1457 3072 posse
1468 3008 1526 3072 per
1536 2989 1637 3055 alium

872 3115 930 3181 per
951 3114 1118 3181 personam
1141 3097 1456 3174 consubstantialem,
1478 3115 1542 3163 non
1564 3096 1642 3164 dicit

872 3204 1061 3286 dominium,
1073 3205 1128 3270 sed
1140 3208 1267 3269 tantum
1280 3205 1511 3270 auctoritatem.
1523 3206 1641 3272 Aucto-

871 3312 949 3377 ritas
957 3318 1064 3378 autem
1074 3330 1139 3376 non
1150 3312 1225 3376 dicit
1235 3312 1457 3395 majoritatem,
1468 3312 1523 3378 sed
1534 3314 1639 3379 solum

871 3419 946 3484 dicit
956 3420 1130 3501 originem3
1142 3419 1224 3484 sicut
1237 3438 1328 3502 posse
1338 3420 1379 3484 ab
1389 3420 1462 3496 alio,
1478 3425 1508 3485 et
1520 3440 1586 3488 non
1599 3420 1640 3485 ab

871 3527 949 3604 alio,
963 3546 1029 3591 non
1043 3527 1117 3591 dicit
1130 3528 1344 3593 minoritatem
1358 3529 1393 3592 iu
1413 3529 1567 3613 potentia,
1585 3516 1639 3596 sed

871 3635 976 3701 solum
989 3636 1270 3703 subauotoritatem
1286 3640 1317 3702 et
1337 3637 1517 3719 originem:
1541 3642 1574 3703 et
1594 3639 1640 3705 sie

871 3743 1115 3826 intelligendum
1131 3749 1178 3809 est
1194 3745 1228 3809 in
1245 3745 1407 3829 proposito
1420 3745 1459 3811 da
1478 3764 1569 3831 posse
1583 3766 1640 3831 per

871 3852 986 3935 alium,
1001 3856 1033 3918 et
1046 3870 1111 3917 non
1123 3871 1215 3936 possa
1228 3872 1285 3937 per
1298 3853 1411 3919 alium
1690 3872 1697 3887 ·

1100 4093 1343 4165 ARTICULUS
1366 4095 1408 4165 11.

910 4285 1143 4369 Consequenter
1156 4287 1204 4349 est
1216 4283 1351 4367 puaestio
1365 4285 1503 4350 meando
1517 4285 1586 4351 loeo
1601 4286 1639 4352 de

868 4392 1009 4457 secundo
1020 4392 1169 4473 articulo,
1186 4395 1298 4457 utrum
1312 4391 1347 4455 in
1360 4392 1476 4457 dinnis
1487 4393 1529 4457 sit
1541 4395 1636 4474 ord03

868 4505 899 4567 et
912 4500 995 4565 circa
1007 4500 1069 4565 hoe
1081 4504 1272 4584 queruntur
1289 4500 1376 4566 duo:
1397 4501 1503 4586 primo
1516 4504 1638 4587 quaeri·

868 4611 921 4673 tur
933 4611 1045 4673 ubnm
1059 4609 1095 4672 in
1109 4608 1226 4673 divinis
1239 4608 1280 4673 sit
1292 4608 1369 4673 ordo
1390 4611 1571 4692 ponendus3
1586 4631 1638 4678 se-

867 4715 981 4797 eundo,
997 4719 1109 4781 utrum
1122 4717 1157 4780 in
1170 4716 1287 4781 divinis
1297 4717 1338 4781 sit
1347 4717 1426 4784 ordo
1440 4722 1574 4784 ττειιττε.

1131 4944 1310 5023 QUAESTIO
1331 4948 1356 5013 l.

903 5098 950 5155 An
960 5101 1034 5156 inter
1043 5099 1154 5156 diuinos
1162 5114 1291 5172 personas
1305 5101 1368 5159 ordo
1378 5105 1416 5159 sit
1424 5103 1561 5175 ponendis
1576 5106 1597 5161 ²,

907 5252 997 5332 Quod
1010 5254 1044 5318 in
1055 5254 1172 5322 divims
1185 5256 1227 5321 sit
1239 5257 1327 5337 ordo,
1343 5258 1519 5324 ostenditur
1530 5259 1635 5343 primo
1649 5287 1755 5337 rm

866 5417 962 5466 memb.
973 5419 983 5467 l
991 5432 1000 5480 ;
1014 5415 1100 5481 AEgid.
1109 5417 1194 5481 Rom,
1206 5419 1216 5468 t
1227 5419 1306 5482 Seni,
1316 5420 1376 5472 dist.
1386 5431 1466 5488 xx,q·
1477 5432 1518 5487 tn,
1531 5421 1635 5477 Richar-

866 5486 923 5553 dus,
938 5488 947 5539 t
958 5487 1038 5552 Sena,
1048 5488 1107 5541 dist
1118 5501 1163 5556 xx,
1173 5503 1200 5557 q.
1210 5501 1251 5542 111.
