4100 6300
507 434 603 500 DlST.
626 434 707 500 Vlll.
731 433 846 498 PART.
868 434 908 498 ll.
930 434 1020 499 ART.
1044 434 1068 499 l.
1090 432 1240 512 QUAEST.
1262 431 1316 497 111.
1659 439 1718 500 {63

130 568 283 634 Similiter
296 574 433 652 punctus
446 575 494 635 est
507 571 685 636 substernite
697 571 813 653 posita,
829 570 897 634 sive
951 588 1016 635 non
1031 570 1136 652 magis
1149 568 1263 652 recipit
1276 570 1402 632 motum
1413 569 1445 631 et
1457 585 1589 632 sensum
1605 587 1720 633 manus

128 677 252 742 hahens
260 678 449 760 positionem
463 700 471 743 ε
483 697 562 760 ergo
572 680 682 743 anima
693 677 896 742 hebetsitum
951 677 1096 756 scorde,
1116 694 1215 759 quam
1230 693 1248 739 e
1263 691 1439 739 converso:
1460 674 1530 738 haec
1546 678 1655 740 autem
1673 680 1721 739 est

128 785 163 847 in
173 804 322 867 corpore:
333 786 483 852 sednulla
491 787 595 851 torma
605 786 729 851 situatis
737 789 784 850 est
793 788 897 848 motor
953 789 1064 849 contra
1083 801 1194 848 omnes
1214 779 1440 865 philosophos,
1464 784 1496 846 et
1513 782 1660 864 sequitur
1679 801 1721 847 ex

129 893 290 957 sufficiens
305 910 414 975 :ergo‚
430 897 489 958 etc.
950 892 1012 956 hoc
1022 892 1084 956 tals
1097 890 1339 969 inconveniens,
1351 889 1438 972 quod
1450 890 1615 954 sicutlaeso
1627 891 1720 954 corde

21 994 58 1035 Μ
71 1005 113 1049 (Ψ
169 1001 230 1065 Sed
243 1005 372 1065 conha:
387 1005 417 1063 l.
430 999 548 1065 Forma
560 1019 635 1084 qnae
644 1001 732 1066 estin
744 1004 811 1065 toto
819 1002 851 1063 et
863 999 897 1061 in
951 999 1181 1082 peritvita,ite
1194 998 1270 1062 laesa
1282 1015 1394 1063 manu.

17 1067 67 1110 Μ
129 1108 274 1191 partibus
293 1127 380 1188 una,
400 1109 588 1173 denominat
606 1113 711 1192 partes
735 1114 767 1174 ct
792 1112 897 1173 totum

129 1216 253 1281 ratione
267 1216 443 1296 consimili3
458 1216 545 1282 unde
557 1217 707 1300 quaelihet
720 1235 794 1300 pers
811 1215 898 1298 ignis
1221 1234 1444 1302 qqpqfflgqq,

128 1327 177 1386 est
199 1324 308 1405 ignis:
325 1342 423 1405 ergo,
449 1325 476 1387 si
496 1324 604 1388 anima
627 1328 674 1388 est
696 1325 730 1388 in
758 1323 898 1406 qualibet

129 1434 232 1512 parte,
243 1430 395 1511 quaelibet
404 1449 479 1514 pars
486 1431 634 1496 animalis
641 1432 758 1497 dicitur
766 1430 896 1510 animal,
951 1397 1057 1453 Anima
1070 1397 1217 1453 rationalis
1227 1400 1267 1452 est
1281 1401 1340 1452 tots
1355 1399 1386 1452 tn
1400 1400 1455 1452 toto
1472 1410 1579 1468 corpore
1595 1412 1603 1450 ε
1619 1399 1646 1451 et
1663 1399 1722 1451 tota

129 1559 206 1605 cum
227 1541 379 1623 quaelihet
406 1560 480 1624 pars
505 1543 545 1606 sit
564 1543 741 1607 substantia
759 1542 899 1606 animata
1198 1503 1230 1542 m
1244 1487 1366 1558 mmm
1381 1490 1472 1559 parte.

129 1649 298 1714 sensibilis.
993 1644 1085 1728 Resp.
1101 1646 1225 1726 adarg.
1241 1643 1434 1719 Dicendum,
1457 1644 1544 1727 quod
1557 1643 1657 1726 aliqui
1670 1642 1722 1708 di-

171 1761 201 1820 2.
215 1755 317 1835 ltem,
334 1758 504 1821 existentia
518 1757 637 1821 animae
650 1756 813 1821 rationalis
830 1774 911 1830 non,
953 1756 1031 1817 cunt
1048 1752 1134 1835 quod
1157 1752 1266 1816 anima
1288 1752 1465 1816 secundum
1482 1750 1653 1815 essentiam
1675 1754 1723 1814 est

131 1863 287 1947 dependet
300 1864 341 1928 ab
354 1865 462 1946 aliqua
480 1868 569 1947 parte
590 1865 749 1947 corporis,
770 1882 845 1928 cum
859 1864 900 1928 sit
952 1855 987 1918 in
1000 1854 1108 1937 aliqua
1129 1858 1219 1937 parte
1231 1854 1455 1931 determinate3
1471 1853 1648 1918 secundum
1663 1870 1722 1935 po-

129 1971 198 2033 flxa
209 1970 244 2033 in
257 1989 291 2035 se
307 1992 315 2034 :
330 1988 408 2052 ergo
421 1988 487 2034 non
501 1971 595 2034 estin
608 1970 759 2055 qualibet.
953 1963 1087 2027 tentiam
1098 1980 1176 2026 vero
1186 1960 1396 2026 estetlluitin
1406 1964 1473 2025 toto
1484 1978 1626 2043 corpore,
1641 1961 1723 2025 sicut

173 2082 203 2141 3.
227 2077 328 2157 ltem,
346 2078 488 2161 operatio
508 2079 579 2160 ejus
598 2096 665 2142 non
689 2077 842 2161 dependet
860 2078 901 2142 ab
954 2088 1072 2135 aranea
1087 2074 1134 2133 est
1155 2052 1191 2133 in
1213 2069 1286 2133 tela.
1305 2066 1395 2132 Unde
1408 2068 1559 2132 dixerunt
1577 2068 1663 2150 quod
1676 2070 1724 2132 esc

132 2185 345 2268 aliquemne
359 2185 518 2268 corporis,
533 2203 593 2250 nec
610 2184 706 2250 ali-cui
719 2185 901 2250 communi-
954 2179 988 2240 in
1001 2175 1113 2255 corde,
1129 2177 1207 2259 quia
1227 2194 1281 2240 cor
1302 2179 1350 2241 est
1367 2174 1566 2240 domicilium
1581 2174 1677 2255 vites,
1692 2177 1724 2239 et

131 2298 224 2358 catur
240 2315 248 2356 t
266 2311 345 2374 ergo
355 2292 389 2356 in
402 2291 492 2357 nulla
506 2295 595 2375 pmte
611 2293 754 2375 corporis
769 2296 827 2374 est,
841 2311 902 2357 nec
955 2287 1025 2368 ejus
1038 2285 1232 2351 inhabitator
1240 2288 1287 2350 est
1295 2284 1413 2349 anima.
1426 2283 1466 2347 Et
1477 2283 1588 2348 adhoc
1599 2302 1723 2366 ponen-

131 2400 168 2463 in
181 2405 339 2482 quantum
353 2399 520 2483 perfectio,
535 2418 594 2464 nec
611 2399 646 2463 in
659 2405 818 2482 quantum
831 2419 902 2465 mo-
955 2392 1036 2458 dum
1049 2393 1151 2458 movit
1164 2412 1218 2458 eos
1231 2393 1487 2476 experimentum
1506 2409 1581 2456 cum
1599 2391 1724 2457 deiectu

132 2510 195 2570 tor.
218 2504 307 2570 Unde
330 2504 543 2589 Philosophus
560 2504 570 2537 ¹
587 2507 662 2572 dicit
684 2508 770 2591 quod
793 2508 903 2572 anima
956 2501 1107 2565 rationis:
1122 2501 1391 2584 experimentum,
1400 2500 1477 2583 quia
1491 2500 1658 2565 visibiliter
1670 2519 1725 2583 ap

133 2614 257 2678 nullius
266 2615 406 2698 corporis
415 2619 463 2679 est
473 2621 574 2695 ectus,
585 2615 617 2679 id
630 2621 688 2693 est,
702 2615 904 2699 nulliuspar-
956 2616 1047 2694 paret
1060 2612 1156 2694 qnod,
1174 2612 1252 2677 laeso
1264 2612 1369 2691 eorde,
1385 2614 1550 2693 separatur
1563 2610 1727 2687 animast

133 2721 176 2785 tis
191 2724 331 2804 corporis
345 2742 354 2787 ι
370 2723 472 2787 sedin
483 2742 549 2805 quo
562 2729 629 2799 est,
644 2727 691 2788 est
702 2724 783 2788 sieut
802 2729 901 2788 actus.
956 2720 998 2783 ab
1011 2720 1081 2803 ipso
1094 2720 1201 2785 influit
1212 2738 1325 2785 sensus
1335 2725 1367 2784 et
1380 2722 1498 2799 motus,
1514 2722 1545 2784 et
1558 2723 1606 2783 est
1618 2736 1725 2783 mern·

175 2834 207 2893 t.
219 2829 309 2908 ltem,
323 2849 439 2914 cerpus
447 2832 638 2913 organicum
647 2836 696 2895 est
704 2831 903 2895 diversarum
957 2828 1727 2907 brumnobileexistensinmedio‚sicutcentrnm

133 2938 299 3002 rationum
321 2939 357 3003 in
376 2939 520 3022 pertibus
533 2944 566 3003 et
582 2944 649 3005 toto
676 2963 683 3005 :
710 2958 789 3021 ergo
808 2940 905 3005 habet
958 2940 1120 3022 corporis;
1144 2940 1284 3005 delectus
1304 2940 1454 3019 rationis,
1478 2938 1556 3022 qnia
1578 2957 1646 3004 non
1665 2957 1727 3022 po·

135 3046 297 3111 diversam
316 3047 541 3130 perfectionem
564 3070 571 3111 :
589 3066 685 3130 ergo,
701 3066 776 3113 cum
795 3049 905 3113 anime
958 3054 1093 3116 tuerunt
1108 3051 1286 3134 intelligere
1306 3069 1371 3134 quo
1387 3050 1483 3115 modo
1502 3048 1622 3133 aliquid
1639 3049 1729 3113 limi-

134 3156 279 3239 perficiat
290 3160 393 3221 totum
407 3161 568 3239 qnantum
577 3157 618 3221 ed
634 3158 818 3237 essentiam,
833 3176 905 3241 per·
958 3166 1063 3228 tntum
1075 3164 1117 3227 sit
1130 3181 1246 3243 unum,
1258 3167 1291 3228 et
1302 3163 1387 3228 idem
1398 3166 1504 3227 totum
1514 3162 1726 3245 inplurihus3

133 3264 315 3347 flcitpartes
324 3269 481 3347 quantum
491 3264 713 3347 adpetentiam
725 3289 732 3329 :
744 3284 823 3347 ergo
838 3267 906 3331 eni-
958 3267 1079 3352 etquis
1093 3271 1170 3334 tides
1183 3287 1249 3334 non
1270 3271 1357 3351 cogit
1369 3269 1509 3345 credere,
1522 3273 1555 3332 et
1569 3269 1651 3333 ratio
1662 3287 1729 3333 non

133 3394 192 3440 me
202 3375 366 3441 rationalis
377 3380 499 3440 nonest
511 3375 544 3439 in
557 3376 711 3459 partibus,
724 3376 784 3438 nisi
800 3375 905 3440 solum
959 3377 1111 3458 intelligit
1126 3395 1135 3440 ι
1148 3376 1220 3440 ideo
1241 3376 1351 3441 dicunt
1370 3395 1437 3441 non
1450 3394 1523 3441 esse
1530 3375 1728 3459 ponendum,

134 3482 514 3565 quantumsdrationem
522 3484 682 3567 potentie.
693 3482 732 3547 Et
742 3482 905 3548 hocetiem
959 3483 1047 3566 quod
1059 3484 1219 3548 sitintoto
1228 3484 1351 3549 ratione
1362 3484 1534 3566 quuslibet
1543 3483 1653 3566 partis.
1668 3483 1731 3548 Sed

134 3589 212 3655 dicit
224 3589 436 3673 Philosophus
452 3612 460 3653 ι
476 3589 592 3655 «Sicut
604 3590 712 3654 anima
723 3590 763 3655 ad
777 3609 904 3674 corpus,
959 3591 1098 3655 chorum
1119 3591 1228 3673 opinio
1249 3594 1314 3671 est,
1334 3595 1373 3655 ut
1393 3590 1568 3673 Augustini
1594 3597 1617 3667 ¹,
1642 3590 1731 3673 quod

135 3698 183 3762 sic
206 3703 311 3781 partes
325 3698 444 3763 animae
457 3698 615 3781 adportes
628 3699 779 3781 corporis.
793 3720 809 3758 s
960 3698 1070 3762 anima
1079 3698 1116 3762 in
1129 3698 1270 3782 qualibet
1284 3703 1374 3782 parte
1390 3697 1530 3781 corporis
1547 3697 1588 3760 sil
1599 3698 1684 3776 tota3
1699 3699 1732 3761 et

178 3809 209 3869 5.
220 3805 310 3885 ltem,
323 3807 351 3869 si
363 3806 603 3871 animaestlota
614 3806 649 3869 in
662 3806 805 3889 quelibet
817 3810 906 3889 parte
960 3804 1001 3869 ad
1028 3804 1090 3868 hoc
1111 3805 1296 3887 ponendum
1317 3809 1427 3870 movet
1448 3804 1730 3887 experimentum,

135 3914 291 3997 corporis,
301 3932 381 3996 ergo
391 3918 458 3979 tota
465 3918 513 3978 est
524 3914 558 3978 in
569 3932 670 3978 mann
681 3936 689 3976 ε
700 3914 766 3993 sed,
778 3914 906 3996 quando
961 3916 1159 3999 exemplum,
1175 3922 1207 3981 et
1215 3917 1402 3982 rationabile
1415 3920 1658 3998 argumentum.
1670 3915 1733 3980 Ex·

136 4022 268 4105 aliquod
288 4026 393 4088 totum
417 4024 518 4088 estin
539 4023 659 4106 aliquo,
681 4028 829 4087 movetur
852 4022 907 4087 illo
960 4024 1189 4105 perimentum,
1207 4025 1284 4107 quia
1297 4013 1601 4107 animainpertibus
1612 4024 1731 4088 distan-

138 4134 247 4195 moto:
262 4147 341 4212 ergo
354 4134 443 4195 mota
456 4148 567 4210 manu,
577 4134 725 4195 movetur
736 4131 860 4209 anima3
876 4135 908 4194 et
960 4131 1050 4196 tibus
1063 4150 1083 4196 a
1095 4132 1189 4197 corde
1203 4133 1247 4196 ita
1263 4132 1325 4197 cito
1338 4133 1446 4212 sentit,
1467 4133 1552 4197 sicut
1563 4135 1595 4196 et
1607 4132 1642 4194 in
1653 4150 1731 4215 pro-

137 4237 295 4314 similiter‚
310 4255 411 4303 manu
425 4239 622 4320 quiescente,
636 4237 771 4324 quiescit
786 4261 793 4301 :
807 4255 905 4319 ergo,
961 4241 1107 4323 pinquis;
1117 4242 1206 4318 item,
1219 4242 1298 4325 quia
1308 4242 1415 4321 simul,
1430 4241 1522 4323 qussi
1532 4241 1568 4304 in
1574 4241 1641 4306 ictu
1652 4259 1730 4305 ocu-

137 4363 215 4409 cum
240 4363 356 4410 manus
367 4364 436 4410 una
446 4346 547 4428 possit
561 4344 695 4423 moveri,
710 4346 810 4409 altera
822 4345 908 4408 exis-
961 4348 996 4427 li,
1020 4350 1115 4413 sentit
1133 4349 1300 4413 laesionem
1317 4349 1353 4412 in
1365 4347 1510 4431 partibus
1529 4347 1729 4426 distantibus,

136 4454 225 4515 terrie
235 4451 270 4515 in
282 4452 400 4533 quiete,
415 4453 598 4516 animauna
609 4451 761 4516 eteadem
770 4468 907 4519 numero
961 4459 1004 4534 et,
1019 4473 1094 4521 cum
1105 4457 1214 4521 anima
1231 4459 1414 4539 separatur,
1437 4455 1527 4521 dolor
1549 4459 1597 4520 est
1616 4454 1651 4518 in
1664 4454 1731 4518 sin-

137 4558 237 4622 simul
250 4559 399 4641 quiescit,
415 4563 447 4624 et
460 4563 608 4624 movetur
617 4559 795 4623 secundum
809 4557 905 4622 idem.
962 4563 1049 4644 gulis
1062 4563 1222 4645 partibus,
1242 4567 1275 4628 et
1287 4564 1450 4628 resolutio.
1465 4561 1661 4645 Exemplum
1684 4562 1733 4625 si-

181 4670 212 4730 6.
227 4666 317 4747 item,
331 4667 358 4730 si
371 4666 480 4731 anima
492 4667 583 4734 estin
593 4666 742 4750 pluribus
753 4670 829 4745 tota,
843 4683 908 4747 qun
962 4669 1081 4733 militer
1094 4673 1213 4747 movet,
1228 4670 1309 4734 sicut
1318 4670 1394 4734 dicit
1404 4669 1626 4750 Augustinus:
1642 4667 1733 4732 vide·

138 4774 262 4838 ratione
279 4774 315 4837 in
327 4774 441 4854 tribus,
464 4794 503 4840 ea
521 4775 645 4839 ratione
657 4774 691 4837 in
704 4773 861 4857 pluribus,
877 4777 909 4837 et
963 4776 1135 4841 musenim
1149 4777 1235 4859 quod
1249 4776 1284 4840 in
1299 4776 1431 4840 animali
1445 4776 1581 4858 perlecto
1594 4793 1672 4839 seno
1685 4771 1748 4839 est'

137 4881 186 4945 ita
199 4881 235 4944 in
253 4880 398 4962 infinitis,
422 4886 456 4946 et
472 4886 772 4965 quantumcumque
793 4886 908 4948 exten-
962 4901 1031 4948 una
1044 4884 1206 4948 sanitasin
1218 4884 1355 4965 singulis
1368 4882 1534 4966 pertibus,
1553 4901 1613 4947 nec
1628 4885 1733 4965 maq'or

139 4988 235 5053 datur
248 5007 363 5072 corpus
379 5011 386 5053 :
403 5007 482 5072 ergo
494 4990 685 5055 animanata
693 4994 741 5055 est
755 5008 825 5054 esse
833 4989 909 5054 ubi-
962 4991 997 5055 in
1010 4990 1137 5073 mejeri,
1153 5009 1213 5055 nec
1227 4990 1378 5054 minorin
1392 4989 1520 5054 minori.
1534 4987 1568 5054 Si
1580 5007 1660 5071 ergo
1671 4990 1733 5054 hoc

138 5114 215 5179 que,
229 5100 260 5160 el
272 5096 317 5161 its
328 5097 456 5163 videtur
468 5098 555 5181 quod
570 5097 679 5162 anima
689 5115 757 5162 non
768 5097 810 5161 sit
816 5097 908 5162 limi-
963 5102 1010 5162 est
1022 5098 1059 5161 in
1071 5098 1175 5161 torma
1188 5097 1355 5180 corporali,
1371 5099 1493 5179 quanto
1507 5096 1612 5179 magis
1625 5097 1660 5160 in
1671 5095 1733 5179 spi-

138 5203 470 5284 tamsedimmense.
962 5205 1085 5271 rituali!
1101 5204 1207 5271 Movet
1221 5204 1352 5270 rationis
1370 5209 1602 5286 argumentum
1625 5224 1633 5265 ι
1655 5203 1734 5286 quia

179 5316 211 5376 7.
225 5310 551 5393 Item,sitotaanims
562 5314 653 5379 estin
666 5313 910 5378 manusicutin
1566 5315 1568 5320 ’

171 5419 191 5433 ..
297 5419 304 5433 .
616 5422 622 5435 ,
694 5421 700 5435 ,
826 5420 833 5434 ,
996 5367 1261 5432 ¹srisr.‚delatnu‚
1274 5367 1319 5419 lib.
1333 5367 1354 5418 ll
1362 5404 1372 5431 ,
1387 5367 1501 5419 context.
1511 5366 1733 5432 9.-¹dngust.,

137 5418 659 5503 allasparhbwergqcumuta
677 5421 906 5501 srtabamma,
963 5437 1395 5505 effluit.,m.vr,c.u,n.e.
1614 5465 1616 5470 ,
