4100 6300
641 501 682 568 IN
705 503 780 569 LIB.
804 503 828 569 l.
851 499 1174 574 SENTENTIARUM.
1661 526 1699 585 li

100 637 270 721 immisto)
288 639 385 704 mado
395 639 500 704 totalis
514 638 654 703 scientiae
671 663 679 705 :
695 640 751 705 sed
763 638 879 704 modus
928 645 1041 707 menta
1053 660 1119 708 non
1134 644 1260 725 deesse,
1282 646 1355 714 licet
1374 651 1539 734 contingat
1558 658 1701 722 nostram

98 745 297 826 procedendi
314 747 348 811 in
364 764 454 811 sacra
464 745 627 830 Scriptura
635 752 682 812 est
692 747 828 831 typicus,
845 752 878 811 et
931 746 1122 814 industriam
1135 751 1243 819 latere.
1258 775 1274 814 a
1292 752 1390 837 Ergo,
1406 777 1482 824 cum
1500 760 1578 825 tides
1592 769 1701 830 nostra

98 869 160 932 per
175 853 309 917 modum
322 853 533 934 narrationis,
550 872 617 920 non
636 854 875 938 inquisitionis:
931 855 1037 920 credat
1058 860 1253 941 necessaria,
1269 866 1301 926 et
1322 863 1377 929 ilia
1400 864 1538 931 habeant
1563 870 1700 937 rationes

97 977 178 1023 cum
189 978 269 1043 ergo
278 961 581 1046 isteliberpcrtineat
591 962 631 1027 ad
642 981 764 1027 sacram
774 961 877 1046 Scrip-
928 960 1073 1042 latentes,
1087 970 1119 1030 et
1129 967 1205 1032 talia
1217 969 1381 1051 indigeant
1396 978 1647 1055 perscrutatione
1662 985 1700 1045 ut

95 1070 226 1148 turam,
246 1087 313 1133 non
332 1069 425 1134 debet
441 1069 610 1152 procedam
631 1069 833 1152 inquirendo.
929 1072 1128 1154 enodantur,
1153 1078 1239 1158 patet
1269 1080 1356 1161 quod
1382 1083 1497 1147 modus
1517 1093 1699 1168 perscruta·

138 1178 171 1239 5.
189 1174 267 1239 Irmr
287 1176 402 1241 modus
421 1177 539 1259 agendi
558 1176 652 1242 debet
665 1194 733 1242 esse
753 1195 873 1243 conve·
928 1177 1030 1243 torius
1042 1182 1183 1247 maxime
1196 1186 1347 1250 convenit
1358 1187 1435 1252 huic
1446 1192 1597 1258 scientia.

94 1281 193 1346 niens
213 1284 356 1348 materiae
378 1284 417 1350 de
439 1299 504 1370 qua
522 1290 580 1352 est.
605 1283 693 1352 Unde
714 1285 747 1350 in
769 1286 873 1369 primo
969 1284 1065 1369 lanu,
1089 1307 1154 1355 non
1172 1294 1219 1355 est
1237 1294 1354 1376 pejoris
1372 1297 1561 1366 conditionis
1580 1304 1697 1372 veritas

94 1387 457 1457 Etbieamwdicitur:
473 1392 670 1459 «Sermones
691 1394 872 1477 inquirendi
926 1392 1002 1458 iidei
1019 1400 1155 1477 nostrae,
1171 1417 1271 1481 quam
1293 1402 1364 1466 aliae
1384 1406 1561 1474 veritates:
1584 1414 1640 1477 sed
1661 1415 1696 1480 in

89 1500 173 1561 sunt
186 1498 368 1564 secundum
379 1500 556 1566 materiam.
569 1524 586 1562 a
599 1501 660 1568 Sed
672 1502 872 1568 materiebu-
925 1498 1191 1570 aliisveritatibus
1202 1506 1247 1571 ita
1260 1513 1317 1591 est,
1333 1514 1419 1594 quod
1431 1517 1537 1581 omnis
1551 1536 1624 1601 quae
1637 1540 1696 1605 po-

90 1605 147 1685 jus
170 1602 325 1669 doctrinae
343 1611 391 1672 est
410 1607 576 1686 credibile,
600 1614 632 1674 et
655 1610 804 1675 credibile
823 1615 872 1676 est
926 1608 985 1671 teat
998 1627 1056 1690 per
1068 1612 1223 1678 rationem
1236 1615 1432 1700 impugnari,
1448 1628 1550 1705 potest
1563 1631 1593 1690 et
1604 1626 1696 1693 debet

92 1728 196 1793 supra
209 1713 387 1778 rationem:
403 1716 605 1797 ergomodus
614 1718 804 1800 procedendi
813 1737 870 1801 per
924 1732 981 1796 per
994 1717 1152 1784 rationem
1165 1720 1289 1787 delendi
1303 1747 1311 1789 :
1326 1745 1417 1808 ergo,
1433 1732 1501 1812 pari
1513 1734 1647 1817 ratione,
1662 1742 1695 1802 et

91 1818 238 1885 rationes
249 1839 315 1885 non
329 1823 479 1888 convenit
492 1823 571 1888 huic
583 1825 748 1890 doctrinar.
923 1822 1042 1887 veritas
1053 1825 1126 1891 ildei
1140 1836 1268 1896 nostrae.

132 1929 165 1989 θ,
185 1925 264 1992 lm
280 1928 394 1993 modus
408 1930 525 2012 agendi
547 1932 640 1996 debet
659 1952 727 1999 osse
747 1952 868 2002 conve·
963 1928 1060 2009 ITEM,
1075 1942 1209 2004 nonest
1229 1939 1324 2005 modo
1344 1942 1422 2008 fides
1444 1949 1553 2013 nostra
1574 1951 1692 2033 pejoris

92 2032 186 2097 niens
211 2035 270 2098 fini
288 2036 328 2100 ad
348 2055 446 2119 quem
463 2039 629 2105 ordinatur
647 2041 797 2108 seientia:
813 2043 868 2107 sed
922 2038 1120 2122 conditionis
1131 2063 1229 2126 quam
1243 2047 1278 2110 in
1292 2048 1448 2134 principio
1462 2076 1471 2118 ε
1487 2047 1543 2119 sed
1554 2057 1591 2120 in
1604 2059 1691 2140 prin·

91 2138 163 2204 haec
194 2143 347 2221 scientia,
369 2149 408 2210 ut
424 2146 500 2210 dicit
521 2146 674 2229 Magister
693 2150 727 2212 in
744 2149 865 2230 littera,
921 2143 1015 2227 cipit),
1031 2149 1160 2229 ⁴111me
1173 2152 1425 2237 impugnabatur
1438 2162 1581 2243 persalse
1592 2166 1691 2230 mira·

91 2248 264 2315 ordinatur
277 2251 318 2316 ad
333 2252 406 2317 ildei
421 2254 665 2336 promotionem.
688 2255 750 2322 Sed
769 2258 867 2323 ratio-
921 2252 994 2316 cula
1030 2272 1228 2339 magorum,
1263 2262 1492 2332 defendebatur
1521 2289 1579 2353 per
1613 2293 1692 2339 vera

92 2375 149 2421 nes
171 2357 272 2422 iidem
293 2377 360 2423 non
382 2367 589 2442 promovent,
613 2365 668 2429 sed
689 2370 864 2446 evacuant3
920 2364 1104 2428 sanctorum
1124 2387 1131 2430 :
1151 2385 1250 2449 erga,
1270 2388 1345 2446 cum
1366 2375 1461 2439 modo
1481 2376 1691 2462 impugnetur

92 2464 177 2528 unde
196 2463 414 2548 Gregorius¹:
434 2492 449 2530 a
463 2467 557 2534 Fides
576 2472 751 2537 nonhabet
768 2474 866 2537 meri·
919 2468 1063 2549 persalse
1074 2481 1267 2555 argumenta
1279 2478 1516 2562 haereticorum,
1531 2485 1690 2554 debetde-

92 2574 177 2652 tum,
193 2573 250 2637 cui
267 2573 412 2640 humana
425 2577 507 2643 ratio
524 2579 645 2661 praebet
663 2580 866 2663 experimen-
918 2574 1004 2639 tendi
1017 2596 1075 2660 per
1088 2599 1166 2647 vera
1178 2592 1373 2666 argumenta
1385 2589 1562 2658 doctorum.

92 2681 206 2743 tum.»
227 2680 314 2763 Ergo
332 2683 404 2748 talis
425 2684 539 2750 modus
556 2688 767 2752 contrariatur
780 2688 863 2754 lini:
960 2681 1051 2750 RESP·
1075 2687 1115 2752 ad
1140 2698 1381 2772 argumentum.
1403 2695 1580 2766 Dicendum
1603 2705 1689 2786 quod

92 2804 171 2868 ergo
187 2806 258 2853 non
276 2794 324 2854 est
341 2792 542 2858 (paventem,
559 2792 648 2859 Unde
661 2797 693 2860 er
705 2795 864 2881 Hiemny.
918 2790 1034 2856 modus
1056 2799 1322 2875 perscrutatorius
1344 2806 1494 2870 convenit
1514 2807 1592 2874 huic
1614 2810 1689 2876 daa-
1720 2889 1723 2894 ⁵

91 2896 206 2960 mus⁸;
228 2894 352 2978 «Tolle,
367 2899 491 2983 inquit,
506 2906 717 2984 argumenta,
736 2922 812 2968 cum
825 2904 865 2969 de
917 2898 1032 2979 trinae,
1046 2902 1115 2968 sive
1134 2903 1226 2972 libro.
1249 2907 1329 2974 Cum
1344 2913 1432 2976 enim
1451 2914 1526 2979 fiais
1545 2916 1690 3000 imponat

92 3002 153 3068 nde
165 3004 288 3086 agitur,
306 3004 506 3089 pastoribus,
521 3014 554 3074 et
569 3010 777 3094 piscatoribus
795 3030 865 3077 cre.
917 3007 1137 3074 necessitatem
1158 3012 1208 3077 his
1223 3033 1296 3097 quae
1310 3023 1386 3084 sunt
1403 3021 1444 3084 ad
1462 3023 1561 3088 finem
1581 3026 1686 3109 (quia,

94 3110 197 3191 ditur,
213 3131 281 3178 non
296 3113 475 3181 dialecticis.
493 3139 508 3176 a
523 3114 632 3184 Vanus
645 3136 724 3202 ergo
741 3123 773 3185 et
786 3120 863 3186 inu·
917 3112 999 3178 sicut
1010 3115 1085 3181 dicit
1098 3111 1309 3204 Philosophus
1321 3130 1345 3203 ⁷,
1363 3145 1478 3194 «serra
1489 3136 1536 3195 est
1547 3131 1685 3216 dentem,

95 3217 297 3288 misviderur
309 3223 363 3287 hic
376 3224 501 3290 modus,
917 3221 993 3302 quia
1017 3227 1065 3288 est
1093 3226 1133 3290 ad
1160 3230 1350 3313 secandum,
1370 3236 1411 3316 a)
1438 3237 1483 3300 sic
1509 3238 1567 3304 istc
1593 3240 1684 3325 liber,

917 3326 994 3408 quia
1012 3335 1060 3394 est
1077 3331 1117 3396 ad
1130 3337 1364 3416 promotionem
1387 3342 1478 3423 fidei,
1497 3345 1594 3412 babet
1613 3368 1685 3415 mo-

351 3443 549 3511 gppggps
555 3445 610 3512 10,
916 3432 995 3499 dum
1013 3436 1249 3520 inquisitivum.
1269 3444 1382 3512 Modus
1394 3450 1482 3514 enim
1494 3454 1686 3522 ratiocinati·

915 3558 997 3621 vus,
1014 3543 1083 3610 sive
1103 3547 1323 3633 inquisitivus,
1342 3554 1427 3621 valet
1452 3559 1492 3623 ad
1512 3560 1586 3626 ssdei
1607 3582 1685 3646 pro-

915 3650 1111 3733 motionems
1127 3659 1158 3720 et
1171 3656 1233 3723 hoc
1247 3660 1422 3744 tripliciter,
1439 3668 1616 3733 secundum
1624 3671 1686 3736 tria

915 3772 1036 3836 genera
1050 3759 1222 3827 hominum
1238 3783 1247 3829 ε
1262 3768 1393 3850 quidam
1417 3773 1504 3836 enim
1521 3780 1598 3840 sunt
1610 3778 1686 3843 fidei

14 3876 84 3934 isa,-
134 3848 194 3915 Sed
212 3851 491 3921 concamarare
514 3856 603 3922 amai
623 3858 770 3939 pasorali
786 3857 862 3924 red-
915 3863 1112 3947 adversarii;
1132 3871 1263 3953 qrridam
1293 3880 1368 3940 sunt
1391 3878 1426 3942 in
1448 3880 1510 3946 ilde
1543 3882 1683 3968 infirmi,

5 3951 44 3995 Μ
95 3954 388 4027 dererarimemde
401 3977 448 4042 aa,
465 3978 536 4045 quoe
554 3965 592 4030 ia
606 3963 696 4032 eoois
713 3972 771 4045 est,
784 3965 860 4046 fide,
914 3970 1046 4052 quidam
1068 3993 1146 4041 vero
1165 3981 1305 4061 perlecti.

95 4070 124 4132 et
147 4081 211 4148 ape.
239 4066 319 4133 Gom
349 4087 429 4150 ergo
459 4070 553 4135 multi
585 4070 649 4136 sint
679 4073 735 4155 qui
763 4072 860 4137 fldem
954 4077 1067 4145 Modus
1086 4082 1292 4167 inquisitivus
1311 4091 1396 4157 valet
1416 4096 1521 4178 primo
1540 4100 1579 4166 ad
1603 4122 1683 4170 con·

95 4177 229 4239 rosham
243 4173 455 4258 impugnant,
469 4177 582 4260 utique
599 4179 756 4246 rationem
768 4181 807 4245 de
821 4200 860 4246 ea
912 4185 1111 4255 fundendum
1120 4192 1328 4262 adversarios.
1342 4198 1430 4267 Unde
1437 4203 1681 4287 Augustinustz

95 4286 249 4366 poscunt,
270 4284 349 4349 utile
371 4288 403 4350 et
424 4305 609 4370 congruum
630 4291 782 4356 videtur⁵
800 4310 859 4376 per
911 4293 1074 4363 Adversus
1093 4301 1241 4380 garrulos
1261 4305 1515 4391 ratiocinatores,
1538 4315 1682 4384 elatiores

95 4392 226 4458 rationes
237 4412 310 4459 eam
322 4399 475 4478 astruere,
490 4401 523 4463 et
537 4400 856 4484 modoioquisitorio,
911 4403 1017 4485 magis
1032 4423 1131 4488 quem
1154 4410 1352 4493 rapaciores,
1374 4419 1551 4485 rationibus
1571 4425 1681 4492 catho-

96 4499 125 4558 et
135 4499 350 4568 ratiocinando
362 4504 532 4587 procedere
547 4529 554 4571 :
569 4525 662 4590 ergo,
675 4512 735 4574 etc.
910 4510 996 4589 licis,
1010 4517 1043 4576 et
1062 4513 1325 4585 similitudinibus
1344 4527 1497 4606 congruis
1512 4529 1552 4593 ad
1571 4531 1679 4598 delen·

132 4601 215 4686 lma,
231 4606 408 4676 Richardus
420 4612 459 4676 de
472 4617 582 4680 anco
595 4614 720 4682 Victore
729 4616 764 4681 in
772 4616 854 4683 libro
909 4617 1033 4684 sionem
1046 4625 1078 4685 et
1089 4625 1294 4692 assertionem
1307 4629 1398 4710 fidei,
1409 4637 1456 4695 est
1470 4636 1637 4704 utendum.

96 4709 132 4778 da
150 4714 352 4785 anniterer:
371 4717 499 4785 «Credo
512 4721 581 4787 sine
594 4723 703 4805 dubio,
717 4723 757 4789 ad
770 4745 854 4808 quo-
949 4727 1095 4794 Secundo
1102 4730 1186 4795 valet
1194 4734 1234 4798 ad
1242 4734 1579 4809 fovenduminflrmos.
1590 4745 1679 4814 Sicut

96 4821 238 4888 rumlibet
254 4825 510 4908 explanationem
528 4847 657 4896 necesse
674 4835 722 4897 est
734 4831 772 4916 (b)
787 4852 855 4899 non
907 4836 995 4900 enim
1008 4837 1091 4902 Deus
1105 4838 1290 4906 charitatem
1303 4843 1507 4914 intirmomm
1520 4851 1607 4919 fovet
1619 4875 1678 4939 per

95 4927 183 4994 modo
194 4932 378 5014 probabilia,
394 4933 559 5001 sedetiam
570 4939 747 5005 necessaria
758 4960 855 5025 argu·
871 5018 874 5021 Α
909 4944 1062 5009 beneficia
1076 4948 1279 5029 temporalia,
1295 4951 1341 5015 sio
1355 4952 1453 5018 fidem
1472 4956 1677 5030 intirmorum

124 5045 226 5113 ιιιιιι,
239 5049 334 5115 arare,
352 5050 396 5103 lio.
412 5054 441 5116 1,
462 5066 519 5119 cap.
540 5065 588 5121 1113
611 5055 656 5106 ιιι.
678 5057 718 5123 ιι,
738 5071 795 5122 cap.
815 5071 851 5123 ιι,
906 5052 992 5118 foret
1002 5072 1060 5135 per
1073 5059 1265 5134 argumenta
1276 5058 1460 5139 probabilia.
1478 5062 1512 5129 Si
1524 5068 1610 5132 enim
1624 5071 1674 5137 in·

91 5117 120 5235 {·
133 5118 349 5230 ffi⁰”5⁰·;‘¹‘.⁰²⁰·
360 5138 438 5189 '‘⁰¹⁹²‘’
447 5139 472 5176 ⁰·
481 5129 560 5210 ¹:⁸²
570 5129 658 5212 (ποθ’
667 5129 739 5212 acm.
751 5140 815 5183 ΗΠ
825 5132 853 5183 ⁸³³
902 5160 992 5231 firmi
1005 5160 1149 5226 viderent
1171 5162 1309 5229 rationes
1328 5167 1368 5231 ad
1383 5168 1456 5234 ildei
1470 5174 1676 5255 probabilita-

115 5202 183 5255 ναις.
196 5218 228 5232 -
254 5195 370 5258 Hieron,
383 5196 419 5247 ad
436 5198 539 5249 Pontia.
560 5198 591 5250 de
609 5199 661 5251 dra.
677 5199 748 5264 saec,
763 5217 786 5254 c.
804 5215 850 5256 ιιι.

92 5260 136 5297 -⁴
149 5263 300 5332 lrea.,1u‚
319 5271 358 5320 lt.
370 5293 403 5307 ·-
421 5270 527 5337 ulex„
540 5286 568 5337 p.
583 5273 603 5337 Ι,
617 5287 644 5338 q.
659 5285 696 5339 ιι,
710 5277 806 5328 memb.
818 5279 848 5342 3,
906 5289 953 5339 art.
965 5288 1022 5337 ι,-
1035 5285 1138 5349 taich„
1146 5285 1190 5338 lib.
1201 5288 1258 5351 i‚c.
1271 5300 1307 5353 rr,
1317 5288 1386 5345 cirea
1396 5294 1545 5361 princip·
1559 5299 1569 5334 ⁷
1585 5303 1673 5373 Arist,

124 5341 156 5407 (a)
169 5344 198 5394 ld
213 5348 647 5419 eet,conlormis.-(b)Ed.Lapd.
660 5359 849 5419 est;coet.edit.
905 5360 943 5410 De
961 5362 1030 5423 part.
1050 5358 1168 5422 manat,
1193 5358 1238 5412 lib.
1258 5362 1268 5411 Ι
1277 5398 1286 5426 ,
1312 5377 1335 5414 c.
1357 5376 1389 5430 ι,
1412 5366 1495 5433 Alex,
1516 5371 1561 5422 ubi
1586 5389 1672 5442 supra.

98 3603 187 3662 hodia
197 3605 360 3680 procederat
372 3610 402 3665 iu
417 3608 497 3667 tibris
508 3608 708 3668 Sententiamm
723 3610 865 3669 detersae

358 3702 534 3773 inquisitius
553 3704 596 3776 (a).

97 5418 338 5541 Μῖθίὲξΐὶωιιιι
348 5420 851 5495 iste‚relquisqucmolius,nonlsgitnr
903 5429 961 5469 -θ
976 5432 1094 5496 August,
1113 5431 1150 5482 De
1169 5431 1270 5498 Triste,
1285 5433 1328 5488 lib.
1348 5437 1359 5486 t
1369 5473 1381 5501 ,
1399 5451 1422 5490 c.
1443 5450 1491 5506 ιιι,
1513 5447 1599 5508 quoad
1617 5463 1672 5501 sen.

92 5494 185 5539 mcc.
227 5490 253 5542 't
905 5516 972 5555 sum.

1473 5610 1493 5672 S
