4100 6300
538 1185 969 1339 srurus
1048 1191 1702 1399 opiscopus

907 1482 1044 1563 annuus
1064 1517 1259 1564 suavorum
1279 1517 1338 1563 nar

594 1712 766 1781 UNllllllttllS
783 1715 1041 1783 tartaronibus
1060 1718 1242 1785 FRATRIBUS
1260 1718 1394 1785 NOSTRIS
1410 1718 1632 1785 pinnacula,

321 1835 531 1916 admittatis,
547 1836 816 1908 ambulatorio,
830 1842 1005 1909 nutatura,
1020 1845 1062 1909 ET
1077 1845 1221 1911 brittus
1234 1845 1331 1911 FlLllS
1344 1844 1491 1911 llllltllll
1508 1844 1727 1911 nonnusuauu
1743 1845 1914 1912 ramirus

709 1970 772 2035 rna
783 1968 972 2037 UlllllllltSllll
985 1971 1164 2039 Tllltltlltllll
1179 1972 1287 2039 Oltblill
1301 1971 1520 2039 mostubus,

661 2202 844 2251 mm
865 2204 917 2251 m·
937 2202 1209 2255 fflffl'oucffl
1231 2205 1570 2257 ΙΜΟἮΟΙΣΙ.

1046 2489 1181 2501 ἡ

365 2793 613 2885 Triumphantis
623 2771 828 2864 Hierusalem
838 2794 978 2885 gloriam
986 2794 1231 2882 sempiternam,
1242 2800 1275 2862 et
1285 2792 1482 2862 Sanctorum
1495 2813 1571 2859 cum
1585 2789 1715 2860 Christo
1726 2790 1917 2863 felicissime

320 2928 529 3019 regnantium
543 2952 716 3023 nunqnam
728 2939 959 3001 marcescentes
968 2952 1104 2999 coronas
1116 2952 1192 2998 cum
1202 2928 1325 3019 gaudio
1337 2928 1504 2997 admirans
1514 2933 1624 2995 sancta
1637 2926 1741 2995 Mater
1754 2927 1914 3014 Ecclesia,

319 3064 426 3134 adhuc
439 3065 474 3133 in
487 3066 582 3134 terris
594 3066 758 3156 militans,
780 3067 821 3135 ad
836 3066 984 3136 eamdem
997 3088 1076 3137 vero
1089 3086 1243 3135 coronam
1258 3063 1395 3156 justitiae
1409 3064 1582 3144 testinans,
1603 3061 1710 3130 Deum
1727 3060 1763 3129 in
1783 3061 1916 3131 Sanctis

317 3201 385 3269 suis
399 3201 584 3270 mirabilem
598 3202 774 3294 praedicare
797 3226 865 3272 non
877 3210 988 3272 cessat.
1011 3201 1079 3272 Nec
1095 3225 1172 3273 vero
1191 3201 1337 3291 insignes
1356 3208 1486 3269 tantum
1505 3199 1675 3286 victorias,
1698 3205 1730 3267 et
1752 3198 1916 3291 praeelara

318 3335 515 3407 Sanctorum
533 3338 650 3407 merita
667 3337 796 3407 eximiis
814 3337 969 3406 laudibus
981 3337 1143 3424 celebrat,
1168 3338 1224 3408 sed
1243 3337 1372 3406 eosdem
1391 3335 1545 3420 sanctos,
1566 3356 1649 3426 quos
1665 3334 1753 3402 Deus
1773 3334 1918 3404 mirifice
1979 3423 1981 3427 Ι

317 3471 530 3558 honorificat,
549 3471 620 3566 ipsa
635 3497 768 3566 quoque
782 3472 835 3565 pie
848 3480 1044 3559 veneratur,
1060 3474 1187 3542 accolit
1205 3499 1212 3541 :
1238 3495 1383 3567 quorum
1397 3471 1558 3540 nimirum
1573 3469 1803 3562 praedicatione
1824 3470 1919 3539 salu·

319 3605 447 3697 tarique
468 3607 615 3677 doctrina
644 3607 812 3693 instituta,
835 3607 997 3696 sanguine
1024 3607 1179 3694 lundata,
1209 3605 1396 3675 illustribus
1417 3605 1585 3674 charitatis
1607 3606 1781 3697 operibus,
1811 3615 1917 3700 atque

318 3741 475 3833 exemplis
488 3740 642 3829 educata,
664 3739 866 3810 ferventibus
883 3741 1019 3809 illorum
1034 3740 1122 3833 apud
1136 3741 1243 3809 Deum
1257 3740 1408 3832 precibus
1422 3739 1570 3832 quotidie
1583 3739 1771 3831 adjuvatur.
1787 3739 1920 3822 Quam-

318 3877 432 3945 obrem
445 3876 681 3965 debitisetiam,
695 3877 914 3968 congruisque
923 3876 1105 3946 honoribus
1119 3875 1299 3968 unicuique
1313 3874 1510 3944 Sanctorum
1521 3873 1714 3963 singulatim
1728 3873 1920 3943 tribuendis

319 4013 361 4082 ad
374 4012 513 4082 coelestis
528 4010 621 4081 illius
637 4011 838 4081 Hierarohiae
847 4064 857 4099 ,
883 4012 941 4081 ubi
961 4012 1074 4082 omnia
1088 4012 1125 4080 in
1142 4010 1300 4079 charitate
1317 4011 1459 4103 perlecta
1477 4009 1628 4110 ordinata
1637 4006 1739 4096 sunt,
1759 4031 1919 4077 normam

319 4156 418 4240 atque
433 4146 611 4237 imaginem
625 4169 693 4215 sese
707 4143 930 4233 conformare,
949 4156 1113 4241 quantum
1126 4146 1260 4238 quidem
1274 4146 1311 4214 in
1324 4145 1425 4237 hujus
1438 4117 1666 4238 praetereuntis
1680 4146 1797 4216 mundi
1812 4147 1921 4216 exilio

319 4418 474 4489 omnibus
491 4416 660 4485 cumulata
676 4415 792 4501 domo,
809 4417 994 4486 mansiones
1013 4418 1127 4486 multae
1141 4425 1240 4504 sunt,
1259 4425 1291 4487 et
1313 4417 1416 4487 beatae
1435 4417 1502 4485 illae
1526 4418 1644 4494 anima
1665 4417 1750 4487 mira
1768 4418 1921 4509 quadam

318 4552 473 4622 varietate
493 4551 595 4621 unius
607 4549 722 4640 gloriae
741 4550 945 4619 beatitudine
967 4551 1208 4643 perfruuntur:
1230 4550 1276 4619 sic
1298 4551 1467 4621 Catholica
1486 4550 1649 4639 Ecclesia,
1674 4575 1750 4645 quae
1771 4552 1922 4621 caelestis

317 4688 409 4756 illius
425 4686 549 4776 effigies
561 4694 626 4774 est,
648 4657 686 4753 ut
703 4692 883 4753 castrorum
901 4685 987 4754 acies
1005 4686 1173 4774 ordinata,
1199 4686 1235 4755 in
1248 4687 1458 4756 veneratione
1477 4686 1606 4755 Sanctis
1624 4686 1684 4756 Dei
1701 4686 1896 4757 adhibenda
1906 4739 1916 4774 ,

318 4837 425 4891 sacros
438 4821 514 4892 illos
525 4818 782 4927 ordinesdivino
795 4818 960 4888 illustrata
971 4818 1100 4888 lumine
1113 4820 1279 4911 agnoscit,
1300 4829 1399 4916 atque
1411 4821 1595 4911 distinguit.
1614 4822 1730 4913 ltaque
1744 4822 1826 4890 dum
1844 4823 1922 4911 glo·

318 4955 443 5024 riosum
460 4952 862 5046 Apostolorumchorum,
878 4952 959 5022 dum
979 4953 1221 5047 Prophetarum
1238 4955 1441 5025 laudabilem
1457 4978 1655 5042 numerum,
1680 4956 1761 5025 dum
1774 4955 1923 5025 tortissi·
2047 4975 2048 5006 t

2047 3859 2048 3930 l

318 4285 406 4370 licet,
417 4276 558 4351 manime
569 4281 687 4350 studet.
702 4280 787 4349 Nam
799 4281 1078 4372 quemadmodum
1090 4281 1126 4349 in
1136 4304 1256 4370 magna
1267 4281 1326 4350 illa
1337 4281 1460 4350 summi
1473 4281 1922 4376 Patrislamilias,bonisque

2047 4927 2048 4968 t

2047 5013 2048 5078 l

319 5112 450 5159 morum
464 5088 648 5179 Martyrum
660 5087 775 5157 laudat
787 5087 986 5176 exercitum,
1002 5093 1193 5183 caeterisque
1208 5090 1336 5160 Sanctis
1348 5114 1409 5162 sno
1422 5091 1506 5179 loco,
1522 5100 1554 5160 et
1566 5090 1681 5161 ordine
1695 5091 1756 5161 rite
1769 5090 1925 5161 honores

317 5224 433 5311 desert,
449 5222 484 5292 in
494 5245 563 5292 uno
575 5220 741 5290 charitatis
754 5221 884 5314 spiritu,
900 5230 933 5292 et
946 5224 1110 5293 consimili
1123 5227 1187 5318 piae
1202 5226 1385 5296 devotionis
1397 5225 1515 5294 affectu
1530 5226 1756 5319 multipliciter
1770 5228 1920 5297 exultat.
1981 5207 1984 5212 ¹

317 5359 493 5429 interillos
504 5381 582 5428 vero
594 5355 798 5427 beatissimos
812 5356 1008 5428 Sanctorum
1020 5360 1148 5447 choros,
1164 5384 1308 5455 quorum
1322 5359 1481 5430 memoria
1495 5383 1515 5428 a
1527 5360 1652 5430 cunctis
1665 5359 1822 5429 fidelibus
1838 5361 1924 5431 reli-

318 5495 410 5584 gioso
418 5494 510 5563 cultu
521 5490 638 5563 merito
647 5488 842 5578 celebratur,
853 5491 976 5582 insigni
984 5495 1158 5588 splendore
1167 5497 1274 5566 elucet
1285 5504 1476 5567 sanctorum
1489 5495 1667 5566 Doctorum
1677 5495 1758 5567 ordo
1770 5519 1790 5565 a
1804 5496 1922 5567 Paulo
