4100 6300
697 547 885 617 DISTINCT.
906 546 1040 615 mlv.
1619 544 1677 606 stt

59 678 69 744 ’ἶ
133 696 163 757 3.
176 691 226 756 Ad
238 690 318 755 illud
337 690 423 773 qnod
441 689 599 771 objiciam
613 688 699 771 quod
719 688 789 751 haee
810 689 858 751 est
911 688 1045 767 generat
1060 707 1068 749 :
1084 707 1101 745 n
1116 684 1171 750 sed
1183 687 1261 749 tune
1280 700 1346 747 non
1362 680 1526 763 seqnitur:
1545 676 1679 743 «Gene-

94 818 188 865 rera:
202 798 387 863 «Generaus
399 799 446 862 est
456 796 640 880 paternitas3
655 819 670 855 n
688 795 857 860 dieendum
911 795 992 859 rstio
1002 797 1149 876 generat3
1164 813 1180 853 a
1197 794 1263 856 imo
1276 794 1323 855 est
1336 790 1382 854 ihi
1397 788 1550 852 accidens.

60 948 63 953 ·
94 907 177 990 qnod
190 905 524 988 generanssubjieitur
533 906 656 969 ratione
668 903 855 986 hypostasis,
951 906 981 965 t.
1012 902 1060 965 Ad
1080 901 1159 965 illud
1181 899 1266 982 qnod
1287 897 1446 980 objicitur,
1471 895 1557 976 quod
1582 912 1674 976 repu-

24 1025 26 1032 ’
95 1020 125 1078 θῖ
148 1014 193 1077 ita
217 1016 344 1076 notetur
360 1011 540 1094 pradicatio
559 1030 615 1094 per
635 1011 854 1075 identitatem:
912 1009 1046 1091 guantia
1064 1027 1131 1072 non
1151 1007 1192 1070 sit
1203 1006 1263 1085 ihi;
1286 1003 1456 1070 dicendum
1474 1001 1559 1085 qnod
1574 1002 1619 1065 ihi
1632 1005 1678 1065 est

95 1122 148 1186 sed
183 1139 257 1185 cnm
301 1119 517 1202 predicatur,
548 1118 702 1200 accipitur
735 1118 857 1181 ratione
912 1116 1255 1200 repugnantiaaparte
1268 1113 1353 1177 modi
1367 1111 1564 1192 intelligendi
1578 1127 1586 1171 τ
1602 1128 1678 1173 nam

39 1296 53 1315 X„
93 1229 204 1291 iormae
229 1248 237 1291 :
259 1226 330 1290 ideo
351 1230 496 1289 mutatur
517 1226 631 1289 modus
649 1224 855 1307 accipiendi:
912 1224 1000 1288 notio
1012 1242 1077 1288 non
1090 1222 1272 1286 denominat
1285 1221 1346 1285 nisi
1356 1219 1554 1303 suppositum
1572 1241 1578 1281 :
1594 1218 1679 1281 nude
1730 1234 1734 1241 ·

94 1335 162 1399 ideo
182 1353 248 1399 non
270 1335 425 1416 sequitur.
447 1332 481 1397 Si
501 1338 607 1397 tamen
627 1332 858 1413 intelligeretur
912 1331 982 1395 talis
993 1331 1108 1395 modus
1118 1348 1184 1393 non
1193 1331 1341 1393 convenit
1354 1327 1484 1392 notioni.
1496 1324 1585 1389 Unde
1598 1325 1680 1388 sicut

30 1442 42 1521 j
51 1426 60 1451 ⁸
92 1443 213 1505 ratione
223 1442 376 1525 suppositi
391 1441 567 1523 predicari,
582 1459 659 1503 vera
671 1444 769 1503 esset:
780 1445 858 1504 tune
912 1438 1152 1503 necesitate:
1166 1434 1487 1513 «Albedoestelham
1503 1432 1548 1496 sie
1560 1433 1595 1495 in
1604 1450 1678 1515 pro-

92 1549 178 1613 enim
199 1555 280 1614 esset
301 1568 435 1613 sensns:
455 1547 657 1612 «Paternitas
672 1550 719 1611 est
735 1547 855 1628 illeqni
912 1548 1014 1629 posito
1030 1550 1076 1610 est
1087 1545 1341 1626 intelligendum.

584 1817 946 1913 DlSTlNCTIO
979 1817 1194 1913 XXXIV

28 2108 43 2115 -
89 2046 188 2092 DOCET
212 2045 315 2091 tntum
336 2045 502 2109 molstus,
525 2046 606 2101 QUOD
628 2046 762 2101 Quemvis
783 2046 914 2091 nicetus
935 2045 998 2091 UNA
1019 2045 1160 2092 ttssttrt'rlt
1183 2045 1277 2091 TRIUM
1298 2044 1512 2109 tmontutnt,
1537 2046 1576 2091 ΕΤ
1605 2044 1679 2092 tuns

23 2186 28 2225 3
136 2151 280 2199 PERSONAE
303 2153 391 2198 ustus
413 2153 581 2218 ESSENTIAE,
605 2154 668 2200 NON
696 2154 816 2201 ntctTtJe
837 2153 941 2199 'rtnntt
972 2153 1051 2200 UNUS
1071 2154 1148 2199 DEUS
1169 2137 1264 2198 inunt
1286 2152 1499 2216 ressontium,
1524 2152 1582 2197 ttttc
1604 2152 1679 2198 tuns

47 2312 50 2317 ¹
135 2260 279 2306 PERSONAE
300 2261 391 2306 tintus
413 2262 473 2308 DEI.
498 2239 545 2307 Et
565 2264 660 2309 SUPRh
683 2262 772 2307 DICTA
794 2260 826 2306 itt
848 2260 992 2306 teduinus
1013 2228 1279 2307 msrtrtct'tottmtts'
1295 2259 1487 2306 eonctttmtns
1515 2259 1568 2304 ΑΠ’
1600 2258 1679 2312 QUOD

135 2369 309 2414 ATrlttttttTA
336 2369 376 2413 ntt
403 2368 462 2413 utto
489 2370 637 2417 DICUNTUR
663 2340 821 2415 SECUNDUM
853 2367 1061 2413 sttttsTAttmtt
1072 2397 1082 2431 ,
1112 2367 1215 2414 EORUM
1242 2367 1347 2414 TAMEN
1376 2367 1508 2421 QUAEDAM
1538 2364 1679 2412 thesonis

133 2474 402 2540 Arruoentntt'rtttt,
430 2478 470 2522 st
491 2477 586 2524 notus
613 2476 880 2524 seenotmmottls
903 2474 1058 2521 ttmotttttt
1086 2474 1250 2538 Asststttt,
1282 2475 1388 2522 Dlihsslhi
1410 2474 1448 2520 DE
1474 2472 1591 2519 NOMINE
1621 2473 1680 2520 ΗΟ·

134 2581 289 2648 HOUSION,
313 2584 353 2628 Ac
373 2582 536 2631 NOMINIBUS
557 2584 785 2631 natussum-s,

32 2861 34 2869 γ
133 2764 307 2835 Praedictis
324 2774 435 2835 autem
463 2767 683 2858 adjiciendum
709 2776 780 2853 est,
805 2768 1053 2860 quodquidam
1075 2769 1218 2860 perversi
1238 2791 1352 2838 sensus
1373 2767 1523 2836 homines
1544 2768 1581 2835 in
1605 2774 1678 2834 tan-
1718 2787 1786 2858 eme

24 2870 46 2980 ἰ’
87 2888 158 2949 tem
171 2880 387 2974 prosilierunt
408 2883 591 2970 insaniam,
608 2890 645 2952 nt
657 2882 801 2952 dicerent
820 2906 887 2952 non
909 2885 997 2954 idem
1020 2907 1088 2954 esse
1110 2892 1263 2953 usturam
1276 2884 1352 2970 Dei,
1365 2892 1397 2952 et
1409 2905 1594 2975 personam,
1609 2883 1677 2950 sive
1691 2850 1797 3016 sigeia

1716 2987 1723 3015 Ι
1740 2986 1774 3015 0OE

23 3008 33 3101 Ἰ
85 2997 311 3089 hypostasim,
334 2997 477 3067 dieentes
490 2998 637 3066 eamdem
651 2999 823 3068 essentiam
839 3023 907 3069 non
920 3024 1012 3092 posse
1025 3023 1094 3070 esse
1107 3001 1239 3070 Patrem
1253 3010 1285 3069 et
1296 3000 1421 3069 Filium
1441 3000 1511 3068 sine
1526 3021 1678 3092 persona·
1692 3047 1739 3079 w
1746 3035 1797 3078 pe„

27 3195 32 3204 ¹
85 3136 167 3184 rum
190 3115 393 3185 confusione.
415 3114 451 3185 Si
473 3115 577 3203 euim,
593 3116 772 3207 inquiunt,
791 3140 830 3186 ea
847 3117 1007 3200 essentis,
1022 3141 1098 3211 quae
1117 3119 1215 3188 Pater
1236 3126 1300 3204 est,
1316 3125 1364 3186 est
1382 3116 1499 3204 Filius,
1515 3115 1602 3185 idem
1616 3115 1678 3183 sibi
1692 3110 1798 3204 ffig„

24 3308 34 3328 „
84 3231 189 3301 Peter
201 3238 262 3317 est,
278 3240 311 3300 et
323 3231 439 3300 Filius.
458 3230 496 3300 Si
508 3232 591 3301 hene
604 3255 674 3301 rem
691 3233 771 3301 dicis
783 3256 850 3302 esse
863 3234 1007 3323 Patrem,
1020 3235 1121 3304 eliam
1131 3257 1242 3327 qnaere
1252 3258 1352 3327 qnam
1366 3233 1454 3302 dicas
1464 3256 1531 3301 esse
1540 3233 1674 3300 Filium.
1692 3221 1796 3327 {mg}

23 3341 29 3429 J
84 3345 124 3416 si
143 3370 229 3418 vero
242 3347 341 3415 aliem
354 3369 420 3416 non
434 3348 624 3438 quesieris,
638 3349 694 3417 sed
708 3349 855 3417 eamdem
869 3350 1011 3434 dixeris,
1027 3351 1113 3419 idem
1132 3350 1247 3440 gennit
1267 3357 1299 3419 et
1317 3350 1448 3439 genitus
1467 3356 1525 3417 θεῖ.
1542 3348 1679 3440 Propter
1692 3350 1800 3451 &a

84 3464 161 3533 haec
175 3472 210 3532 θῖ
223 3463 426 3554 hujusmodi,
441 3463 526 3533 inter
541 3473 694 3534 naturam
707 3474 740 3533 et
754 3489 925 3556 personam
938 3466 1113 3551 dividunt,
1129 3468 1174 3535 ita
1195 3475 1312 3535 utnon
1325 3466 1484 3557 recipiant
1497 3486 1597 3532 uuam
1610 3464 1678 3532 dei·
1697 3470 1799 3588 ἕξζῖζοῗ

24 3654 26 3657 .
84 3580 167 3649 tatis
181 3586 335 3647 naturam
349 3587 381 3647 et
392 3579 572 3670 simplicem
588 3602 655 3648 esse
669 3589 734 3648 tres
749 3604 909 3672 personas.
927 3583 1030 3675 quue
1043 3583 1227 3652 testimonio
1240 3581 1357 3651 Hilarii
1372 3581 1544 3650 defendere
1565 3581 1678 3648 uitnn·
1699 3606 1788 3700 ἓξὲξ

84 3703 158 3782 tur,
176 3695 285 3786 quiin
299 3703 411 3764 octavo
425 3695 510 3763 libro
532 3695 572 3764 de
597 3697 758 3766 Trinitate
780 3705 801 3785 ¹,
825 3721 977 3790 quaerens
1006 3708 1120 3769 utrum
1136 3700 1312 3791 Apostolus
1328 3698 1480 3791 spiritum
1499 3699 1559 3767 Dei
1572 3719 1677 3766 noun-
1691 3719 1798 3791 “fiflll'

24 3858 25 3861 =
81 3835 189 3898 nans,
205 3818 238 3880 et
250 3810 402 3901 spiritum
415 3810 545 3895 Christi,
560 3812 648 3881 idem
661 3813 894 3901 significaverit
909 3824 1047 3908 utraque
1061 3817 1172 3903 verbo,
1184 3816 1292 3908 inquit
1302 3816 1349 3884 ite
1364 3841 1371 3882 :
1391 3843 1408 3882 a
1421 3815 1577 3884 Gentium
1590 3814 1679 3885 Prae-
1692 3785 1802 3884 ciffi

81 3929 218 3997 dicator
232 3928 345 3997 volens
357 3936 484 3997 netnrae
507 3930 666 3997 unitatem
688 3930 724 3997 iu
738 3931 834 3998 Patre
848 3940 880 3999 et
893 3931 978 4000 Filio
991 3933 1117 4017 docere,
1133 3933 1179 4001 ait
1201 3957 1209 4000 ε
1225 3932 1368 4024 Spiritus
1389 3932 1451 4000 Dei
1463 3932 1500 4000 in
1513 3931 1602 3999 vobis
1616 3944 1674 3999 est.
1693 3910 1745 3951 '¹²¹⁰'

23 4080 26 4101 2
81 4046 124 4114 Si
139 4046 217 4138 quis
227 4057 337 4113 autem
351 4046 505 4136 spiritum
523 4045 648 4115 Christi
660 4070 727 4115 non
740 4045 851 4128 habet,
866 4048 920 4116 tic
932 4071 1000 4115 non
1015 4060 1063 4117 est
1076 4049 1158 4139 ejus.
1173 4049 1212 4116 St
1225 4060 1337 4116 autem
1349 4049 1493 4139 Spiritus
1512 4047 1604 4138 ejus,
1622 4048 1678 4137 qui

24 4190 25 4197 ¹
81 4163 268 4231 suscitavit
280 4165 391 4230 desum
404 4169 428 4246 ¹,
444 4169 504 4230 etc.
523 4161 717 4253 Spirituales
730 4186 842 4232 omnes
855 4187 982 4249 sumus,
998 4166 1025 4232 si
1039 4165 1076 4232 in
1089 4164 1182 4232 nobis
1196 4171 1245 4232 est
1259 4164 1317 4232 Dei
1333 4164 1468 4254 spiritus
1483 4188 1491 4230 :
1507 4162 1563 4232 sed
1579 4173 1611 4231 et
1624 4164 1677 4232 hie

24 4308 26 4321 ·
82 4279 231 4371 spiritus
242 4276 302 4346 Dei
315 4286 375 4363 est,
390 4285 422 4345 et
434 4278 568 4368 spiritus
580 4278 712 4345 Christi.
727 4279 767 4346 Et
781 4301 856 4346 enm
869 4279 990 4348 Christi
1003 4280 1137 4372 spiritns
1150 4280 1186 4347 in
1199 4279 1294 4347 nobis
1316 4287 1385 4364 est,
1400 4279 1470 4369 ejus
1487 4279 1622 4370 spiritus
1642 4280 1678 4350 in

23 4408 26 4427 ³
83 4394 192 4464 nohis
213 4403 278 4478 est,
293 4395 373 4484 quia
393 4393 561 4461 suscitavit
573 4393 750 4462 Christum.
765 4394 894 4463 Etcum
907 4394 999 4486 ejus,
1019 4396 1079 4487 qui
1099 4395 1267 4464 suscitavit
1280 4394 1445 4464 Christum
1463 4396 1498 4462 in
1520 4395 1615 4464 nobis
1632 4404 1680 4466 est

81 4509 241 4603 spiritus,
256 4517 288 4577 et
302 4509 437 4600 spiritns
449 4510 485 4577 in
498 4510 593 4579 nobis
608 4518 656 4578 est
668 4510 799 4597 Christi,
816 4534 874 4579 nee
885 4522 994 4580 tamen
1008 4535 1075 4581 non
1089 4512 1148 4580 Dei
1162 4520 1210 4580 est
1222 4513 1367 4603 spiritns,
1382 4512 1490 4604 quiin
1508 4512 1603 4580 nohis
1617 4520 1676 4582 θεῖ.

81 4626 249 4693 Discerne
265 4647 358 4714 ergo,
375 4647 395 4693 o
414 4625 575 4711 haeretice,
595 4626 746 4717 spiritum
761 4626 913 4695 Christis
929 4628 1047 4719 spiritu
1060 4628 1138 4716 Dei,
1155 4635 1187 4695 et
1199 4628 1330 4696 excitati
1344 4650 1364 4695 a
1378 4628 1517 4696 mortuis
1527 4627 1678 4717 spiritum

81 4739 218 4811 Christi
237 4763 258 4808 a
279 4741 396 4831 spiritu
413 4741 473 4809 ttei
492 4740 659 4809 Christum
680 4764 700 4809 a
720 4742 857 4810 mortuis
879 4743 1067 4828 excitantis,
1083 4766 1159 4811 cum
1174 4743 1233 4835 qni
1248 4743 1373 4812 habitat
1388 4742 1423 4810 iu
1437 4743 1532 4811 nobis
1545 4741 1680 4833 spiritns

81 4855 238 4944 Christi,
255 4858 389 4948 spiritus
409 4857 468 4926 Dei
489 4857 551 4942 sit,
567 4864 600 4925 θῖ
620 4857 754 4946 spiritns
773 4857 893 4926 Christi
911 4881 931 4926 a
953 4860 1092 4929 mortuis
1107 4859 1237 4926 excitati
1254 4858 1389 4949 spiritus
1407 4858 1467 4925 Dei
1488 4865 1617 4925 tantum
1640 4858 1682 4925 sit

80 4971 264 5041 Christum
277 4994 297 5039 a
310 4972 448 5040 mortuis
460 4973 640 5041 excitantis.
657 4972 697 5040 Et
712 4995 824 5063 quaero
844 4996 933 5042 nnnc
942 5026 952 5060 ,
967 4974 1001 5042 in
1016 4973 1140 5065 Spiritu
1158 4974 1216 5042 Dei
1229 4981 1343 5042 utrum
1367 4983 1536 5058 naturam,
1553 4995 1596 5043 an
1609 4996 1680 5043 rem

82 5096 225 5157 natnrae
244 5087 459 5176 significatam
479 5088 653 5157 existimes.
677 5088 750 5157 Non
771 5098 819 5157 est
832 5092 920 5158 enim
933 5091 1020 5159 idem
1033 5101 1154 5160 natura
1167 5143 1176 5176 ,
1190 5090 1278 5182 qnod
1293 5113 1345 5159 res
1358 5099 1498 5176 naturae,
1513 5090 1597 5159 sient
1611 5113 1678 5161 non

80 5205 186 5274 idem
205 5211 254 5271 ‘est
274 5202 393 5289 homo,
409 5211 441 5271 et
462 5203 551 5296 qnod
573 5204 716 5272 hominis
733 5213 801 5291 est,
817 5227 876 5273 nec
898 5206 986 5275 idem
1009 5216 1057 5275 θεῖ
1081 5206 1184 5295 ignis,
1200 5215 1232 5275 et
1255 5206 1343 5298 qnod
1358 5207 1462 5298 ipsius
1475 5206 1560 5295 ignis
1572 5214 1632 5293 θεῖ,
1648 5215 1681 5275 θῖ

80 5318 280 5390 seeundum
298 5319 358 5388 hoc
371 5342 438 5388 non
459 5330 507 5388 est
520 5320 606 5388 idem
620 5320 724 5407 Dens,
740 5328 773 5389 et
785 5321 874 5412 qnod
886 5322 946 5392 Dei
959 5331 1016 5390 est.
1042 5349 1058 5387 o
1076 5322 1185 5414 Hujus
1205 5321 1282 5391 dicti
1295 5323 1459 5392 occasione
1473 5321 1599 5414 praeisti
1613 5323 1677 5394 ha-
1738 5397 1742 5404 ,

123 5533 241 5598 ¹ffiter,
253 5533 283 5585 αθ
297 5535 396 5597 restet,
410 5534 455 5586 no,
465 5536 540 5599 vni,
554 5536 631 5600 pano
644 5539 704 5587 ante
714 5536 782 5587 mea
792 5510 932 5601 -tu'om,
942 5546 999 5601 nn,
1015 5542 1054 5590 n.
