4100 6300
586 462 685 527 nist.
705 461 796 527 XXV.
817 461 908 528 ΛΒΤ.
930 462 955 527 l.
978 459 1127 568 QUAEST.
1150 461 1191 525 ll.
1633 468 1693 528 40¹1

101 599 215 664 stantia
232 598 411 676 individua,
426 597 509 662 εἰεθῖ
521 596 595 662 dicit
611 595 739 661 Boetius
755 619 763 659 ι
778 614 868 679 ergo,
922 595 1084 676 Similiter,
1108 596 1136 660 si
1148 611 1287 679 perram
1300 593 1443 676 ejusdcm
1456 594 1604 676 generis,
1619 600 1696 661 tunc

101 707 182 771 sicut
196 711 242 770 θεῖ
256 706 295 788 (αῖ
311 706 464 788 nugatio,
483 705 510 768 si
524 705 681 769 diceretur
700 705 799 769 homo
820 723 869 769 ra-
922 722 1001 785 ergo
1022 704 1121 768 intrat
1138 700 1321 781 θεεθθῖίθῑθ,
1344 703 1376 764 θῖ
1389 719 1456 765 non
1477 700 1553 765 dicit
1574 704 1694 785 totam,

100 814 245 894 tionalis,
267 814 312 878 sic
340 816 429 878 etin
458 812 608 896 praedicta
635 812 861 877 notificatione.
921 830 998 876 cum
1019 811 1060 875 sit
1081 828 1155 894 pars
1174 808 1482 891 dilllnitioniszergo
1502 827 1628 875 necesse
1647 817 1695 877 θεῖ

101 921 260 999 Quaeritur
272 940 351 1004 ergo
364 923 477 985 utrum
489 920 551 985 hoc
565 937 694 999 nomen,
710 919 868 986 Substan—
920 919 1003 985 illud
1022 920 1108 1002 quod
1131 917 1303 1002 apponitur
1314 916 1437 999 aliquid
1450 917 1565 982 addere
1578 937 1692 984 secun·

100 1031 161 1109 tio,
173 1033 233 1093 stet
244 1048 302 1112 pro
312 1027 489 1107 communi,
511 1027 564 1091 vel
579 1046 638 1109 pro
652 1027 826 1110 hypostasi.
921 1029 1000 1092 dum
1011 1046 1080 1092 rem
1097 1046 1106 1091 ε
1122 1031 1153 1091 et
1166 1027 1210 1090 ita
1226 1025 1293 1090 sive
1306 1025 1341 1089 in
1352 1028 1456 1104 recto,
1471 1024 1539 1090 sive
1559 1026 1594 1090 in
1610 1028 1693 1092 ohli-

137 1141 169 1199 t.
193 1136 289 1215 Item,
309 1135 439 1200 videtur
462 1153 530 1200 esse
553 1153 620 1199 non
642 1135 866 1200 convertibilis.
920 1155 1001 1219 quo,
1019 1154 1147 1200 necesse
1166 1137 1214 1199 est
1232 1134 1336 1199 dicere
1357 1134 1634 1216 aggregationem.
1654 1137 1694 1202 Et

99 1243 181 1310 Nam
200 1245 308 1309 anima
327 1245 467 1309 hominis
489 1249 537 1309 est
557 1248 683 1309 naturae
705 1244 869 1309 rationalis
920 1249 1087 1329 propterea
1102 1242 1272 1308 dicendum
1293 1242 1395 1322 aliter,
1409 1243 1495 1324 quod
1517 1243 1587 1307 haec
1599 1246 1691 1324 ratio,

97 1350 273 1415 substantia
281 1351 466 1416 individua:
482 1369 573 1434 ergo,
587 1355 647 1415 etc.
920 1353 1080 1418 intellecta
1099 1351 1137 1416 de
1160 1368 1297 1433 persona
1317 1353 1435 1426 creata,
1456 1352 1504 1413 est
1520 1351 1694 1417 notificatio

138 1457 256 1522 Ultimo
266 1457 434 1540 quaeritur,
447 1477 523 1523 cum
533 1458 668 1523 diversae
680 1457 743 1522 sint
753 1458 868 1523 diltlni·
920 1461 1028 1526 dicens
1048 1457 1335 1541 aggregationem
1362 1456 1397 1519 in
1421 1454 1485 1520 Deo
1502 1460 1611 1521 autem
1627 1477 1694 1523 non

97 1567 219 1647 tiones,
241 1566 309 1631 sive
328 1565 546 1649 assignentur,
561 1566 600 1631 de
621 1585 776 1650 persona,
802 1586 867 1651 quo
920 1568 996 1632 dicit
1008 1565 1276 1649 aggregationem
1290 1563 1467 1628 secundnm
1480 1581 1561 1642 rem,
1574 1565 1630 1629 sod
1642 1584 1693 1630 se-
1771 1571 1783 1602 '·

97 1673 194 1738 modo
204 1673 361 1738 differant.
924 1676 1070 1741 cundum
1083 1672 1283 1755 intelligendi
1303 1672 1458 1737 rationem
1475 1694 1482 1737 :
1499 1691 1574 1756 quae
1584 1677 1693 1739 tamen

920 1801 987 1847 non
1001 1788 1050 1847 θεῖ
1061 1801 1157 1860 vana,
1172 1799 1211 1846 eo
1232 1780 1319 1864 quod
1336 1779 1444 1844 omnia
1456 1798 1530 1863 ques
1544 1780 1693 1846 dicrmtur

371 1905 596 1973 cppgfflfflp
918 1889 1241 1972 inrationepersonae
1258 1884 1692 1967 inveniunturinneo,licet

917 2015 984 2062 non
997 2017 1056 2081 per
1066 1997 1280 2063 diversitatem
1296 2014 1305 2060 ε
1320 1998 1352 2060 et
1369 1995 1432 2060 hoc
1443 1995 1573 2078 quidem
1589 2001 1691 2079 potest

917 2105 1055 2187 intelligi
1066 2105 1122 2169 sic.
1139 2104 1176 2168 ln
1193 2103 1348 2168 creaturis
1361 2103 1551 2187 specificatio
1566 2104 1690 2187 perad-

918 2213 1071 2278 ditionem
1092 2212 1303 2297 complentem
1322 2216 1388 2290 θεῖ;
1403 2212 1614 2277 individuatin
1632 2231 1690 2295 per

134 2318 229 2403 Resp.
240 2321 280 2384 ad
291 2320 370 2403 Arg.
386 2320 559 2385 Dicendum
573 2320 667 2402 quod,
688 2320 770 2384 εἱεθῖ
781 2322 867 2402 patet
917 2320 1129 2399 additionem,
1147 2322 1217 2385 sive
1229 2320 1481 2404 appositionem,
1498 2319 1688 2412 contrahen-

93 2445 136 2490 ex
149 2427 324 2492 intentione
337 2428 485 2507 auctoris,
504 2427 574 2492 haec
587 2428 735 2493 ditllnitio
747 2444 865 2491 conve-
918 2432 996 2492 tem.
1012 2429 1052 2494 Et
1064 2428 1135 2492 ideo
1149 2446 1226 2492 oum
1240 2427 1354 2490 dieitur
1364 2427 1547 2493 subetaatc'u
1558 2426 1688 2494 iodici-

92 2535 153 2614 nit,
169 2539 201 2599 et
218 2536 403 2617 assignatur
418 2535 535 2600 divina
547 2552 704 2618 personae.
916 2533 1001 2614 duo,
1022 2535 1228 2601 individuum
1248 2535 1376 2599 realiter
1389 2534 1475 2599 addit
1491 2553 1589 2617 supra
1610 2535 1688 2599 snb-

94 2068 212 2124 emona
236 2072 274 2125 est
291 2068 439 2125 rationalis
461 2073 567 2124 notare
585 2067 730 2124 individuo
743 2068 867 2125 albeton-

117 2160 160 2213 tio
174 2175 184 2212 ε
198 2163 237 2214 θεῖ
249 2158 370 2229 definitio
385 2174 444 2230 pute
457 2161 580 2215 εοθθθθῖῖ
594 2158 697 2214 divinis
706 2161 838 2231 personia

134 2648 165 2705 l.
178 2641 227 2706 Ad
239 2642 318 2707 illud
331 2660 408 2707 vero
421 2642 508 2724 quod
520 2642 678 2724 objicitur,
692 2642 776 2724 quod
790 2643 865 2708 sim·
916 2644 1064 2708 stantiam
1075 2662 1084 2707 ε
1095 2644 1220 2709 uudeet
1229 2643 1406 2707 substantia
1415 2643 1689 2726 individuasupra

90 2748 168 2832 ples
180 2768 248 2814 non
261 2754 308 2813 θεῖ
325 2749 509 2827 diffinibile3
525 2749 635 2814 dicunt
654 2748 754 2831 aliqui
775 2749 864 2830 quod
915 2757 1082 2831 naturam;
1097 2756 1129 2817 et
1146 2752 1218 2817 ideo
1241 2769 1369 2816 necesse
1386 2755 1517 2816 estesse
1530 2751 1689 2834 composi-

90 2855 264 2939 dupliciter
276 2861 324 2921 est
343 2857 465 2940 aliquid
481 2856 646 2922 diffinibile
664 2874 754 2920 :uno
768 2858 863 2923 modo
916 2864 982 2923 tam
997 2877 1168 2942 personam
1177 2860 1213 2922 in
1227 2862 1382 2923 creatura.
1391 2857 1453 2923 Sed
1466 2857 1687 2937 individuatio,

89 2964 127 3032 in
147 2968 233 3028 recto
257 2968 289 3028 et
307 2982 365 3047 per
383 2964 594 3028 differentiam
609 2963 766 3028 dicentem
779 2964 864 3047 posi·
916 2967 967 3031 vel
978 2966 1148 3046 distinctio,
1163 2969 1212 3030 est
1221 2964 1685 3047 inlleopersolamoriginem:

88 3071 226 3152 tionem,
240 3075 279 3136 ut
290 3090 366 3136 cum
378 3072 494 3137 dicitur
511 3090 520 3135 :
540 3094 555 3132 ε
569 3070 671 3136 Homo
683 3075 731 3136 est
744 3072 864 3137 animal
916 3078 949 3138 et
963 3074 1041 3157 quia
1054 3092 1190 3157 persona
1204 3073 1306 3138 oritur
1325 3073 1446 3156 seipsa,
1463 3075 1495 3137 et
1515 3072 1587 3137 ideo
1600 3071 1689 3136 nulla

88 3180 256 3259 rationale,
269 3181 421 3259 mortale;
434 3203 450 3240 s
467 3185 499 3246 et
510 3181 571 3246 hoc
582 3181 675 3245 modo
686 3198 802 3246 verum
815 3186 862 3246 est
915 3185 963 3245 θεῖ
974 3181 1019 3244 ibi
1033 3180 1171 3257 additio,
1187 3181 1242 3245 sed
1254 3180 1456 3264 pluritlcatio‚
1469 3183 1501 3244 θῖ
1514 3196 1572 3262 per
1585 3178 1689 3262 pluri·

87 3287 177 3368 quod
191 3287 336 3352 diffinitio
350 3288 425 3354 dicit
445 3289 709 3371 aggregationem
722 3292 755 3352 θῖ
771 3307 862 3354 com-
915 3289 1097 3353 ficationem
1111 3288 1269 3353 distinctio
1281 3292 1314 3353 et
1324 3287 1534 3354 individuatio
1548 3305 1557 3351 ε
1573 3290 1605 3350 et
1616 3285 1688 3350 ideo

86 3393 341 3477 positionemzet
351 3395 413 3459 hoc
424 3397 518 3460 modo
526 3397 632 3461 solum
644 3400 861 3479 aggregatum
914 3414 972 3461 nee
984 3394 1163 3463 individuo
1174 3394 1261 3460 addit
1272 3414 1370 3478 supra
1391 3393 1613 3471 substantiam,
1627 3411 1688 3458 nec

87 3509 139 3569 θεῖ
164 3506 340 3572 diffinibile.
361 3507 433 3572 Alio
453 3508 548 3573 modo
569 3509 726 3591 contingit
741 3509 861 3592 aliquid
913 3503 1457 3587 substantiasupranaturamzideo
1469 3520 1545 3566 vere
1558 3501 1685 3581 dicitnr,

86 3612 237 3678 diffinere
254 3615 289 3678 in
310 3614 459 3697 obliquo,
473 3620 505 3680 et
518 3633 574 3699 per
587 3616 798 3681 differentiam
811 3617 861 3681 di.
913 3612 945 3671 et
962 3626 1040 3672 vera
1054 3611 1100 3672 θεῖ
1121 3607 1203 3672 ratio
1223 3606 1442 3688 intelligendi:
1462 3610 1494 3670 et
1513 3605 1686 3670 notificatio

85 3702 216 3785 centem
234 3723 456 3805 privationem,
473 3726 509 3787 ut
526 3741 601 3787 cum
616 3723 732 3788 dicitur
748 3746 756 3787 :
776 3747 791 3785 ε
805 3723 860 3790 Si-
913 3715 973 3780 ista
984 3715 1132 3781 convenii
1145 3732 1289 3799 personae
1302 3715 1433 3795 divinae,
1448 3732 1507 3778 nec
1520 3713 1682 3795 significa·

87 3829 186 3893 mites
199 3833 246 3894 θεῖ
258 3830 398 3894 curvitas
409 3830 480 3893 nasi
496 3852 503 3894 :
519 3833 579 3893 oet
591 3834 669 3893 tunc
679 3848 747 3893 non
760 3830 859 3912 signi-
912 3831 967 3890 tur
984 3827 1019 3891 in
1035 3845 1073 3891 ea
1086 3827 1192 3910 aliqua
1209 3826 1418 3909 compositio:
1434 3825 1521 3890 unde
1533 3828 1619 3889 tenet
1631 3843 1686 3888 ra-

85 3936 205 4000 ficalur
217 3936 393 4000 substantia
409 3937 457 4000 rei
470 3937 643 4018 aggregari
656 3955 698 4000 ex
711 3937 857 4016 diversis,
912 3935 1032 3998 tionem
1049 3935 1216 4017 cujusdam
1239 3934 1480 4010 notitlcationis,
1510 3935 1542 3997 θῖ
1563 3932 1646 3997 cadit
1666 3952 1685 3995 a

84 4043 243 4126 quoniam
257 4043 343 4125 quod
355 4043 485 4125 ponitur
496 4044 529 4105 in
543 4042 671 4125 obliquo
684 4061 750 4108 non
763 4044 860 4109 intrat
912 4042 1034 4106 ratione
1050 4042 1248 4107 diltlnitionis
1263 4065 1271 4106 ι
1287 4042 1364 4124 quia
1375 4059 1436 4106 nec
1449 4041 1548 4117 Dens,
1563 4058 1622 4104 nec
1635 4039 1685 4104 di-

84 4149 258 4213 essentiam
277 4149 315 4214 de
333 4150 527 4214 necessitate.
545 4148 693 4230 Ulterius,
708 4149 857 4215 difieren·
912 4148 989 4213 vina
1002 4167 1138 4231 persona
1151 4151 1198 4212 est
1215 4148 1407 4228 diffinibilis;
1429 4151 1477 4214 θεῖ
1497 4152 1605 4212 tamen
1629 4167 1684 4213 co-

83 4257 133 4321 tia
143 4257 181 4340 (b)
191 4259 322 4341 privans
334 4276 400 4322 non
411 4258 641 4340 ponitaliquam
652 4259 858 4341 compositio-
912 4256 1095 4336 gnoscibilis
1108 4255 1360 4320 elnotitlcabilis.
1421 4246 1425 4255 ’

83 4383 183 4444 nem,
207 4366 274 4430 sive
293 4365 544 4449 appositionem:
569 4368 601 4428 et
619 4365 690 4429 talis
708 4369 755 4430 est
776 4365 858 4430 dicta
952 4368 982 4426 i.
997 4363 1048 4428 Ad
1067 4363 1146 4428 illud
1166 4362 1252 4444 quod
1270 4361 1420 4443 objicitur
1438 4362 1478 4426 de
1498 4361 1684 4454 differentiis

82 4473 188 4537 ratio:
203 4474 363 4550 namhoc,
378 4473 464 4555 quod
474 4476 522 4536 est
534 4473 705 4540 ratiormlie
716 4480 854 4555 notura,
911 4476 1031 4558 positis,
1044 4475 1112 4539 sive
1125 4475 1164 4539 de
1176 4474 1345 4552 membris;
1358 4472 1528 4538 dicendum
1537 4475 1623 4557 quod
1635 4494 1683 4539 ra·

82 4579 172 4643 cadit
184 4579 220 4643 in
232 4580 378 4663 obliqu03
395 4583 426 4644 et
441 4580 512 4644 haec
528 4580 716 4661 differentia,
732 4582 857 4649 indivi-
911 4583 1028 4648 tionale
1049 4582 1165 4648 dicitur
1186 4600 1253 4645 uno
1274 4580 1388 4661 modo,
1402 4582 1490 4664 qnod
1510 4582 1605 4646 habet
1621 4602 1683 4665 po-

82 4687 166 4766 cluo,
181 4705 246 4752 non
255 4688 357 4775 ponit,
372 4687 425 4751 sed
439 4687 553 4769 privat.
569 4687 631 4752 Sed
639 4688 710 4753 haec
722 4708 857 4772 respon-
910 4692 1044 4757 tentiam
1065 4690 1262 4756 discernendi
1275 4691 1399 4754 bonum
1418 4709 1439 4754 θ
1455 4690 1551 4767 malo,
1566 4708 1682 4757 vemm

82 4795 135 4857 sio
151 4813 216 4859 non
229 4799 331 4878 potest
348 4800 442 4860 stare.
459 4794 604 4860 Primum
617 4797 759 4878 quidem,
781 4798 857 4880 quia
911 4818 930 4864 a
952 4799 1030 4863 salso
1053 4822 1061 4863 ε
1084 4803 1116 4863 θῖ
1134 4800 1180 4863 sic
1200 4798 1264 4863 Deo
1280 4801 1313 4863 et
1336 4800 1490 4862 creatura
1513 4800 1679 4879 convenit;

82 4906 172 4987 quod
187 4907 342 4971 diltlnitur
361 4926 419 4990 per
430 4907 611 4990 obliquum,
627 4914 682 4973 aut
701 4909 857 4974 diffluitur
911 4908 974 4972 alio
987 4908 1093 4985 modo,
1109 4906 1196 4989 quod
1208 4905 1304 4970 hahet
1312 4905 1487 4988 potentiam
1498 4905 1682 4970 discernen-

81 5012 169 5077 sicut
180 5015 325 5080 accidens
333 5032 390 5096 per
398 5015 619 5096 substantiam,
632 5020 689 5081 aut
703 5017 784 5081 sicut
801 5036 858 5101 per
910 5015 943 5080 di
955 5034 1012 5097 per
1022 5014 1277 5097 inquisitionem,
1293 5016 1325 5077 et
1338 5013 1556 5090 colledonem,
1572 5016 1605 5077 θῖ
1617 5013 1681 5078 dis-

80 5138 156 5184 rem
171 5122 314 5204 eJusdem
328 5124 456 5204 generis
470 5146 477 5186 :
493 5125 547 5188 sed
559 5124 626 5189 sive
647 5126 703 5205 sic,
718 5126 785 5190 sive
799 5125 854 5205 sic,
911 5141 1052 5199 cursum,
1067 5125 1099 5186 et
1110 5122 1173 5185 hoc
1184 5123 1231 5185 θεῖ
1242 5119 1360 5184 animae
1371 5121 1442 5203 conj
1448 5124 1552 5185 unctae
1566 5122 1654 5186 carni
1669 5145 1677 5188 ε

81 5228 185 5291 estibi
194 5229 323 5294 additio.
333 5228 415 5294 Nam
422 5230 625 5296 diffinitiones
634 5232 854 5312 accidentium,
911 5230 1003 5294 etsie
1025 5227 1201 5293 differentia
1216 5227 1287 5290 talis
1310 5228 1414 5309 primo
1432 5228 1528 5291 modo
1548 5229 1679 5312 ponitur

80 5334 167 5399 sicut
173 5334 248 5399 dicit
255 5335 575 5420 Philosophus¹‚sunt
582 5357 622 5403 ex
631 5338 854 5404 additamento.
911 5339 946 5402 in
957 5337 1155 5416 diffinitione,
1169 5335 1224 5400 sed
1236 5334 1374 5400 secundo
1386 5336 1481 5401 modo
1497 5336 1615 5419 objicit.

121 5460 130 5494 ¹
142 5459 228 5525 Arist,
241 5462 382 5528 Metophys.
396 5463 441 5513 lib.
454 5463 509 5515 Vll.
945 5463 975 5528 (θ)
990 5463 1089 5529 corrig.
1104 5465 1180 5514 esset.
1197 5488 1228 5501 ·-
1243 5460 1275 5527 (b)
1288 5461 1348 5513 Coet.
1358 5460 1419 5512 edit.
1432 5460 1614 5516 Differentiam.
