4100 6300
359 484 419 544 246
721 527 723 534 ,
932 466 1243 535 SENTENTlARUlt
1261 465 1337 532 tle.
1357 466 1382 532 1.

357 613 445 689 liter,
459 629 535 676 cum
553 611 614 673 ista
627 606 734 671 missio
753 604 878 671 etFilio
892 604 1079 681 conveniat,
1092 606 1125 668 et
1179 602 1380 680 relationem,
1394 621 1432 667 ec
1453 621 1510 686 per
1532 604 1595 668 hoc
1612 603 1757 686 quodam
1776 601 1941 668 mode&

358 717 491 802 Spiritui
504 720 622 781 sancto.
638 713 740 778 Habet
749 717 858 777 autem
870 712 941 777 haec
953 729 1028 795 pars
1039 729 1123 794 qua-
1180 710 1380 790 tinctionem,
1395 714 1496 794 potest
1514 711 1603 775 illam
1621 711 1801 794 importare
1821 709 1942 792 tripict-

356 831 429 891 tuor
442 827 558 907 partes.
571 821 608 887 ln
625 821 730 904 prima
741 820 878 886 ostendit
889 821 975 903 quod
987 820 1124 903 Spiritus
1178 821 1228 882 ter
1243 841 1251 882 ε
1268 821 1326 883 aut
1335 818 1511 883 secundum
1525 818 1659 884 modum
1672 817 1888 899 intelligendi,
1897 822 1942 879 aut

355 935 483 996 sanctis
496 927 710 1011 temporaliter
727 945 747 989 a
765 945 799 989 ss
818 925 971 1003 mittitur,
984 925 1079 989 datur
1092 926 1124 986 et
1179 928 1356 992 secuudum
1371 926 1505 991 modum
1524 927 1667 1006 emendi,
1696 932 1756 992 aut
1776 925 1940 990 mindun

356 1038 495 1120 procedit
502 1058 511 1114 ;
526 1039 558 1099 et
571 1035 647 1114 hoc,
660 1032 843 1099 deducendo
856 1032 895 1097 ad
909 1030 1121 1115 impossibile,
1178 1034 1357 1099 essentiam.
1373 1033 1481 1098 Primo
1495 1034 1589 1099 modo
1602 1035 1689 1100 idem
1701 1040 1750 1099 <st
1764 1034 1846 1098 dans
1860 1037 1890 1096 et
1901 1033 1943 1098 ts

355 1144 431 1226 qrria
448 1142 539 1207 aliter
553 1159 619 1205 non
637 1143 742 1206 essent
754 1138 890 1204 indivisa
907 1156 1004 1220 opera
1014 1136 1122 1200 Trini-
1177 1141 1259 1219 tum,
1273 1140 1356 1205 sicut
1370 1146 1377 1181 ¹
1392 1140 1478 1205 idem
1491 1140 1673 1222 intelligens
1684 1146 1718 1205 et
1731 1142 1940 1216 intellectum

355 1250 437 1313 tatis.
453 1248 490 1313 ln
509 1248 647 1313 secunda
659 1246 795 1311 ostendit
812 1264 832 1310 a
845 1244 962 1310 minori
975 1262 1032 1327 per
1044 1261 1123 1308 auo-
1178 1251 1209 1311 et
1221 1248 1370 1312 differens
1381 1248 1504 1313 ratione
1517 1249 1605 1313 modi
1613 1249 1753 1328 dicendi,
1768 1251 1849 1332 quia
1861 1249 1942 1313 datur

354 1357 527 1433 toritatem,
540 1356 626 1439 quod
637 1354 730 1418 Pater
742 1352 832 1417 misit
839 1352 959 1417 Filium
966 1369 1035 1416 una
1047 1369 1121 1414 cum
1176 1353 1262 1419 idem
1275 1375 1295 1420 a
1308 1375 1342 1419 se
1358 1377 1365 1420 :
1381 1355 1467 1419 etsie
1479 1355 1628 1436 iutelligit
1641 1356 1863 1436 Augustinus.
1883 1355 1942 1419 Alio

354 1463 474 1546 Spiritu
498 1467 626 1542 sendo,
655 1462 700 1526 ita
724 1460 810 1543 quod
831 1459 968 1542 Spiritus
993 1461 1122 1522 sanctus
1176 1460 1290 1538 modo,
1310 1460 1487 1526 seeundum
1509 1463 1642 1526 modum
1662 1463 1807 1530 mendi.
1830 1462 1898 1525 sive
1916 1481 1942 1526 sc

355 1569 441 1633 misit
461 1568 595 1645 Filium,
620 1569 656 1632 in
677 1586 775 1649 quem
793 1566 884 1631 nullo
908 1565 1003 1630 modo
1025 1564 1122 1628 habet
1175 1565 1324 1648 habendi,
1338 1567 1396 1651 qui
1409 1567 1492 1633 alius
1503 1572 1589 1633 astet
1602 1569 1684 1633 alius
1696 1570 1731 1632 in
1743 1567 1942 1651 personis;et

353 1678 585 1753 auctoritatem,
596 1674 786 1756 ergomulto
799 1673 912 1738 lortius
922 1672 1078 1751 mittitse;
1090 1676 1121 1735 et
1176 1673 1221 1737 sic
1240 1674 1315 1738 dicit
1335 1676 1521 1740 relationem
1538 1694 1682 1759 personae
1703 1676 1744 1741 ad
1766 1694 1937 1758 personam

353 1783 414 1847 hoc
428 1783 502 1847 lacit
513 1783 582 1847 ibi:
601 1781 647 1849 Ne
661 1788 768 1850 autem
786 1781 930 1849 mireris,
945 1777 1032 1861 quod
1047 1777 1121 1859 Spi-
1175 1779 1280 1846 Tertio
1299 1782 1394 1846 modo
1407 1783 1558 1865 importat
1577 1783 1816 1847 distinctionem
1836 1801 1940 1847 seeun-

352 1893 439 1959 ritue
458 1897 589 1957 euectus
608 1890 732 1958 dicitur
749 1885 900 1954 metricat
916 1883 1081 1970 procedere
1099 1902 1120 1951 a
1175 1887 1254 1952 dum
1270 1890 1456 1967 essentiam,
1477 1894 1509 1954 et
1527 1895 1707 1974 respectum
1728 1897 1887 1955 creature
1905 1891 1939 1954 ad

352 2013 397 2063 se.
425 1997 461 2062 ln
480 1998 573 2062 tertia
594 2016 670 2064 vero
690 1998 779 2080 perte
800 1993 938 2059 ostendit
957 1993 1019 2058 hoc
1036 2011 1056 2057 a
1075 1992 1121 2056 si·
1175 1996 1344 2060 esseutim
1368 1997 1557 2077 increatam
1587 2003 1620 2061 et
1644 1996 1707 2062 hoc
1734 1997 1832 2062 modo
1856 2017 1939 2062 amos

352 2103 422 2167 mili
434 2126 442 2168 ε
457 2105 485 2168 si
498 2104 585 2168 enim
598 2104 698 2169 Filius
710 2103 796 2167 misit
808 2120 854 2179 se,
869 2102 938 2185 pari
952 2102 1076 2166 ratione
1088 2105 1120 2165 et
1174 2105 1291 2170 dicitur
1302 2105 1423 2170 donum
1438 2105 1574 2190 Spiritus
1586 2107 1685 2171 sancti
1698 2128 1706 2170 :
1723 2106 1780 2171 sed
1791 2106 1852 2170 troc
1864 2107 1939 2171 inea

353 2208 488 2294 Spiritus
501 2217 629 2278 sanctus
641 2231 690 2292 se;
703 2215 735 2277 ct
753 2211 815 2276 hoc
827 2210 901 2275 lacit
913 2209 958 2273 ibi
975 2232 982 2273 :
999 2208 1120 2275 Deinde
1175 2212 1291 2277 melius
1303 2213 1433 2296 patebit.

352 2317 1120 2401 oetmdttdatumettcmoeeipsoesre.lnquaru

351 2445 429 2493 vero
444 2433 476 2493 et
496 2429 608 2493 ultima
626 2429 759 2511 opponit
772 2430 883 2491 contra
899 2425 1066 2508 praedicta,
1087 2429 1119 2488 et

351 2533 498 2598 noctur:
519 2533 709 2602 scaauuc
732 2532 1119 2617 omnitenentem
1401 2515 1718 2618 strumensem.

351 2646 466 2725 sotem,
480 2646 557 2724 eto.;
571 2643 627 2707 ulti
636 2642 733 2706 etiam
743 2641 848 2718 solvit,
859 2646 890 2705 et
901 2640 1043 2706 breviter
1053 2639 1118 2722 cpi·
1213 2653 1295 2731 Quia
1307 2654 1368 2717 ἤδη
1385 2654 1481 2732 ratio,
1497 2658 1533 2717 ut
1546 2672 1644 2735 supra
1657 2653 1782 2716 (fictum
1799 2661 1865 2730 gt,
1879 2671 1936 2716 m„

350 2748 438 2829 1⁰8at
450 2747 734 2831 praedeterminata.
1173 2760 1258 2825 valet
1277 2782 1284 2824 :
1311 2784 1326 2821 a
1342 2759 1434 2825 Pater
1453 2764 1556 2843 potest
1577 2778 1735 2841 generare
1752 2758 1889 2834 Filium,
1909 2766 1936 2822 et

1491 2401 1559 2447 DUB·
1579 2399 1624 2445 111.

1172 2865 1273 2930 Filius
1285 2884 1349 2930 nou
1364 2871 1465 2949 potest
1475 2889 1482 2930 ι
1493 2884 1573 2948 ergo
1587 2865 1680 2930 Pater
1692 2870 1800 2949 potest
1810 2863 1935 2947 aliquid,

674 2961 743 3008 ⁰⁰¹³·
766 2960 789 3006 ¹·
1171 2972 1257 3055 quod
1270 2971 1368 3036 Filius
1380 2973 1935 3055 nonpotestztergopariratione,

350 3088 464 3138 Donalur
483 3087 568 3154 itaque
589 3085 696 3152 Spiritus
714 3090 885 3138 sanctaenon
902 3089 1000 3138 tantum
1013 3100 1029 3137 a
1042 3088 1117 3138 Patre
1171 3097 1247 3142 eum
1259 3077 1398 3163 Spiritus
1412 3082 1541 3143 sanctus
1562 3079 1890 3162 dicut(t1)personam
1907 3083 1937 3142 ul

535 3159 929 3224 nemorumnemorum.
1171 3185 1286 3264 Filius,
1301 3205 1366 3251 non
1380 3187 1474 3253 valet.

389 3289 521 3355 Videtur
540 3289 643 3355 dicere
664 3289 798 3370 salsum3
820 3288 898 3372 quia
924 3306 1022 3370 supra
1043 3286 1117 3351 iecit
1211 3292 1244 3358 Si
1257 3299 1294 3358 tu
1312 3294 1399 3359 dicas
1411 3293 1497 3378 quod
1516 3308 1581 3357 non
1602 3297 1650 3356 est
1666 3292 1794 3367 simile,
1815 3297 1937 3375 proptu

348 3403 595 3481 argumentum,
611 3397 698 3482 quod
709 3416 775 3462 non
784 3399 888 3480 potest
895 3394 1116 3460 dariasanctis
1170 3406 1277 3468 actum
1297 3401 1411 3477 dandi,
1427 3401 1485 3483 qui
1504 3406 1552 3464 est
1570 3398 1711 3481 operatio
1729 3399 1764 3463 in
1779 3407 1934 3477 croam

349 3506 442 3584 viris,
461 3505 538 3589 quia
556 3522 623 3569 non
642 3508 745 3587 potest
763 3504 803 3567 ab
824 3503 903 3586 ipsis
919 3503 1089 3585 procedere
1105 3524 1112 3567 ε
1170 3512 1278 3573 contra
1292 3531 1300 3573 ι
1317 3508 1405 3573 Sicut
1416 3507 1494 3572 dicit
1512 3505 1663 3587 Magister
1676 3505 1712 3567 in
1726 3504 1849 3581 littera,
1870 3505 1936 3589 Spi-

348 3615 480 3679 sednon
494 3616 625 3697 potesta
637 3612 740 3695 seipso
751 3611 920 3695 procedere
933 3634 940 3676 ε
954 3629 1034 3692 ergo
1045 3610 1114 3694 pari
1169 3615 1251 3679 ritus
1267 3615 1368 3679 sancti
1381 3613 1509 3679 donatio
1530 3617 1578 3677 est
1596 3615 1668 3694 ejus
1688 3613 1850 3696 processio
1864 3636 1873 3674 :
1886 3615 1932 3679 sed

347 3723 549 3788 ratonenon
561 3721 826 3805 potestdariase.
1169 3721 1247 3785 illud
1270 3724 1501 3801 argumentum
1523 3737 1587 3783 non
1612 3719 1732 3784 valet:
1764 3744 1781 3778 c
1807 3718 1932 3803 Spiritm

387 3831 479 3914 Resp.
495 3830 680 3907 Dicendum,
697 3829 782 3912 quod
796 3827 946 3909 Magister
960 3828 1116 3908 arguebat
1168 3832 1295 3893 sanctrrs
1305 3828 1457 3912 procedit,
1469 3832 1501 3891 et
1512 3826 1605 3892 Pater
1617 3845 1684 3892 non
1701 3847 1712 3890 ε
1728 3846 1809 3909 ergo
1821 3826 1931 3910 aliquid

348 3939 387 4004 de
410 3936 607 4021 processione
627 3934 811 4020 temporali;
836 3937 869 3998 et
893 3933 932 3997 de
952 3934 1012 3998 hac
1034 3934 1115 3998 bene
1168 3936 1243 3999 lacit
1262 3935 1397 4020 Spiritus
1418 3939 1564 4013 sanctus,
1583 3933 1671 4016 quod
1689 3952 1758 3997 non
1777 3933 1867 3998 Pater
1886 3957 1894 3997 :
1913 3955 1926 3992 ι

348 4045 490 4110 concedit
510 4044 577 4127 ipse
598 4043 683 4127 quod
703 4041 846 4125 procedit
864 4059 947 4114 ase,
968 4059 1006 4106 eo
1029 4042 1115 4125 quod
1168 4060 1247 4124 ergo
1260 4041 1407 4106 similiter
1420 4059 1480 4104 nec
1492 4039 1527 4103 in
1545 4039 1719 4124 proposito.

348 4150 484 4234 propriae
503 4150 663 4234 potestatis
682 4153 747 4229 est,
770 4152 805 4213 ut
823 4148 921 4231 spiret
939 4148 973 4212 in
986 4167 1066 4212 eum·
1080 4150 1115 4212 in
1208 4149 1241 4214 Si
1261 4155 1298 4213 tu
1317 4149 1402 4213 dicas
1423 4147 1501 4210 milri
1522 4147 1608 4229 quod
1625 4165 1691 4210 uon
1710 4152 1760 4210 est
1780 4147 1879 4210 simile
1895 4146 1929 4209 de

348 4276 445 4341 quem
457 4256 542 4335 vult;
557 4258 612 4322 sed
625 4255 725 4321 sancti
735 4255 798 4321 viri
810 4273 876 4320 non
888 4255 1008 4319 habeut
1023 4272 1114 4337 posse
1168 4274 1246 4321 voce
1258 4255 1372 4334 activa
1387 4258 1419 4318 et
1430 4253 1570 4336 passiva3
1584 4258 1696 4318 conda
1709 4276 1717 4316 :
1732 4253 1862 4317 lntlexio
1876 4271 1926 4315 no

347 4366 382 4430 in
392 4383 478 4430 eum.
1168 4363 1438 4446 minispercasus
1450 4378 1517 4424 non
1531 4360 1635 4426 variat
1646 4360 1925 4441 significationem:

673 4505 742 4552 m,
763 4504 797 4550 η,
1168 4489 1247 4553 ergo
1259 4470 1404 4535 similiter
1422 4467 1551 4534 videtur
1570 4466 1656 4551 quod
1675 4484 1734 4529 nec
1754 4466 1799 4529 ihi
1815 4466 1853 4529 sil
1873 4483 1926 4527 vs·

346 4623 433 4686 Sicut,
443 4623 534 4688 inquit,
547 4635 640 4687 corpus
655 4619 739 4673 carnis
752 4619 815 4671 nihil
825 4619 891 4671 aliud
901 4625 939 4672 est
951 4634 1028 4686 quam
1042 4635 1113 4687 caro,
1168 4578 1260 4643 riam)
1272 4596 1329 4661 per
1340 4577 1481 4695 ³⁰qu
1487 4578 1523 4697 ft
1533 4574 1707 4693 pamimql'
1720 4571 1795 4636 Em
1806 4580 1841 4636 m
1850 4572 1926 4635 dm

377 4694 414 4778 sic
426 4695 522 4745 donum
534 4694 643 4760 spiritus
655 4693 738 4745 sancti
749 4692 891 4745 nihilaliud
907 4696 947 4745 est
960 4707 1038 4758 mam
1056 4694 1113 4759 spi·
1168 4684 1253 4766 quod
1272 4701 1338 4747 non
1359 4685 1406 4746 est
1426 4680 1547 4757 Simile,
1567 4679 1744 4744 ostenditur
1764 4679 1848 4761 quod
1866 4696 1922 4753 nt,

375 4769 439 4832 ntus
449 4769 562 4819 amcos.
1167 4790 1245 4874 quia
1264 4790 1369 4855 omnis
1393 4787 1496 4852 activa
1516 4788 1613 4851 iniert
1636 4787 1797 4870 pasiram
1818 4806 1828 4848 :
1853 4804 1921 4867 crgo

385 4902 531 4984 Videtur,
549 4903 577 4967 si
589 4901 766 4967 similitudo
777 4901 863 4966 bona
875 4904 943 4981 est,
958 4904 995 4965 ut
1016 4919 1113 4967 omne
1168 4899 1295 4963 videtur
1306 4897 1392 4980 quod
1404 4896 1430 4960 si
1443 4895 1477 4958 in
1489 4913 1569 4961 rooe
1580 4896 1685 4960 activa
1696 4900 1920 4959 tenemresren

344 5011 432 5094 quod
451 5014 499 5075 est
520 5011 640 5075 donum
655 5008 792 5092 Spiritus
805 5008 904 5072 sanct
916 5008 958 5071 sit
977 5006 1115 5091 Spiritus
1167 5007 1292 5086 tialiter,
1307 5005 1392 5090 quod
1404 5004 1548 5068 similiter
1561 5004 1598 5066 in
1608 5003 1744 5086 passiva.

318 5160 322 5169 .
346 5121 485 5181 sanctus.
498 5116 559 5181 Sed
572 5119 682 5181 oontm
696 5134 704 5179 :
719 5114 830 5179 Timor
842 5118 890 5179 est
904 5114 1025 5178 donum
1039 5113 1113 5198 Spi-
1208 5114 1300 5197 llesp.
1318 5111 1491 5178 liioandum
1505 5110 1611 5193 quod,
1625 5111 1709 5175 sicut
1719 5106 1916 5192 praedeterm-

348 5222 429 5287 ritus
441 5225 552 5304 sancti,
567 5228 600 5289 et
611 5242 678 5288 non
690 5227 737 5287 est
749 5221 884 5306 Spiritus
894 5228 1033 5287 sanctus.
1168 5227 1279 5286 natum
1307 5226 1372 5298 est,
1398 5220 1536 5283 rationes
1559 5216 1704 5300 Magisn'i
1724 5218 1812 5282 bonae
1833 5218 1913 5283 sint.

388 5328 480 5413 ltesp.
499 5329 671 5395 liicendum
688 5330 774 5414 quod
791 5331 931 5411 donum,
947 5349 1022 5395 cum
1040 5331 1116 5397 dicit
1167 5333 1244 5413 quia
1256 5329 1325 5412 ipse
1337 5327 1451 5410 accipit
1469 5324 1549 5391 dere
1563 5326 1743 5391 secundum
1754 5324 1832 5407 qnod
1850 5320 1912 5384 didi

382 5453 1112 5524 ¹tsu.‚a0rnrma‚uo.lll,concu.-a)ra.ausc
1167 5432 1910 5537 effectumincreatura,etsecuntumtoeeon-
