4100 6300
319 444 377 489 vru
1034 419 1136 485 Slll'fl
1154 418 1193 484 V.

318 583 336 626 e
350 557 487 628 sublimi
499 556 683 651 apostolicae
697 555 792 626 Sedis
803 557 936 650 specula
949 578 988 625 ea
1000 555 1175 648 aspiciens,
1190 553 1338 643 digitum
1351 555 1433 642 Dei,
1450 555 1509 647 qui
1523 556 1601 624 facit
1615 554 1780 624 mirabilia
1792 577 1926 644 magna

319 693 425 780 solus,
440 691 488 760 ibi
501 691 599 784 plane
613 712 681 760 esse
695 690 871 760 intellexit.
887 690 1002 781 ltaque
1016 698 1048 757 et
1063 695 1178 781 sponte
1190 710 1266 777 sua,
1283 695 1315 758 et
1327 688 1424 758 clarae
1440 691 1608 758 memoriae
1622 689 1776 758 Federico
1788 688 1925 757 Roma-

320 850 441 898 norum
455 825 665 919 Imperatore,
680 824 838 914 Regibus,
854 822 1119 914 Rebuspublicis,
1131 823 1277 892 Ducibus
1290 822 1544 916 civitatibusque
1558 824 1729 916 permultis
1738 823 1926 891 vehemen-

320 972 371 1034 ter
384 962 639 1056 requirentibus,
651 985 687 1031 ac
701 960 850 1030 omnium
863 960 931 1029 fere
944 959 1096 1028 fidelium
1105 981 1265 1028 consensu
1279 947 1492 1053 efflagitpnte,
1508 958 1548 1027 de
1557 958 1629 1027 viro
1644 959 1926 1051 praestantissimo

320 1101 553 1170 Bonaventura
566 1097 725 1189 Episcopo
739 1094 905 1166 Cardinali
923 1094 959 1163 in
976 1093 1112 1163 Sanctos
1124 1094 1315 1182 referendo,
1335 1093 1496 1163 Pontifice
1511 1094 1660 1163 Romano
1678 1093 1814 1183 dignam
1828 1093 1927 1183 cogi·

322 1235 480 1305 tationem
502 1230 654 1323 suscepit.
679 1229 818 1299 Summa
836 1229 939 1320 igitur
958 1251 1057 1315 cura,
1081 1236 1113 1298 et
1134 1230 1309 1320 diligentia
1327 1229 1405 1298 vitae
1425 1229 1516 1298 illius
1534 1229 1655 1297 eximia
1672 1228 1868 1314 sanctitate,
1892 1235 1928 1296 et

283 1354 291 1369 ⁸
322 1366 559 1439 miraculorum
572 1366 709 1436 veritate
721 1364 923 1452 examinata,
943 1373 1042 1457 atque
1055 1372 1236 1456 comperta,
1258 1363 1413 1432 omnibus
1431 1363 1593 1455 denique,
1613 1387 1689 1456 quae
1703 1364 1745 1433 ad
1759 1388 1834 1433 eam
1850 1386 1927 1433 rem

323 1503 546 1598 pertinebant,
562 1502 637 1589 rite,
652 1509 804 1593 recteque
817 1499 896 1569 actis
910 1499 952 1568 ad
965 1501 1025 1568 Dei
1037 1500 1194 1588 gloriam,
1211 1507 1244 1567 et
1260 1497 1410 1567 Ecclesia
1425 1497 1593 1567 catholica
1607 1499 1842 1568 exaltationem
1858 1520 1924 1591 pro

323 1663 385 1709 sue
397 1659 546 1723 summa,
570 1635 668 1729 eique
685 1659 705 1704 a
723 1635 790 1704 Deo
811 1634 847 1703 in
865 1635 961 1704 beato
980 1633 1079 1703 Petro
1099 1632 1257 1724 Apostolo
1278 1630 1397 1700 tradita
1414 1639 1589 1723 potestate,
1613 1633 1766 1703 eumdem
1785 1633 1928 1703 beatum

323 1772 589 1842 Beneventuram
602 1770 642 1840 de
656 1771 797 1840 fratrum
811 1792 948 1839 suorum
966 1769 1001 1841 S.
1018 1770 1059 1838 R.
1075 1770 1114 1839 E.
1131 1767 1377 1854 Cardinalium,
1395 1776 1427 1836 ct
1440 1767 1660 1837 Praelatorum
1674 1768 1825 1838 omnium
1841 1793 1927 1839 con·

325 1930 420 1977 sensu
435 1907 472 1976 in
487 1906 622 1976 Sanctos
634 1905 759 1993 retulit,
771 1911 804 1974 et
817 1905 1051 1975 insanetorum
1065 1903 1309 1988 Confessorum,
1325 1901 1537 1988 Pontificum,
1554 1902 1731 1970 Doctorum
1741 1926 1929 1972 numerum

325 2042 513 2135 adscripsit,
534 2048 634 2132 atque
647 2039 855 2130 aggregavit,
873 2038 1011 2131 ejusque
1025 2039 1146 2107 festum
1163 2037 1427 2107 anniversarium
1441 2036 1530 2105 diem
1543 2037 1686 2106 secunda
1700 2038 1821 2105 mensis
1840 2037 1861 2105 J
1866 2037 1929 2106 ulii

326 2177 496 2247 [lominica
509 2174 562 2244 die
575 2174 753 2263 celebrari,
774 2174 987 2266 officiumque
1000 2172 1040 2242 de
1054 2194 1112 2259 eo,
1133 2171 1238 2240 veluti
1251 2171 1292 2240 de
1309 2171 1500 2240 Confessore
1521 2170 1679 2240 Pontifioe
1701 2171 1865 2258 Doctore,
1891 2172 1928 2241 in

327 2311 482 2380 universa
495 2309 637 2379 Ecclesia
648 2308 778 2379 recitari
787 2308 899 2401 jussit,
915 2306 988 2377 aliis
1000 2307 1082 2376 item
1095 2307 1234 2376 decretis
1245 2305 1390 2397 adjectis,
1406 2325 1481 2397 quae
1495 2303 1530 2372 in
1540 2303 1687 2396 ejusdem
1703 2305 1789 2374 Sixti
1803 2306 1929 2375 litteris

327 2446 458 2538 plenius
474 2445 696 2515 continentur.
721 2445 763 2513 Et
786 2417 940 2536 quamvis
956 2442 1120 2533 gloriosus
1138 2441 1192 2511 hic
1209 2440 1328 2510 Doctor
1350 2439 1386 2508 S.
1400 2438 1653 2527 Beneventum,
1676 2447 1708 2509 et
1722 2441 1761 2541 in
1778 2441 1928 2510 Ecclesia

328 2579 487 2649 catholica
499 2579 732 2649 celeberrimus
745 2578 798 2668 sit,
816 2585 847 2646 et
860 2578 897 2646 in
909 2577 991 2647 coelo
1006 2576 1149 2645 maxime
1163 2574 1379 2668 resplendeat,
1394 2573 1453 2642 ubi
1465 2595 1586 2642 corona
1600 2573 1660 2642 illa
1673 2583 1720 2642 est
1732 2585 1924 2665 coronatus,

329 2737 430 2806 quam
444 2714 631 2805 repromisit
644 2713 731 2783 Deus
743 2712 958 2803 diligentibus
971 2734 1018 2798 se,
1033 2734 1094 2779 nec
1108 2710 1179 2779 ulla
1191 2709 1338 2779 humane
1351 2731 1386 2778 re
1402 2708 1564 2799 indigeat,
1581 2709 1642 2801 qui
1657 2709 1751 2778 bonis
1765 2710 1832 2778 illis
1847 2733 1927 2779 cum

330 2847 458 2919 Christo
476 2848 675 2940 perfruitur,
695 2870 772 2940 quaa
791 2870 851 2918 nec
868 2848 985 2918 oculus
1001 2845 1108 2933 vidit,
1133 2866 1194 2914 nec
1214 2845 1250 2913 in
1264 2867 1320 2913 cor
1333 2844 1477 2914 hominis
1495 2844 1730 2932 ascenderunt,
1753 2853 1852 2935 urget
1866 2868 1929 2916 nos

330 2991 441 3053 temen
452 2982 592 3052 charitas
605 2981 739 3071 Christi,
754 2990 787 3052 ct
799 2982 917 3052 ardens
928 2981 1067 3076 quidam
1081 2980 1265 3050 devotionis
1278 2980 1426 3070 affectus,
1441 3003 1508 3072 quo
1521 3002 1689 3069 argaeum
1705 2980 1840 3050 ineunte
1853 2981 1927 3049 fere

332 3126 426 3189 aetate
438 3099 596 3211 perpetuo
610 3117 804 3207 exarsimus,
819 3125 858 3188 ut
870 3117 911 3188 de
924 3117 996 3211 ejus
1008 3116 1178 3187 sanctitate
1191 3123 1225 3186 et
1237 3115 1385 3186 doctrina
1398 3116 1503 3206 magis
1516 3118 1686 3209 magisque
1700 3116 1924 3211 propaganda,

330 3263 430 3349 atque
442 3253 657 3341 illustranda,
673 3261 836 3346 quantum
850 3277 927 3324 cum
944 3254 1086 3323 Domino
1100 3274 1294 3344 possumus,
1314 3250 1506 3348 cogitemus,
1530 3250 1704 3323 Movemur
1716 3252 1872 3345 quidem,
1890 3258 1928 3319 ut

331 3411 390 3481 par
403 3394 471 3476 est,
485 3384 684 3457 sancta'cum
698 3411 737 3457 eo
750 3389 982 3458 communione
996 3387 1173 3480 seraphicae
1186 3387 1364 3477 Religionis
1377 3394 1516 3475 nostrae,
1535 3388 1571 3456 in
1585 3411 1652 3481 qua
1665 3387 1811 3474 educati,
1831 3393 1866 3456 et
1880 3393 1927 3456 tot

332 3545 435 3592 annos
447 3522 568 3591 versati
579 3545 708 3610 sumus,
723 3530 756 3592 et
768 3525 823 3592 cui
836 3531 995 3615 tanquam
1009 3524 1108 3591 matri
1121 3522 1244 3613 optime
1258 3523 1384 3592 maritae
1401 3525 1513 3594 omnia
1524 3525 1664 3617 pictatis,
1680 3532 1713 3592 et
1724 3524 1809 3613 grati
1821 3522 1926 3592 animi

333 3657 535 3727 monimenta
547 3663 700 3748 praestare
712 3655 880 3725 debemus.
907 3655 973 3725 Sed
987 3656 1095 3725 multo
1109 3655 1215 3745 magis
1229 3664 1364 3725 movent
1377 3679 1437 3726 nos
1454 3658 1515 3727 Dei
1534 3659 1657 3749 gloria,
1677 3659 1840 3751 pastorale
1853 3655 1927 3726 offi-

333 3792 441 3877 cium,
456 3775 546 3882 guod
558 3788 721 3879 gerimus,
740 3788 806 3858 viri
818 3789 1015 3858 sanctissimi
1030 3812 1089 3882 pro
1107 3789 1250 3859 Ecclesia
1268 3790 1327 3859 Dei
1347 3799 1394 3860 tot
1407 3794 1547 3885 suscepti
1561 3793 1704 3880 labores,
1723 3800 1771 3861 tot
1783 3789 1927 3860 illustria

333 3925 468 4012 merita,
487 3930 668 3991 mutarum
685 3922 836 3992 Romana
848 3922 992 3992 Ecclesia
1004 3922 1211 4015 conjuncti0,
1226 3925 1263 3994 iu
1276 3925 1378 4017 cujus
1391 3926 1595 4019 amplissimo
1609 3926 1724 3995 ordine
1742 3936 1775 3995 et
1788 3932 1924 4010 senatu,

333 4082 464 4129 summa
475 4080 552 4126 cum
566 4057 665 4127 leude
683 4058 839 4130 consedit.
863 4057 1013 4151 Denique
1033 4065 1144 4129 movet
1158 4081 1218 4128 nos
1239 4060 1391 4130 Ecclesiae
1405 4060 1600 4129 universalis
1619 4059 1765 4147 utilitas,
1787 4082 1866 4151 quae
1887 4080 1926 4127 ex

332 4194 416 4265 tanti
429 4192 576 4264 Doctoris
590 4193 774 4264 eruditione
788 4216 917 4289 semper
931 4194 1037 4286 major
1049 4201 1083 4264 et
1095 4193 1230 4264 uberior
1242 4194 1315 4286 capi
1328 4201 1452 4287 potest,
1474 4193 1656 4287 praesertim
1668 4217 1745 4263 cum
1758 4193 1927 4263 baeretico-

332 4352 409 4399 rum
422 4328 570 4415 insidiae,
585 4335 618 4397 ct
630 4328 800 4400 diatones
817 4331 1096 4420 machinationes,
1114 4330 1237 4425 quibus
1249 4354 1374 4400 sacram
1389 4330 1624 4420 Theologiam,
1648 4351 1724 4421 quae
1737 4328 1927 4398 scholastica

332 4463 531 4556 appellatur,
546 4461 609 4532 hoc
620 4462 770 4533 luctuoso
780 4464 899 4534 saeculo
913 4473 1107 4558 oppugnant
1117 4465 1415 4554 vehementissime,
1431 4488 1492 4535 nos
1504 4487 1702 4557 magnopere
1715 4464 1923 4550 admoneant,

333 4605 372 4667 ut
391 4598 538 4668 eamdem
553 4596 787 4688 Theologiam,
811 4623 878 4692 qua
890 4600 975 4669 nibil
996 4601 1147 4671 Ecclesiae
1166 4600 1227 4669 Dei
1240 4601 1459 4689 fructuosius,
1476 4600 1569 4670 omni
1583 4599 1691 4669 studio
1705 4598 1922 4682 retineamus,

333 4735 554 4821 illustremus,
569 4754 800 4825 propagemus.
815 4733 937 4804 Divino
951 4736 1041 4805 enim
1056 4736 1148 4805 illius
1162 4757 1317 4825 munere,
1341 4736 1401 4827 qui
1413 4736 1503 4805 solus
1516 4735 1573 4804 dat
1586 4733 1749 4827 Spiritum
1762 4732 1922 4816 scientia,

334 4867 515 4961 sapientia,
530 4875 563 4935 et
574 4865 773 4954 intellectus,
788 4867 915 4961 quique
930 4870 1108 4941 Ecclesiam
1119 4894 1214 4940 suam
1230 4893 1289 4964 per
1300 4871 1498 4942 saeculorum
1512 4877 1634 4955 aetetes,
1650 4875 1749 4962 prout
1762 4890 1845 4959 opus
1858 4875 1921 4950 est,

335 5004 430 5072 novis
442 5000 609 5071 beneficiis
621 5007 735 5091 auget,
752 5002 847 5072 novis
861 5005 1021 5095 praesidiis
1034 5006 1181 5094 instruit,
1196 5007 1332 5077 inventa
1345 5015 1393 5077 est
1406 5029 1427 5076 a
1440 5005 1621 5097 majoribus
1633 5003 1753 5073 nostris
1765 5000 1923 5071 sanctissi-

336 5137 399 5206 mis
417 5136 498 5207 viris
519 5136 698 5226 Theologia
719 5136 928 5226 scholastica,
956 5165 1057 5234 quam
1086 5143 1153 5214 duo
1175 5146 1382 5238 potissimum
1402 5145 1536 5236 gloriosi
1559 5143 1731 5229 Doctores,
1759 5139 1923 5230 angelicus

335 5270 370 5340 S.
387 5268 548 5358 Thomas,
569 5276 603 5339 et
619 5268 807 5362 seraphicus
828 5269 863 5339 S.
879 5271 1132 5365 Beneventum,
1156 5278 1328 5348 clarissimi
1350 5279 1451 5372 hujus
1471 5278 1636 5348 facultatis
1655 5276 1872 5370 professores,
1892 5277 1922 5341 ct

334 5405 435 5499 primi
447 5405 534 5477 inter
544 5426 611 5493 eos,
625 5404 686 5497 qui
698 5404 734 5475 in
750 5404 947 5478 Sanctorum
959 5432 1138 5484 numerum
1152 5414 1248 5484 relati
1260 5421 1350 5503 sunt,
1365 5413 1537 5486 excellenti
1550 5412 1697 5503 ingenio,
1712 5410 1843 5482 assiduo
1856 5416 1921 5480 stu·
