4100 6300
858 541 965 612 vita.
1474 564 1477 568 ’
1654 564 1710 609 xxr

120 673 188 738 latis
222 676 386 757 nonnulli,
425 678 482 761 qui
513 696 625 744 eorum
661 680 850 744 sententiam
887 678 929 743 ad
957 672 1117 762 pontilicis
1142 678 1301 762 judicium
1332 677 1520 742 retulerunt.
1557 674 1711 741 Nonnulli

120 781 233 860 etiam,
249 784 305 866 qui
319 786 381 849 sub
397 786 579 850 conditione
605 787 775 851 censebant
797 787 881 850 inter
896 785 1029 852 Sanctos
1051 785 1270 862 referendum,
1289 785 1440 849 videlicet
1460 785 1487 849 si
1509 803 1586 849 vcra
1607 790 1709 865 erant,

119 906 190 972 quae
210 891 251 954 ab
265 895 390 956 oratore
415 891 586 958 Octaviano
609 894 648 958 de
670 894 804 974 meritis,
833 897 865 958 et
885 893 1048 957 miraculis
1067 893 1195 957 recitata
1217 893 1354 957 lucrant.
1378 892 1519 957 Tandem
1544 893 1711 989 communi

119 1002 191 1062 voto
204 1002 340 1063 ventum
361 1000 459 1064 estin
482 1000 591 1066 Causae
612 1003 908 1084 sententiamque
933 1000 1009 1078 fuit,
1027 1003 1065 1064 ut
1088 1000 1235 1082 proximo
1259 1000 1309 1064 die
1331 1004 1427 1082 juxta
1445 999 1710 1064 consuetudinem

118 1106 296 1170 ceremonia
315 1107 417 1186 deret,
434 1126 509 1190 quaa
530 1108 566 1171 in
589 1109 812 1174 canonizandis
832 1109 952 1173 servari
976 1110 1141 1173 consuevit
1143 1155 1204 1173 .....
1228 1108 1283 1172 llic
1305 1126 1383 1173 vero
1399 1108 1575 1185 dominico,
1591 1125 1707 1187 mane,

117 1211 211 1293 bora,
227 1231 293 1295 qua
306 1214 471 1278 consuevit
490 1215 545 1295 agi
565 1215 675 1280 divina
696 1234 762 1292 res,
781 1234 959 1281 convenere
981 1215 1157 1280 cardinales
1178 1219 1211 1280 ct
1231 1215 1355 1298 praelati
1377 1234 1505 1295 omnm,
1521 1219 1570 1280 etc
1575 1263 1635 1280 .....
1652 1215 1710 1280 His

117 1321 267 1403 peractis,
282 1326 467 1403 procurator
480 1322 729 1388 canonizationis
748 1324 838 1406 petiit
856 1323 1012 1387 instanter
1032 1322 1214 1406 apontiticc
1232 1323 1452 1405 pronuntiari,
1478 1326 1510 1387 et
1525 1324 1705 1388 canonizari

116 1426 248 1491 beatum
266 1426 541 1507 Bonavcnturarn,
559 1429 610 1493 his
628 1430 735 1493 verbis
754 1430 925 1495 videlicet:
944 1429 1127 1495 Beatissime
1146 1429 1254 1508 Pater,
1272 1430 1488 1511 scriptumest
1510 1430 1534 1509 (1
1555 1431 1705 1510 loannis)

116 1535 203 1619 quod
215 1540 279 1599 tres
293 1540 379 1615 sunt,
394 1537 451 1618 qui
464 1536 683 1601 testimonium
696 1537 866 1620 perhibent
877 1539 910 1601 in
925 1538 1016 1613 coelo,
1033 1536 1137 1618 Pater,
1151 1534 1304 1612 Verbum,
1319 1542 1351 1600 et
1365 1536 1501 1620 Spiritus
1515 1535 1661 1615 Sanctus
1677 1544 1709 1604 et

114 1642 150 1705 hi
163 1646 229 1706 tres
245 1643 464 1707 testimonium
477 1643 647 1724 dederunt,
662 1644 748 1727 quod
761 1645 873 1709 beatus
890 1644 1114 1710 Bonaventnra
1127 1643 1167 1708 de
1182 1642 1391 1725 balneoregio
1409 1645 1572 1726 quondam
1586 1645 1707 1710 ordinis

114 1749 252 1814 fratrum
266 1750 430 1815 minorum
442 1751 618 1831 generalis,
632 1769 670 1815 ac
687 1752 892 1836 postmodum
912 1751 944 1817 S.
961 1752 998 1815 lt.
1013 1752 1049 1816 E.
1074 1750 1259 1826 cardinalis,
1276 1756 1308 1814 et
1320 1751 1486 1834 episcopus
1500 1752 1706 1835 Albanensis,

114 1857 226 1922 veniat
236 1857 484 1939 canonizandus,
498 1862 535 1923 ut
547 1863 632 1942 patet
647 1878 704 1942 per
717 1878 883 1942 processus
895 1859 1120 1924 commissione
1132 1858 1305 1922 sanctitatis
1326 1863 1459 1936 vestrae,
1474 1863 1506 1923 et
1522 1860 1710 1926 auctoritate

114 1964 287 2046 apostolica
300 1966 468 2031 conlectos.
486 1965 555 2048 Ego
569 1965 679 2032 Frater
692 1965 805 2030 Petrus
820 1966 1007 2050 Rodulpbus
1020 1966 1060 2030 dc
1073 1963 1251 2046 Viglevano
1266 1967 1390 2048 praeiati
1402 1964 1527 2031 Ordinis
1541 1965 1709 2032 Minorum

115 2072 149 2134 in
173 2072 263 2135 alma
285 2072 378 2137 Curia
400 2078 505 2139 vestra
526 2073 730 2151 Procurator,
756 2092 845 2151 meo,
870 2079 902 2139 ct
924 2074 1142 2157 procuratorio
1167 2072 1294 2139 Ordinis
1310 2072 1434 2155 praelati
1455 2073 1655 2155 nominibus,
1671 2094 1708 2140 ac

114 2179 210 2243 ctiam
237 2181 423 2246 nominibus
448 2180 646 2247 Serenissimi
675 2179 893 2247 Romanorum
914 2181 1134 2265 Imperatoris,
1159 2184 1190 2243 et
1220 2179 1480 2245 christianissimi
1509 2179 1708 2246 Francorum

79 2331 83 2338 ·
114 2285 228 2368 Regis,
243 2287 445 2372 aliorumque
456 2289 598 2371 Regum,
615 2288 754 2369 Ducum,
770 2288 972 2373 Principum,
988 2293 1038 2353 etc
1041 2335 1102 2353 .....
1118 2292 1149 2352 et
1163 2306 1205 2351 ex
1217 2291 1307 2369 parte
1321 2285 1376 2386 SS:
1391 2286 1567 2366 Trinitatis,
1588 2287 1707 2371 Patris,

113 2399 144 2457 et
157 2392 246 2472 Filii,
262 2398 293 2458 et
307 2392 444 2478 Spiritus
458 2397 571 2474 sancti,
586 2396 654 2480 qui,
668 2401 706 2460 nt
717 2397 887 2481 praelatum
901 2402 958 2477 est,
974 2397 1012 2461 de
1027 2396 1129 2479 ipsius
1142 2395 1245 2477 gloria
1256 2394 1411 2459 testificati
1426 2395 1569 2475 luerunt,
1584 2396 1710 2462 instan-
1748 2448 1750 2451 .

113 2505 171 2580 ter,
189 2502 380 2582 instantius,
394 2507 427 2567 ct
441 2504 668 2568 instantissime
681 2504 811 2588 requiro
825 2505 973 2588 supplex,
987 2508 1019 2568 et
1030 2504 1195 2584 adstringo
1209 2503 1407 2565 sanctitatem
1420 2505 1573 2582 vestram,
1587 2522 1654 2568 non
1671 2505 1710 2570 de

113 2610 232 2691 gratia,
245 2609 351 2674 sedda
364 2610 479 2690 debito,
491 2630 528 2676 ac
541 2630 630 2676 mera
639 2613 774 2696 justitia,
786 2617 944 2696 quatenus
957 2630 1046 2676 nunc
1058 2611 1098 2675 de
1113 2610 1261 2693 praesenti
1272 2610 1312 2674 ad
1327 2608 1605 2674 Canonizationem
1620 2613 1708 2677 Beati

114 2716 368 2795 Beneventurae,
382 2719 559 2782 secundum
572 2720 659 2801 qnod
672 2720 707 2783 in
721 2721 857 2804 publicis
873 2719 1072 2784 Consistoriis
1083 2718 1247 2781 decretum
1258 2716 1334 2796 luit,
1350 2717 1507 2783 nedictus
1521 2715 1638 2783 Beatus
1648 2738 1708 2784 suo

113 2827 284 2890 fraudetur
304 2826 442 2905 honore,
462 2826 631 2909 procedere
654 2826 793 2891 debeatis
806 2827 846 2892 ad
860 2827 1046 2891 orthodoxae
1069 2824 1172 2901 Fidei,
1193 2828 1225 2888 et
1247 2823 1279 2888 S.
1301 2822 1337 2888 ll.
1359 2825 1600 2907 exaltationem,
1616 2831 1649 2891 et
1668 2828 1709 2892 ad

114 2931 245 2998 laudem
261 2933 493 3015 Omnipotentis
506 2933 574 3011 bei,
588 2935 645 3018 qui
658 2934 751 3015 vivit,
767 2939 799 2999 et
810 2938 925 3017 regnat
940 2935 974 2998 in
986 2934 1105 2999 saecula
1117 2932 1321 2998 saeculorum.
1336 2931 1441 2996 Amen
1451 2940 1473 2997 ¹.
1492 2954 1508 2992 o

145 3096 303 3220 :lpssgltorio
316 3099 384 3151 Rom.
396 3099 428 3152 de
441 3099 505 3153 Sinti
518 3099 550 3154 lV
566 3100 730 3164 Pontificum,
744 3103 809 3153 tom.
819 3102 900 3154 lllllll
916 3101 1039 3167 scriptor.
1051 3113 1136 3152 rerum
1149 3098 1232 3152 ltalia.
1248 3100 1277 3152 G.
1290 3099 1321 3152 V.
1336 3097 1437 3152 Ludov.
1449 3096 1555 3150 Antonii
1567 3097 1709 3164 Muratorii,

114 3180 164 3219 co.
225 3206 233 3221 .
