4100 6300
333 538 391 586 xv1
948 522 981 587 S.
1007 520 1310 588 BONAVENTURAE

333 655 414 721 berti
428 653 481 721 Fr.
496 655 568 720 Ord.
584 654 688 720 Praed.
702 655 742 721 ad
755 655 817 720 hoc
830 655 1006 738 specialiter
1018 676 1039 722 a
1052 658 1087 722 D.
1104 656 1189 741 Papa
1199 657 1306 723 vocati
1315 657 1337 720 ¹.
1353 676 1369 715 1
1385 654 1509 722 1166661
1524 659 1633 721 autem
1646 656 1793 721 omnium
1806 656 1928 739 661166-

332 763 419 829 diam
432 764 572 829 cecinere
591 763 666 828 1111.
685 763 750 830 Odo
766 764 804 829 de
820 763 948 843 Duaeo,
970 769 1003 829 et
1023 765 1220 831 Christianus
1235 764 1455 844 Belvacensis,
1476 764 1532 847 qni
1545 764 1724 830 Academiae
1742 763 1928 828 Parisiensis
2025 776 2028 781 ’

333 877 439 956 partes
450 875 482 936 et
495 890 626 936 causam
641 871 730 937 velut
743 890 802 956 pro
820 873 887 936 aris
908 876 940 936 et
950 873 1029 937 focis
1041 873 1114 937 tuiti
1126 874 1262 938 fuerant.
1276 871 1326 937 Ad
1338 872 1410 936 haec
1419 875 1591 954 juravere,
1607 892 1640 937 se
1653 872 1847 955 Aquinatem
1860 892 1927 937 non
2043 902 2044 949 ς

333 979 462 1057 minus,
483 997 582 1062 quam
601 977 877 1058 bonaventuram,
898 980 932 1043 in
952 980 1146 1061 amicitiam,
1162 981 1277 1060 fldem,
1291 984 1323 1043 et
1336 980 1567 1061 magistrorum
1587 981 1768 1045 societatem
1781 984 1928 1063 receptu-

333 1105 397 1152 ros.
412 1086 628 1164 Quamobrem
644 1085 844 1165 Cardinales‚
864 1087 921 1170 qui
933 1087 1010 1153 huic
1025 1088 1156 1170 negotio
1171 1090 1351 1172 praeerant,
1368 1087 1621 1154 lustramentum
1636 1089 1749 1152 6661161
1758 1090 1928 1171 Jusserunt

335 1198 522 1274 66661156,
535 1195 587 1259 dic
599 1198 639 1258 13
652 1194 788 1258 octobris
801 1213 809 1258 :
824 1195 859 1258 in
872 1213 937 1278 quo
951 1196 1034 1261 inter
1048 1201 1152 1261 cetera
1163 1197 1350 1261 mandatum
1363 1196 1423 1260 fnit
1435 1195 1610 1277 magistris,
1626 1219 1641 1256 6
1654 1198 1692 1259 61
1703 1194 1829 1261 Fratres
1844 1195 1928 1260 Prae·

334 1303 487 1369 dicatores
498 1303 637 1368 Minores
651 1301 780 1368 Parisiis
797 1303 968 1384 degentes,
986 1305 1157 1386 magistros
1172 1310 1205 1369 et
1220 1305 1380 1370 auditores
1398 1323 1532 1383 eornm,
1546 1308 1579 1368 et
1589 1303 1765 1387 specialiter
1776 1323 1813 1369 ac
1825 1305 1929 1368 nomi·

333 1411 435 1476 natim
450 1410 575 1476 Fratres
589 1409 746 1476 Thomam
760 1411 799 1475 de
812 1410 941 1493 Aquino
956 1412 995 1476 de
1009 1411 1127 1478 Ordine
1142 1411 1410 1490 eradicatorem,
1431 1415 1463 1475 et
1477 1409 1737 1476 Bouaventuram
1754 1411 1794 1476 de
1812 1411 1928 1478 Ordine

333 1517 496 1583 Minorum
508 1519 650 1584 doctores
663 1518 835 1600 theologiae
850 1538 891 1583 ex
904 1522 983 1583 tunc
995 1524 1156 1602 quantum
1169 1521 1204 1584 in
1217 1520 1264 1584 616
1281 1525 1382 1598 esset,
1406 1521 1442 1584 in
1462 1519 1645 1585 societatem
1664 1519 1886 1584 scholasticam
1898 1523 1930 1585 61

334 1626 374 1690 ad
387 1624 630 1691 Universitatem
648 1626 859 1691 Parisiensem
877 1627 1073 1711 reciperent,
1093 1631 1125 1692 et
1142 1646 1290 1713 expresse
1304 1627 1447 1692 doctores
1462 1629 1547 1711 ipsos
1563 1628 1740 1711 reciperent
1752 1631 1790 1692 ut
1807 1628 1930 1709 magis-

336 1735 433 1800 tros¹.
447 1754 463 1794 1
478 1732 707 1799 Verumtamen
727 1734 891 1818 promissis
911 1754 979 1799 non
997 1739 1109 1801 stetere
1129 1735 1333 1800 Academici:
1353 1754 1430 1799 nam
1450 1753 1539 1817 aegre
1560 1736 1695 1801 ferentes
1712 1735 1927 1818 palinodiam,

334 1860 432 1924 qnam
450 1844 560 1906 contm
579 1841 765 1906 Parisiensis
777 1841 997 1907 Universitatis
1008 1845 1100 1925 jussa
1113 1843 1292 1907 cecinerant
1307 1842 1466 1924 Anagniae
1483 1842 1651 1924 magistri,
1670 1842 1753 1926 passi
1773 1861 1842 1907 non
1855 1849 1930 1909 sunt

335 1952 372 2013 ut
384 1948 528 2032 Aquinas
540 1953 572 2013 et
584 1947 809 2014 bonaventura
827 1950 1004 2031 magisterii
1022 1950 1103 2014 rude
1120 1950 1327 2014 donarentur.
1346 1949 1405 2015 Ubi
1423 1949 1559 2015 Parisios
1577 1950 1669 2015 rediit
1682 1950 1928 2030 Bonaventura,

335 2073 466 2140 sperans
477 2057 557 2121 forte
571 2075 603 2121 se
618 2061 812 2124 conventum
825 2058 859 2121 in
870 2057 1007 2140 episcopi
1020 2057 1095 2121 aula
1105 2056 1310 2134 habiturum,
1326 2058 1460 2141 diruptis
1474 2058 1624 2121 omnibus
1637 2058 1802 2122 modestiae
1814 2057 1928 2134 modis,

336 2163 491 2229 invirum
504 2167 688 2247 ceteroquin
701 2165 861 2229 insontem
874 2166 1015 2228 furentes
1027 2164 1211 2229 debacchati
1223 2168 1300 2228 sunt
1312 2164 1503 2228 Academici.
1528 2164 1658 2228 Interim
1677 2165 1849 2230 commisso
1870 2165 1928 2229 sibi

337 2270 431 2353 gregi
441 2289 507 2334 non
522 2271 640 2351 defuit,
661 2272 714 2336 sed
733 2272 851 2355 profuit
864 2273 1028 2336 maxime:
1052 2292 1130 2337 nam
1144 2290 1219 2336 cum
1233 2273 1355 2335 videret
1375 2272 1492 2349 multa,
1514 2273 1648 2355 hacque
1670 2274 1867 2337 correctione
1883 2274 1929 2336 di·

336 2396 421 2459 gna,
438 2378 523 2441 mala
537 2379 571 2441 in
585 2376 735 2443 Ordinem
754 2380 934 2444 clanculum
952 2381 1135 2462 irrepsisse,
1157 2382 1253 2465 coepit
1269 2382 1429 2465 gradatim
1445 2402 1483 2447 ea
1500 2384 1684 2459 restituere,
1703 2400 1778 2465 quae
1795 2399 1931 2445 consue·

337 2486 414 2549 tudo
433 2486 547 2550 vitiosa
562 2482 755 2550 detraxerat
772 2487 806 2552 ld
825 2506 891 2570 quo
909 2488 1034 2552 facilius
1050 2493 1178 2570 ageret,
1196 2490 1382 2571 epistolam,
1404 2508 1503 2573 quam
1522 2490 1716 2572 encyclicam
1737 2488 1929 2568 nominant,

337 2610 412 2656 cum
425 2592 490 2657 sale
498 2592 708 2657 humanitatis
721 2612 863 2677 sparsam
875 2645 884 2675 ,
900 2600 970 2659 tum
985 2596 1104 2659 amoris
1117 2597 1200 2660 notis
1213 2597 1395 2679 insignem,
1411 2598 1564 2662 universo
1577 2598 1662 2662 dedit
1676 2597 1804 2675 Ordini;
1818 2597 1853 2659 in
1868 2615 1931 2678 qna

337 2718 371 2763 66
383 2704 488 2764 totum
507 2703 542 2765 in
562 2702 775 2767 convellendis
794 2703 888 2767 malis
904 2707 1095 2785 occupatum
1113 2704 1260 2767 ostendit.
1282 2705 1358 2769 llaec
1377 2724 1473 2788 porro
1492 2705 1643 2788 epistola,
1665 2723 1739 2786 quae
1761 2705 1846 2767 inter
1863 2706 1931 2784 ejus

338 2804 439 2889 Opera
448 2808 630 2886 collocatur,
646 2808 774 2873 Parisiis
787 2809 859 2874 data
872 2810 933 2873 fuit
946 2814 1133 2891 66661157,
1147 2816 1167 2875 9
1181 2811 1240 2875 cal.
1253 2812 1340 2876 maii.
1352 2812 1444 2876 Hisce
1457 2813 1553 2876 rebus
1566 2802 1929 2876 Bonaventurae'soflici-

337 2915 427 2993 tudo,
443 2917 554 2981 nitoris
567 2918 672 2996 ardor,
689 2917 862 3000 sapientia,
877 2936 914 2981 ac
926 2918 1096 3000 prudentia
1109 2919 1154 2982 616
1168 2919 1328 2995 inclaruit,
1344 2925 1381 2984 nt
1393 2920 1574 2984 Alexander
1587 2918 1639 2998 tv,
1656 2920 1709 2982 cui
1724 2937 1853 2983 summo
1867 2924 1933 2982 erat

338 3023 373 3087 in
385 3023 504 3106 pretio,
523 3024 716 3107 gravissimo
733 3025 774 3089 ad
785 3024 875 3087 illum
894 3023 1071 3107 Diplomate
1089 3027 1207 3103 misso,
1225 3044 1292 3090 non
1310 3027 1405 3091 modo
1425 3027 1558 3091 calcaria
1575 3026 1750 3106 addiderit,
1771 3026 1826 3091 sed
1844 3025 1931 3089 miris

338 3129 598 3202 illum'landibus,
614 3133 711 3197 etiam
730 3133 883 3197 evexerit.
905 3130 1023 3198 Notata
1043 3138 1118 3197 6661
1136 3133 1255 3215 digna,
1281 3153 1355 3218 quae
1375 3134 1416 3199 ad
1437 3134 1555 3199 calcem
1579 3134 1762 3218 inlomatis
1784 3133 1931 3218 adjunxit

339 3242 540 3307 Alexander:
557 3264 573 3303 c
590 3241 767 3318 Caeterum,
785 3243 926 3324 tnqnttt,
943 3241 1021 3323 quia
1035 3259 1092 3323 pro
1108 3246 1193 3306 certo
1209 3247 1376 3322 tenemus,
1398 3243 1484 3325 quod
1499 3243 1573 3307 data
1587 3243 1627 3305 sit
1642 3242 1698 3305 tibi
1717 3242 1842 3306 coelitus
1857 3260 1931 3324 gra-

338 3351 382 3414 tia
396 3348 530 3432 regendi
549 3348 718 3412 salubriter
737 3349 895 3432 populum
913 3353 1059 3412 sanctum
1080 3348 1154 3429 liei,
1178 3368 1215 3414 ac
1237 3352 1381 3433 cJusdem
1403 3351 1623 3432 gubernacula
1639 3351 1763 3415 Ordinis
1783 3368 1931 3433 prospere

339 3457 513 3538 dirigendi;
529 3454 671 3521 Nobisde
683 3462 713 3520 16
722 3457 839 3520 fiducia
849 3474 969 3538 magna
978 3456 1202 3539 6166616616),
1211 3459 1408 3540 quoddictus
1423 3459 1505 3523 Ordo
1521 3465 1550 3523 te
1562 3457 1610 3521 illi
1624 3458 1813 3541 praesidente
1827 3457 1931 3521 conti-

339 3565 445 3628 nuatis
461 3568 640 3629 concrescet
653 3564 856 3646 augmentis,
874 3565 1008 3648 eJ'usque
1022 3567 1142 3644 status,
1159 3570 1288 3629 auctore
1309 3565 1393 3645 Deo,
1415 3570 1507 3647 grata
1520 3566 1670 3648 suscipiet
1684 3584 1742 3649 per
1756 3568 1852 3630 tuum
1869 3564 1930 3628 mi-

338 3673 507 3738 nisterium
521 3675 718 3739 incrementa
733 3673 929 3737 virtutum...
944 3672 1059 3735 flatum
1073 3671 1211 3748 Viterbi,
1230 3675 1269 3734 11
1284 3672 1343 3735 661.
1360 3673 1524 3749 novemb,
1540 3691 1626 3736 anno
1642 3675 1732 3736 arar.

380 3780 447 3845 Sub
460 3780 531 3845 haec
544 3781 735 3845 tumultuari
748 3780 869 3844 desiere
886 3778 1079 3844 Parisienses
1094 3779 1295 3858 Academici,
1310 3784 1342 3842 61
1360 3797 1436 3861 6666
1452 3797 1526 3842 cum
1541 3778 1793 3844 blendicantibus
1808 3785 1932 3845 utcum-

340 3908 404 3972 que
418 3889 517 3968 inita,
533 3890 698 3971 Principio
715 3908 732 3952 a
748 3887 974 3953 bonaventura
990 3888 1074 3950 circa
1088 3887 1207 3950 mensis
1225 3886 1362 3950 octobris
1376 3888 1476 3950 finem
1493 3887 1620 3966 habito,
1638 3887 1802 3966 volentes,
1819 3889 1932 3953 nolen-

340 4002 407 4076 tes,
421 3996 616 4061 interfuere:
641 3996 750 4078 sicque
765 3994 939 4077 Magisterii
951 3994 1119 4074 lauream,
1140 4014 1237 4077 quam
1261 4013 1317 4077 per
1335 4013 1502 4059 summum
1519 3994 1608 4058 nefas
1623 3996 1663 4058 ab
1679 3995 1733 4059 illo
1750 3996 1933 4060 nitebantur

340 4103 477 4184 auferre,
492 4103 631 4167 obtinuit
641 4103 781 4167 tandem.
794 4099 856 4166 Sed
870 4102 948 4184 quid
961 4101 1002 4165 ab
1014 4121 1101 4166 anno
1115 4105 1205 4181 1157,
1221 4121 1286 4184 qno
1298 4120 1374 4165 cum
1387 4103 1546 4185 Aquinate
1555 4100 1728 4183 Magisterii
1742 4103 1821 4166 rude
1834 4104 1932 4167 dona-

305 4261 306 4265 .
341 4214 395 4275 166
407 4211 484 4290 1611,
497 4209 651 4293 usquead
665 4228 787 4273 annum
802 4213 893 4290 1160,
908 4228 973 4293 quo
990 4209 1120 4273 comitia
1134 4210 1297 4290 generalia
1309 4208 1468 4273 Narbonae
1484 4210 1666 4286 celebravit,
1683 4211 1772 4292 quid,
1787 4210 1930 4294 inquam,

339 4317 393 4383 ille
406 4318 519 4399 egerit,
533 4335 731 4400 quamquam
744 4317 836 4381 nobis
848 4321 1048 4400 compertum
1062 4335 1128 4381 non
1141 4317 1201 4395 sit,
1213 4319 1359 4400 conjectu
1371 4322 1478 4381 tamen
1490 4336 1631 4400 pronum
1645 4322 1708 4398 661,
1722 4317 1932 4382 inbecillum

340 4426 516 4503 laborasse,
537 4429 575 4489 61
594 4424 821 4488 Parisiensium
839 4424 1030 4490 damnatum
1047 4425 1191 4489 libellum
1211 4426 1327 4508 scripto
1343 4426 1531 4489 confutaret.
1550 4423 1671 4490 Verum
1687 4426 1726 4490 de
1744 4427 1860 4509 scripto
1875 4426 1933 4490 hoc

340 4535 429 4599 alias.
444 4533 539 4598 Anno
551 4532 658 4615 itaque
673 4535 772 4612 laco,
793 4532 828 4595 in
844 4530 1041 4597 Pentecostes
1053 4534 1152 4613 16616,
1173 4533 1259 4616 quod
1273 4533 1307 4598 in
1323 4532 1435 4595 10661.
1449 4533 1535 4613 junii
1552 4533 1681 4609 incidit,
1698 4533 1819 4598 vocatis
1831 4532 1931 4598 comi-

341 4641 412 4721 tiis,
429 4640 580 4705 Generale
595 4639 775 4721 Capitulum
789 4637 948 4704 Narbonae
967 4641 1055 4721 egit,
1071 4641 1105 4704 16
1123 4659 1189 4722 quo
1209 4659 1284 4704 cnm
1303 4640 1404 4703 malta
1418 4641 1602 4723 prudenter,
1621 4644 1695 4704 tum
1710 4645 1794 4705 recte
1808 4641 1930 4717 sanxit,

341 4768 416 4833 quae
429 4749 568 4812 multum
583 4745 692 4812 Ordini
709 4745 868 4829 proluere.
884 4746 901 4811 J
905 4767 997 4811 ussus
1006 4748 1090 4811 hica
1103 4748 1250 4812 Patribus
1263 4747 1340 4824 fuit,
1359 4750 1396 4810 61
1408 4746 1633 4829 perquisitius,
1649 4766 1747 4830 quam
1762 4750 1932 4814 666611166-

342 4862 388 4921 tes
400 4858 558 4935 fecerant,
578 4854 683 4920 Sancti
700 4853 858 4918 Francisci
873 4853 977 4919 llitam
993 4857 1227 4920 conscriberet:
1245 4873 1342 4938 quem
1356 4854 1487 4937 quidem
1501 4855 1642 4919 laborem
1656 4874 1724 4919 non
1736 4857 1929 4939 suscepisset,

342 4961 1157 5048 6161111661116116616166661611666616666166,
1173 4962 1332 5047 6611616116
1350 4979 1473 5045 quoqne
1489 4963 1627 5044 66611611
1644 4979 1773 5030 concors
1785 4964 1931 5029 inducia·

343 5080 390 5141 661
406 5075 599 5140 instantiae
617 5071 763 5135 Generali
776 5071 879 5134 soluto
891 5070 1049 5152 capitulo,
1065 5091 1103 5135 ac
1115 5072 1267 5137 omnibus
1280 5071 1438 5153 sapienter
1453 5070 1648 5150 constitutis,
1668 5069 1766 5136 Gallia
1779 5072 1931 5154 profectus

261 5173 264 5177 ’
344 5180 1374 5263 6616161116,611666661611116,66666166116616,6111666166
1393 5178 1468 5246 Vtri
1483 5177 1610 5259 Sancti,
1626 5177 1928 5259 1166661661611161,

380 5305 555 5373 11666666116
568 5304 673 5370 161166,
687 5305 733 5356 lib.
746 5305 766 5354 lt
774 5342 783 5370 ,
798 5317 859 5368 cx,
872 5308 950 5369 1123,
965 5320 992 5371 p.
1004 5309 1060 5358 115.

374 5380 469 5445 ’Apud
482 5377 627 5439 Bottiaeam,
640 5381 704 5425 tom.
717 5377 767 5440 lll,
781 5391 809 5441 6.
819 5381 876 5427 311.

375 5452 538 5504 tridatem.
551 5450 571 5500 ll
586 5446 680 5498 Annei.
694 5447 834 5512 Waddingi
846 5448 879 5497 ad
888 5461 950 5498 ann.
964 5452 1034 5514 1111,
1049 5465 1075 5514 p.
1087 5454 1142 5509 111,
1156 5464 1183 5499 6.
1194 5460 1221 5500 r.

376 5525 533 5576 18116661.
546 5518 575 5570 in
586 5517 689 5584 Proloq-
706 5517 774 5569 Vitoe'
783 5517 811 5568 S.
822 5518 961 5571 tranant.
975 5547 1006 5560 -
1022 5520 1136 5586 (alftan.
1150 5520 1208 5570 Ven.
1218 5519 1354 5583 probetur.
