4100 6300
544 479 641 545 lllST.
664 476 755 543 XXX.
777 472 867 539 ΑΙΙΙ.
891 473 915 537 Ι.
939 468 1089 549 QUAEST.
1111 468 1151 533 ΙΙ.

40 600 213 685 ‘utonem
235 615 376 698 aliquam
397 615 513 679 tactam
535 616 570 678 in
595 613 684 696 ipso,
711 613 765 676 sed
795 610 831 673 in

84 731 206 793 creatura
224 743 232 789 :
251 728 283 788 et
299 723 377 788 illud
399 723 646 787 determinatum
660 725 707 784 est
721 737 829 802 supra,

82 832 264 900 distinctione
277 848 347 895 ιιιι.

327 1079 505 1157 QUAESTIO
527 1081 566 1145 ΙΙ,

41 1310 56 1317 ,.
79 1240 119 1291 Aa
131 1234 215 1290 omnia
227 1248 285 1305 que
295 1232 327 1289 de
337 1236 390 1290 Deo
405 1250 438 1289 ca
450 1237 565 1307 ternpore
577 1226 714 1298 dicuntur,
728 1248 780 1305 per
792 1249 829 1301 re,

237 1324 280 1379 uel
298 1339 349 1396 per
362 1323 483 1381 occiderer
495 1324 622 1381 dicontur
634 1322 653 1376 ¹.

48 1520 66 1541 .·
112 1482 250 1548 Secundo
275 1485 444 1566 qnaeritnr,
459 1489 572 1549 utrum
590 1501 663 1566 quae
681 1483 832 1548 dicuntur

75 1593 110 1656 de
121 1590 180 1655 lleo
193 1608 233 1653 ex
246 1594 399 1674 tempore,
410 1592 556 1656 dicantur
574 1611 631 1673 per
645 1609 690 1669 se,
705 1590 757 1655 vel
776 1608 833 1673 per

47 1734 49 1738 ·
75 1698 218 1763 accidens.
228 1697 268 1761 Et
280 1698 364 1781 qnod
374 1698 551 1762 secundum
563 1698 718 1775 accidens,
730 1702 832 1762 osten·

73 1804 153 1870 ditur
172 1805 232 1869 hoc
246 1805 342 1869 modo
358 1827 365 1869 :
381 1804 592 1886 Augustinus,
615 1803 642 1870 Ι
661 1803 700 1870 de
723 1805 834 1871 buot-

40 1976 41 1979 ,
74 1918 132 1979 ute
142 1914 165 1992 ¹,
179 1911 356 1977 ethabetur
366 1912 401 1975 in
412 1912 518 1976 littera
531 1935 538 1976 :
552 1936 568 1973 a
581 1911 671 1988 Quod
683 1912 833 1978 dominus

40 2068 41 2071 ,
55 2018 302 2099 ¹cssethominis,
315 2038 356 2083 ex
368 2023 509 2101 tempore
520 2018 632 2084 accidit
641 2018 680 2082 ei.
695 2041 711 2079 a

46 2186 50 2201 ,
107 2130 136 2189 t.
158 2126 235 2190 ltem
252 2127 314 2190 hoc
327 2127 433 2209 ipsum
454 2126 580 2191 videtur
597 2126 741 2191 ratione:
757 2126 833 2209 quia

68 2250 159 2296 omne
177 2233 261 2315 quod
284 2233 371 2298 adest
391 2237 423 2296 et
446 2235 534 2297 abest
552 2238 669 2317 practer
690 2236 778 2315 ejus,
794 2234 833 2298 de

42 2420 43 2423 Ἴ
67 2356 128 2420 quo
145 2339 273 2419 dicitur,
294 2341 549 2423 corruptionem,
572 2340 764 2423 predicatur
782 2360 834 2405 se·

40 2530 41 2533 ¹
65 2447 207 2511 cundum
220 2449 364 2513 accidens
375 2453 397 2528 ⁸,
411 2449 481 2512 haec
494 2452 540 2512 est
552 2466 608 2530 per
618 2468 651 2513 se
662 2452 739 2512 nota
755 2467 764 2512 ι
778 2449 833 2513 sed

66 2554 173 2617 omnia
191 2554 262 2619 haec
283 2573 356 2637 quae
382 2555 595 2637 temporaliter
619 2555 771 2620 dicuutur
794 2555 833 2620 de

64 2660 138 2740 ileo,
156 2665 233 2726 sunt
243 2661 430 2744 thusmodi
446 2684 453 2725 :
469 2680 557 2743 ergo,
573 2666 632 2726 etc.

101 2773 131 2831 3.
148 2767 232 2832 Item
241 2769 327 2851 quod
342 2768 532 2852 praedicatur
545 2788 601 2853 per
614 2788 648 2833 se
660 2770 699 2835 de
711 2769 832 2853 aliquo,

59 2891 189 2957 semper
202 2876 286 2939 inest
295 2874 342 2938 illi
355 2876 366 2910 ⁸
377 2895 386 2939 ι
397 2893 488 2957 ergo,
503 2876 543 2939 ab
557 2876 726 2959 oppositis,
748 2878 834 2960 quod

57 2980 254 3062 predicatur
271 2982 311 3046 de
325 2982 450 3064 aliquo,
472 2985 582 3047 elnon
596 3000 721 3066 semper
739 2984 832 3065 inest,

57 3090 255 3172 praedicatur
268 3107 333 3155 non
354 3108 411 3173 per
429 3108 482 3169 se;
498 3108 577 3172 ergo
595 3108 653 3174 per
666 3092 833 3157 accidens:

54 3199 110 3263 sed
123 3198 206 3263 talia
216 3204 292 3262 sunt
304 3199 491 3281 huJusmodi
500 3200 651 3264 nomina:
667 3219 758 3282 ergo,
773 3206 833 3265 etc.

95 3312 128 3371 t.
146 3307 241 3386 item,
252 3324 348 3372 omne
362 3307 446 3389 quod
459 3308 650 3389 praedicatur
664 3309 703 3372 de
715 3309 833 3392 aliquo,

51 3421 111 3480 aut
123 3422 176 3481 est
188 3416 394 3482 convertibile
408 3434 483 3481 cum
492 3418 643 3499 subjecto,
657 3423 713 3482 aut
726 3418 765 3483 de
778 3438 835 3483 ra-

52 3525 144 3588 tione
159 3520 308 3605 subjecti,
319 3529 375 3588 aut
388 3524 579 3607 praedicatur
588 3542 645 3607 per
654 3524 832 3590 ecciders‘:

47 3631 110 3694 sed
123 3630 321 3712 hujusmodi
340 3631 472 3695 nomine
493 3649 553 3694 nec
569 3637 646 3695 sunt
662 3632 701 3697 de
712 3632 836 3698 ratione

48 3734 122 3814 Ilei,
138 3753 205 3798 nec
214 3735 444 3815 convertibilia,
460 3741 497 3800 nt
509 3739 596 3819 patet
608 3735 647 3800 de
660 3737 721 3801 hoc
734 3738 836 3802 nomi-

47 3862 105 3922 ne,
123 3844 289 3909 Dominus
305 3867 312 3907 :
327 3862 418 3925 ergo,
433 3848 492 3907 etc.

91 3950 221 4014 Contra
243 3972 251 4012 ι
273 3951 494 4032 Augustinus,
513 3950 540 4015 V
559 3950 598 4017 de
628 3951 834 4019 Trinitatffl:

45 4083 62 4118 ιι
81 4057 184 4121 Nihil
199 4058 376 4121 secundum
389 4058 533 4122 accidens
544 4058 658 4123 dicitur
670 4060 709 4124 de
725 4059 799 4125 Deo.
815 4082 831 4120 r>

89 4166 103 4230 Ι
107 4172 185 4230 tem
199 4165 375 4230 ostenditur
388 4165 522 4242 ratione,
535 4167 612 4249 quia
629 4166 663 4230 in
677 4185 836 4250 quocum-

40 4293 114 4356 que
130 4278 188 4338 est
203 4291 321 4355 ponere
340 4273 502 4354 accidens,
516 4278 563 4338 cst
574 4293 691 4357 ponere
704 4294 834 4359 compo-

39 4381 228 4456 sitionem,
243 4384 276 4444 et
288 4397 345 4462 per
356 4398 553 4462 consequens
566 4382 753 4447 varietatem
763 4402 772 4446 :
782 4384 836 4448 sed

39 4491 219 4551 neutrum
231 4489 325 4551 estin
338 4487 401 4551 ileo
418 4506 426 4550 t
442 4505 532 4569 ergo,
547 4493 606 4552 etc.

82 4595 185 4660 Item
201 4612 297 4658 omne
314 4613 372 4677 per
388 4594 533 4658 accidens
550 4595 713 4660 reducitur
726 4598 766 4662 ad
780 4617 837 4680 per

39 4722 75 4766 se
93 4702 188 4766 :sed
204 4702 346 4766 reductio
355 4706 403 4766 est
410 4704 591 4786 posterioris
605 4705 644 4768 ad
656 4706 757 4787 prius,
770 4725 837 4770 non

39 4827 266 4875 econverso:
279 4808 550 4874 [leuseutemnon
558 4811 765 4895 habetprius,
777 4832 838 4879 nec

39 4915 263 5000 simpliciter,
282 4935 341 4980 nec
353 4917 530 4981 secuudum
546 4918 645 5001 quid:
662 4938 741 5002 ergo
755 4920 837 4986 nihil

39 5025 76 5089 le
93 5024 181 5088 Deo
201 5023 319 5088 dicitur
331 5024 509 5088 secundum
520 5025 674 5091 accidens.

68 5187 148 5250 ¹Cf.
169 5186 247 5235 Alex.
261 5185 370 5250 lllensis,
384 5200 411 5249 ρ.
424 5186 433 5235 Ι
440 5224 449 5250 ,
468 5200 494 5251 q.
506 5199 563 5253 ιιιι,
578 5190 675 5239 memb.
685 5192 713 5252 l,·
729 5191 756 5242 S.
768 5191 836 5243 Tho·

39 5273 116 5321 nas,
135 5271 174 5321 p.
191 5258 219 5322 l,
234 5271 261 5322 q.
272 5268 337 5321 ιιιι,
351 5261 400 5308 ert.
412 5259 441 5320 33
456 5259 536 5325 Scot,
561 5261 569 5309 l
591 5262 671 5322 sent„
694 5263 753 5313 dist.
766 5276 836 5329 ιιι,

39 5348 53 5382 ·.
69 5344 98 5381 ιι
107 5345 122 5394 ,·
142 5330 242 5393 AEgid.
253 5331 339 5394 Rom,
351 5332 361 5380 l
371 5331 450 5389 sect,
464 5331 523 5382 dist.
533 5344 596 5398 xxx,
609 5348 634 5398 q.
645 5346 676 5384 ιιι
683 5349 692 5398 ;
706 5334 837 5399 lticlrard,

51 5404 169 5463 Sena„
187 5401 247 5452 dist.
257 5412 327 5465 xxx,
345 5416 371 5467 q.
384 5413 402 5450 ιι
411 5417 420 5465 ;
442 5402 583 5468 ilenricus,
604 5405 631 5454 in
646 5404 756 5466 Quolib,
769 5420 794 5470 q.
808 5419 817 5457 1
826 5422 835 5471 ;

39 5472 196 5525 'runcise
212 5473 245 5523 de
258 5475 348 5538 lleyr,
367 5472 375 5522 l
395 5472 474 5537 Sene,
488 5475 547 5526 dist.
560 5487 629 5540 ιιι,
647 5490 674 5542 q.
688 5487 723 5542 11,
744 5478 835 5529 thom.

1592 472 1653 532 483

928 606 1006 671 ltem
1014 623 1111 670 omne
1120 602 1207 687 quod
1217 601 1332 667 dicitur
1341 600 1525 678 deductus,
1537 601 1577 666 de
1591 619 1657 665 uno

886 731 943 796 per
965 731 1017 791 se,
1038 712 1077 776 de
1097 711 1196 775 altero
1220 727 1278 791 per
1297 707 1458 786 accidens,
1477 708 1657 790 perfectiori

886 819 979 883 modo
998 819 1114 883 dicitur
1127 816 1166 881 de
1181 834 1231 893 eo,
1244 816 1283 880 de
1296 833 1361 896 qno
1380 815 1496 878 dicitnr
1507 833 1564 897 per
1576 820 1630 878 sel
1647 835 1655 878 ι

885 928 940 992 sed
953 926 1111 1009 quidquid
1129 924 1244 989 dicitur
1259 923 1298 988 de
1312 922 1385 1001 Deo,
1406 922 1522 986 dicitnr
1535 922 1658 1005 perfec-

886 1034 1027 1113 tissime3
1041 1050 1120 1114 ergo
1133 1030 1214 1095 nihil
1224 1031 1339 1095 dicitnr
1352 1030 1391 1093 de
1403 1027 1467 1093 lleo
1481 1028 1658 1093 secundnm

886 1141 1050 1206 accidens:
1068 1158 1147 1221 crgo
1160 1137 1348 1221 huJusmodi
1369 1136 1501 1200 nomina
1523 1154 1590 1201 non
1606 1135 1656 1199 di-

886 1252 1003 1312 cuntur
1018 1246 1058 1312 de
1070 1246 1134 1311 ileo
1146 1264 1204 1329 per
1217 1244 1362 1309 accidens
1376 1265 1383 1306 :
1399 1260 1479 1325 ergo
1491 1261 1549 1325 per
1561 1260 1606 1306 se.

1161 1507 1384 1577 CONCLUSIO.

888 1681 952 1749 Quo
964 1679 996 1735 de
1010 1680 1063 1734 lieo
1080 1692 1114 1733 ca
1128 1679 1244 1747 ternpore
1261 1673 1402 1740 dictatur,
1414 1672 1601 1745 predicentur
1609 1689 1661 1746 per·

922 1767 1057 1836 accidens,
1078 1781 1130 1840 pro
1149 1769 1250 1837 quanto
1275 1764 1307 1821 de
1329 1779 1358 1821 co
1377 1779 1432 1820 aon
1449 1766 1594 1821 necosarro
1614 1763 1658 1819 dt-

923 1864 1028 1916 cuntur.

926 2022 1019 2106 Resp.
1035 2021 1076 2086 ad
1090 2002 1168 2101 drg.
1184 2017 1360 2083 Dicendum
1372 2017 1457 2099 quod
1470 2018 1532 2082 dici
1546 2037 1660 2083 secun-

886 2131 966 2196 dum
978 2128 1123 2194 accidens
1137 2128 1186 2191 est
1197 2124 1372 2208 tripliciter.
1384 2122 1455 2189 Uno
1469 2125 1565 2190 modo
1578 2126 1657 2191 acci-

887 2239 964 2303 dens
975 2235 1089 2301 dicitur
1102 2251 1160 2317 per
1173 2232 1357 2315 oppositum
1371 2231 1411 2296 ad
1425 2232 1657 2298 substantiam:

887 2350 918 2411 et
936 2343 1110 2409 sicdicitur
1130 2341 1273 2406 accidens
1292 2339 1469 2423 proprietas
1482 2341 1536 2405 alii
1554 2342 1661 2406 inhae-

886 2470 976 2531 rens,
998 2468 1072 2534 quar
1092 2451 1223 2513 nonest
1243 2447 1282 2510 de
1300 2446 1349 2511 rei
1368 2447 1514 2512 essentia.
1537 2446 1577 2512 El
1598 2449 1660 2513 hoc

886 2559 1017 2643 quidem
1028 2557 1122 2622 modo
1135 2555 1215 2619 nihil
1225 2554 1340 2619 dicitur
1350 2554 1392 2619 'de
1405 2554 1469 2620 ileo
1483 2556 1660 2621 secundnm

887 2666 1049 2746 accidens,
1064 2665 1145 2728 sicut
1163 2662 1238 2727 dicit
1251 2662 1455 2743 Augustinus
1470 2664 1492 2739 ⁸,
1518 2681 1556 2728 eo
1575 2663 1661 2746 qnod

887 2774 948 2838 hoc
962 2772 1058 2838 modo
1080 2770 1225 2835 accidens
1240 2768 1329 2852 ponit
1350 2770 1613 2851 compositionem
1628 2773 1661 2835 et

887 2882 1075 2945 varietatem
1088 2878 1123 2942 in
1140 2895 1179 2942 eo
1196 2877 1236 2941 de
1252 2895 1318 2958 quo
1335 2875 1461 2941 dicitnr.
1477 2877 1549 2942 Alio
1564 2878 1660 2943 modo

888 2987 949 3052 dici
969 2986 1146 3051 secundum
1166 2982 1329 3063 accidens,
1352 2986 1400 3046 est
1416 3002 1474 3066 per
1486 2984 1663 3068 oppositio-

888 3111 964 3158 nem
978 3093 1018 3158 ad
1031 3110 1089 3177 per
1109 3109 1143 3156 se
1159 3113 1166 3156 :
1185 3089 1273 3155 etsie
1289 3088 1405 3154 dicitnr
1416 3090 1592 3156 secundum
1607 3109 1661 3156 ec

889 3201 1011 3280 cidens,
1027 3203 1084 3264 ant
1097 3197 1183 3282 qnod
1197 3196 1312 3261 dicitur
1328 3214 1386 3279 per
1404 3196 1491 3260 aliud
1505 3197 1539 3261 in
1553 3215 1662 3263 essen-

889 3307 1196 3390 tia‚utsidicatu1·:
1218 3303 1354 3369 «Parios
1372 3303 1552 3386 disgregat3
1571 3327 1587 3365 ι)
1607 3310 1664 3371 aut

889 3435 946 3500 per
957 3414 1076 3498 aliquid
1086 3413 1138 3478 cui
1151 3416 1198 3477 est
1215 3411 1352 3495 quodam
1370 3411 1465 3475 modo
1479 3411 1575 3491 idern,
1587 3432 1666 3496 quo·

889 3524 963 3611 dam
981 3522 1078 3586 modo
1096 3520 1272 3596 diversum,
1295 3521 1432 3600 utputa
1452 3537 1527 3584 cum
1549 3521 1665 3585 dicitur

889 3632 928 3697 de
939 3630 1095 3714 superiori
1111 3646 1167 3711 per
1178 3626 1323 3705 interius,
1334 3629 1389 3689 ut:
1406 3649 1421 3686 ι
1434 3623 1556 3707 Figura
1566 3626 1662 3692 hebet

890 3747 953 3806 tres
968 3744 1029 3821 (ol3
1043 3762 1058 3800 r
1079 3739 1131 3803 vel
1145 3739 1184 3802 de
1197 3736 1341 3800 inferiori
1354 3753 1412 3819 per
1425 3738 1588 3819 superius,
1604 3742 1660 3803 ut:

894 3848 1070 3913 «isosceles
1091 3847 1130 3926 (bl
1152 3845 1249 3909 habet
1264 3848 1369 3908 tres.»
1394 3842 1461 3907 Hoc
1478 3844 1574 3909 modo
1595 3863 1662 3909 non

889 3959 937 4021 est
949 3953 1068 4037 aliquid
1085 3952 1146 4017 dici
1165 3952 1203 4016 de
1227 3950 1291 4016 Deo
1310 3951 1488 4014 secundum
1504 3949 1663 4014 accidens·

890 4063 956 4128 Hoc
971 4062 1060 4126 enim
1074 4060 1135 4125 dici
1152 4075 1210 4142 per
1230 4058 1377 4123 accidens
1393 4056 1485 4139 ponit
1502 4056 1537 4119 in
1555 4056 1663 4139 aliquo

889 4169 1152 4253 posterioritatem
1168 4171 1200 4231 et
1212 4164 1500 4248 imperfectionem,
1515 4163 1598 4227 sicut
1610 4182 1663 4229 os-

889 4277 1025 4342 tendunt
1042 4275 1182 4339 rationes
1198 4275 1239 4338 ed
1257 4275 1319 4336 boc
1331 4271 1490 4336 inductae:
1506 4269 1589 4334 Deus
1602 4289 1663 4335 au-

890 4389 956 4449 tem
969 4383 1053 4447 nihil
1073 4382 1169 4447 habet
1185 4380 1384 4464 imperfecte,
1408 4377 1492 4442 nibil
1512 4377 1610 4443 habet
1622 4377 1663 4442 ab

890 4493 952 4557 alio
966 4493 1052 4575 quod
1063 4491 1103 4554 sit
1115 4490 1247 4555 omnino
1259 4487 1364 4564 aliud,
1380 4505 1439 4552 nec
1452 4505 1472 4550 a
1489 4485 1660 4568 superiori,

890 4600 943 4665 vel
961 4597 1120 4674 interiori,
1140 4595 1217 4680 qnia
1230 4594 1302 4659 haec
1316 4611 1382 4658 non
1400 4594 1517 4657 cadunt
1535 4593 1571 4657 in
1585 4592 1660 4658 Dec.

890 4708 995 4773 Tertio
1007 4707 1102 4772 modo
1115 4704 1178 4771 dici
1189 4703 1365 4768 secundum
1376 4701 1531 4780 accidens,
1545 4704 1593 4766 est
1605 4719 1663 4784 per

891 4815 1123 4899 oppositionem
1135 4813 1175 4878 ad
1188 4811 1419 4887 necessarium,
1433 4808 1563 4875 utillud
1577 4808 1662 4874 dica-

891 4963 962 5025 ιιι,
974 4961 982 5009 l
995 4960 1075 5024 sent,
1087 4957 1146 5008 dist.
1156 4968 1219 5020 xxx,
1231 4969 1258 5020 q.
1267 4966 1287 5019 ι,
1299 4956 1347 5004 art.
1358 4957 1390 5018 23
1405 4954 1468 5004 θιὼ.
1479 4952 1547 5018 Biel,
1560 4951 1571 5003 Ι
1582 4954 1662 5014 seat,

808 5034 813 5043 ’
892 5032 950 5083 dist.
960 5042 1023 5096 ιιι,
1034 5045 1060 5096 q.
1069 5029 1150 5080 v.-¹
1160 5031 1237 5093 lug,
1248 5026 1279 5076 de
1293 5026 1372 5087 Tria,
1384 5025 1429 5075 lib.
1440 5026 1473 5089 v,
1485 5039 1508 5074 c.
1517 5035 1571 5089 ιιι,
1583 5036 1611 5073 n.
1623 5026 1662 5075 l't.

891 5103 1039 5167 -⁸trist.,
1060 5102 1139 5167 Topic.
1153 5101 1198 5151 lib.
1212 5100 1231 5151 Ι.
1243 5124 1275 5137 -
1288 5098 1397 5160 ‘trist.,
1411 5098 1544 5147 Posterior.
1563 5096 1608 5146 lib.
1623 5096 1663 5160 ΙΙ,

891 5179 961 5226 cont.
971 5178 995 5227 6.
1003 5201 1035 5212 -
1045 5174 1151 5237 ‘Arist,
1166 5172 1246 5236 topic.
1260 5169 1306 5220 lib.
1317 5169 1337 5218 l.
1345 5196 1376 5206 -
1386 5171 1397 5201 ⁸
1408 5171 1525 5234 August,
1536 5167 1567 5218 de
1582 5167 1662 5232 Tria„

890 5246 935 5296 lib.
948 5248 984 5309 V,
1006 5261 1030 5296 c.
1042 5257 1076 5296 xv
1096 5249 1122 5295 et
1142 5255 1197 5294 ιιι.
1210 5270 1242 5280 -
1254 5241 1267 5278 Ι
1278 5244 1380 5304 tverr,
1403 5240 1543 5306 metaphys.
1564 5239 1609 5291 lib.
1624 5240 1662 5305 V,

892 5317 1145 5381 c.xx1u.-⁸tug.,
1159 5315 1190 5364 dc
1205 5315 1283 5378 Tria,
1296 5312 1342 5364 lib.
1354 5314 1387 5377 ll,
1403 5328 1425 5364 c.
1436 5324 1490 5375 ιιι,
1504 5325 1532 5362 n.
1543 5312 1583 5362 ΙΙ.

906 5408 956 5529 11(ιῖ)
972 5406 1062 5472 Suppl.
1081 5405 1189 5471 uugtxlos
1206 5402 1246 5453 vet
1263 5401 1354 5454 lineas.
1367 5429 1397 5441 -
1410 5401 1442 5467 (d)
1458 5401 1519 5453 Get.
1530 5400 1589 5453 odit.
1606 5401 1662 5452 leo-

892 5493 906 5528 c
924 5493 986 5530 ecs.
