4100 6300
374 447 497 494 mxiv
726 425 776 491 DE
797 424 970 492 SCRIPTIS
991 423 1024 490 S.
1046 423 1354 502 concitandam
1373 425 1624 492 ATTRIBUTIS.

375 566 453 643 Quae
466 570 574 629 tamen
586 563 819 629 Bonaventura
833 582 890 646 per
903 580 1070 628 summum
1085 563 1173 630 netas
1186 562 1332 628 attribuit
1344 562 1525 646 alphonsus
1539 562 1725 628 Ciccaretlus
1740 562 1873 645 insignis
1883 583 1940 629 oon-

375 674 465 737 tlctor
477 673 645 737 librorum.
991 710 997 720 ·

415 779 451 844 ln
466 779 547 845 Bibl.
563 780 745 863 Traiectina
761 778 802 844 ad
818 778 979 858 Rhenum,
995 777 1136 844 Sandem
1148 781 1236 859 teste,
1252 784 1334 862 part.
1349 778 1388 843 ΙΙ.
1403 779 1484 844 bibl.
1500 778 1649 861 Belgicae,
1663 780 1847 844 continetur
1860 801 1867 844 ι
1881 780 1942 846 no

376 887 465 972 bpus
479 889 712 955 Bonaventura
724 886 764 953 dc
784 887 946 955 creatione
958 885 1085 966 Mundi,
1103 891 1133 953 et
1146 886 1216 968 aas
1234 886 1469 969 Redempttoco.

415 993 535 1060 Ibidem
549 1001 651 1059 exstat
663 994 858 1078 hpusculum
872 994 917 1058 sic
930 993 1118 1076 inscriptum
1133 1013 1141 1057 :
1156 995 1241 1061 Fons
1253 997 1341 1062 cita.

416 1101 536 1166 lbidem
548 1107 718 1167 servantur
733 1101 887 1184 Epistola
895 1100 1094 1168 doehroatcs
1110 1101 1263 1185 Repetam
1277 1101 1309 1167 S.
1324 1103 1516 1185 dopretiat.

415 1209 482 1274 Sub
495 1210 625 1275 nominc
639 1208 872 1274 Bonaventura
886 1208 1078 1292 impressum
1096 1211 1157 1273 tuit
1170 1208 1384 1292 opuseulum,
1397 1209 1451 1273 cui
1464 1208 1576 1273 titulus
1592 1231 1600 1274 :
1616 1209 1747 1276 Pontum
1763 1207 1945 1274 Cruciatur.

375 1319 417 1383 Ia
429 1319 558 1384 comice
574 1318 631 1383 Dec·
654 1318 763 1383 Patria
778 1315 1021 1399 omnipotentia,
1036 1321 1096 1382 etc.
1111 1315 1242 1396 Brixia,
1255 1336 1310 1382 an.
1333 1322 1424 1382 tolo.

414 1423 564 1503 Venetiis,
582 1443 639 1508 per
651 1424 808 1489 simonem
823 1423 991 1504 debuero,
1005 1423 1097 1488 1508.

414 1531 450 1596 ln
466 1530 661 1596 Bibliotheca
674 1529 814 1597 Medicea
826 1530 1052 1613 Laurentiano,
1070 1530 1153 1596 Plut.
1168 1530 1246 1612 XX,
1260 1537 1363 1597 exstat
1376 1531 1492 1611 Codex,
1502 1550 1536 1595 n.
1550 1529 1656 1608 XXVI,
1670 1529 1784 1597 Sermo
1794 1532 1851 1597 Fr.
1863 1531 1947 1597 Bom-

374 1645 517 1706 ocaturoe
531 1637 570 1705 dc
584 1638 779 1705 Semiaoate.

416 1744 487 1811 Non
501 1746 688 1825 defuerunt,
701 1745 760 1829 qui
771 1744 1006 1811 Bonaventura
1017 1747 1191 1811 tribuerint
1201 1746 1260 1811 hos
1273 1747 1444 1830 rhythmos
1459 1762 1469 1808 t

695 1880 791 1936 Crucis
802 1880 913 1953 Christi,
927 1881 1004 1938 lions
1018 1881 1166 1953 Alverniae,

700 1961 795 2018 Crucis
810 1978 889 2017 arma
901 1963 1047 2036 balgentia,

696 2042 792 2099 Proles
806 2042 840 2099 de
853 2042 928 2100 Coelo
941 2043 1055 2116 prodiit,

697 2125 731 2179 Et
744 2123 868 2180 officium
880 2125 908 2181 S.
924 2125 1071 2182 Francisci.
1160 2178 1165 2189 ,

417 2250 560 2316 Fuerunt
573 2254 744 2333 praetcrea,
759 2249 816 2332 qui
830 2267 922 2333 aepua
943 2250 1021 2316 talso
1041 2249 1275 2315 Bonaventura
1288 2248 1513 2332 adscripserint
1525 2248 1638 2312 tritum
1656 2249 1748 2314 illum
1761 2248 1948 2332 rhythmum,

377 2359 434 2442 qui
446 2359 481 2422 in
492 2357 721 2422 Defunctorum
736 2355 830 2421 Missa
849 2358 993 2434 canitur,
1009 2358 1130 2441 quique
1144 2358 1279 2440 incipit:
1305 2358 1380 2423 Dies
1398 2359 1477 2433 iroe,
1493 2355 1563 2423 dieo
1578 2356 1648 2422 o'tto.
1670 2356 1750 2420 Cum
1771 2357 1860 2420 enim
1871 2353 1949 2419 bane

378 2466 481 2530 dictus
494 2469 707 2545 cognomento
723 2462 874 2528 Gononus
887 2465 1078 2548 rhythmum
1092 2466 1189 2529 istum
1202 2463 1327 2545 gallicis
1348 2464 1545 2528 carminibus
1561 2463 1760 2541 adornasset,
1776 2464 1866 2527 nullo
1882 2466 1949 2526 vete

377 2591 453 2637 rum
466 2571 608 2635 adhibito
619 2572 813 2650 testimonio,
827 2572 887 2635 sub
897 2570 1133 2636 Bonaventura
1141 2572 1273 2635 nomine
1284 2570 1461 2652 evulgavit.
1473 2569 1547 2633 Pari
1557 2588 1685 2653 quoque
1697 2570 1827 2635 licentia
1837 2568 1871 2633 P.
1881 2568 1949 2632 Wad-

376 2657 519 2760 dingus¹
536 2677 729 2758 rhythmum
746 2679 845 2744 istum
860 2678 998 2760 denegat
1011 2678 1256 2757 bonaventura,
1272 2682 1309 2741 ut
1321 2679 1470 2741 concodat
1483 2676 1616 2740 Thomae
1628 2678 1666 2741 de
1681 2676 1809 2742 Cellana
1838 2678 1890 2761 qui
1901 2694 1950 2739 mc·

379 2787 432 2849 dio
458 2789 601 2849 vertente
630 2785 736 2848 seculo
756 2783 837 2849 Xlll.
859 2785 978 2851 floruit.
1001 2784 1062 2850 Sed
1075 2803 1172 2868 quam
1185 2784 1336 2849 Gononus
1357 2790 1389 2848 et
1401 2782 1630 2866 Waddingusa
1649 2804 1727 2850 vero
1746 2786 1947 2860 exorbitarent

380 2897 580 2975 compertum
591 2893 628 2956 tlt
640 2910 681 2955 ex
694 2896 821 2956 vetusto
835 2892 940 2956 codice
957 2893 1062 2956 in-fol.
1079 2893 1214 2956 membr.
1230 2911 1281 2956 sec
1299 2890 1378 2970 XV,
1394 2892 1450 2974 qui
1462 2892 1548 2974 apud
1566 2891 1826 2957 Camuldulenses
1843 2893 1875 2954 in
1887 2889 1948 2954 Bibl

381 2999 414 3064 S.
430 2999 590 3064 Michaelis
602 2999 740 3064 Mariani
752 3004 908 3076 servatur,
922 3000 1043 3082 quique
1055 3000 1195 3064 continet
1208 2999 1360 3065 Ordinem
1374 2999 1519 3065 acuto
1528 3001 1682 3065 drumm
1694 2999 1853 3066 Minorem
1864 3014 1949 3065 staur

381 3107 459 3173 dum
472 3106 733 3175 cousuetudinem
743 3107 893 3174 Romanor
903 3106 1019 3174 Curio.
1031 3106 1067 3171 ln
1082 3125 1233 3191 quosane
1245 3125 1307 3171 ms.
1325 3107 1431 3171 codice
1444 3106 1532 3171 deest
1544 3106 1717 3189 rhythmus
1731 3109 1808 3174 Dios
1822 3109 1886 3185 iro,
1895 3105 1948 3172 dio

381 3215 457 3296 itta
470 3217 526 3299 qui
540 3216 670 3297 quidem
692 3220 776 3280 certe
795 3216 930 3279 minime
946 3215 1085 3291 deesset,
1100 3217 1127 3279 si
1142 3214 1249 3279 seculo
1272 3214 1355 3278 Xlll.
1380 3215 1415 3278 in
1436 3213 1588 3279 Romanae
1614 3214 1761 3278 Ecclesia
1775 3235 1839 3279 usu
1853 3216 1947 3279 tuissu

420 3322 514 3387 Hunc
542 3323 619 3388 item
646 3323 857 3406 rhythmum,
886 3322 1042 3386 referente
1068 3323 1140 3387 viro
1168 3322 1208 3385 ol.
1235 3322 1357 3387 ioanne
1383 3320 1494 3399 bona,
1523 3320 1664 3386 Leander
1690 3322 1843 3386 hibertus
1864 3318 1949 3386 asseri

380 3430 433 3495 Fr.
454 3429 566 3494 Latino
579 3429 738 3495 Cardinali
750 3428 864 3493 Ursino
879 3428 954 3493 Ord.
971 3428 1073 3493 Praed.
1092 3429 1149 3494 Cui
1162 3435 1271 3492 tamen
1286 3429 1441 3510 refragari
1460 3429 1588 3493 videtur
1605 3427 1639 3492 P.
1655 3427 1794 3493 Jacobus
1807 3427 1947 3501 Eccardos

381 3555 491 3601 rerum
502 3537 640 3619 diligens
653 3537 836 3619 inquisitor,
852 3537 908 3618 qui
929 3554 1006 3599 cum
1020 3536 1117 3600 verba
1137 3535 1177 3600 de
1189 3534 1301 3600 Latino
1321 3535 1536 3613 Malabrauca,
1551 3536 1603 3600 vel
1616 3533 1742 3613 Ursino,
1757 3526 1890 3614 'faceret
1902 3550 1948 3596 nor
1982 3582 1991 3607 ,

382 3644 599 3722 minusdocte,
614 3630 796 3726 quamvere
805 3642 952 3721 ostendit,
968 3641 1100 3706 Prosam
1120 3661 1205 3707 anno
1224 3646 1304 3707 1250
1318 3644 1463 3709 nondum
1476 3644 1572 3708 tuisse
1586 3645 1621 3707 in
1634 3663 1707 3708 usu.
1718 3642 1753 3708 Si
1767 3645 1858 3728 cupis
1867 3641 1946 3725 plura,

383 3751 532 3814 eumdem
548 3750 679 3815 consule
692 3750 823 3814 laudato
834 3751 904 3830 jam
918 3748 999 3812 loco.

420 3855 501 3934 Quid
515 3856 609 3921 modo
630 3855 734 3920 dicam
747 3856 787 3919 de
809 3859 911 3919 metro
924 3856 1011 3938 quod
1029 3856 1155 3921 canitur
1167 3858 1203 3920 in
1222 3857 1428 3922 solemnitate
1441 3858 1586 3940 Corporis
1608 3857 1745 3923 Christi:
1762 3858 1874 3926 Laudo
1887 3855 1947 3920 soa

386 3962 605 4042 detractorem
619 3962 769 4044 quodque
781 3960 1016 4026 Bonaventura
1039 3948 1146 4027 nostro
1160 3963 1308 4028 adscribit
1320 3963 1456 4028 loannes
1472 3965 1607 4045 Rioche,
1622 3970 1718 4048 gente
1732 3964 1839 4042 Brito,
1853 3964 1947 4048 proies

336 4130 339 4136 ,
383 4072 472 4134 sione
486 4068 651 4148 maaria,
672 4069 708 4133 in
725 4087 784 4134 suo
809 4067 1000 4152 compendio
1016 4075 1215 4152 temporum,
1235 4077 1265 4138 et
1283 4072 1496 4139 historiarum
1514 4074 1554 4139 oh
1575 4058 1767 4140 ascensione
1788 4071 1947 4141 hominiis

383 4180 516 4251 cutam,
534 4176 694 4258 usquead
704 4176 1037 4243 accommodatarum
1048 4179 1336 4261 qotopoatccimom
1348 4165 1613 4263 acptaopcso‘mam
1621 4188 1756 4260 aenam,
1769 4181 1898 4257 Parisiis,
1908 4195 1946 4241 ac

380 4287 449 4368 jam
463 4288 722 4364 commemorato,
737 4284 794 4348 lib.
810 4283 863 4362 IV,
879 4302 948 4367 cap.
964 4283 1208 4369 nxx1.llerum‚
1225 4292 1263 4350 ut
1281 4287 1412 4351 candide
1424 4287 1535 4367 fatear,
1555 4287 1689 4371 scriptor
1707 4288 1781 4369 hic,
1797 4306 1887 4372 quem
1897 4288 1947 4368 jan

381 4394 604 4472 laudavimus,
623 4391 698 4456 satis
709 4390 904 4455 auctoritatis
925 4392 1111 4456 nonhabet
1141 4393 1180 4458 ad
1203 4411 1333 4476 prosam
1356 4394 1439 4459 banc
1460 4393 1696 4461 Bonaventura
1715 4395 1945 4479 adjudicandam.

384 4500 485 4567 Nimis
497 4501 584 4566 enim
597 4517 675 4564 vero
688 4498 786 4580 longe
799 4497 924 4562 distata
946 4497 1180 4565 bonaventura
1196 4506 1300 4566 atate.
1315 4498 1380 4566 Nec
1393 4520 1470 4567 vero
1484 4507 1531 4566 est
1551 4521 1608 4567 cur
1626 4502 1729 4583 dicas,
1749 4510 1883 4569 motmm
1902 4500 1946 4562 hoc

368 4610 373 4617 “
385 4610 523 4674 multum
535 4607 771 4673 Bonaventura
790 4605 923 4686 ingenit,
938 4609 970 4669 et
982 4606 1086 4689 poesis
1096 4607 1236 4691 recipere
1253 4632 1260 4669 ε
1274 4627 1351 4672 nam
1360 4628 1434 4691 quae
1448 4609 1650 4692 explodimus
1659 4613 1803 4677 carmina
1815 4614 1886 4696 lapis
1896 4623 1946 4672 esso

384 4720 550 4800 nequeunt
559 4713 682 4798 lydiusl,
695 4730 837 4796 quocum
848 4730 974 4795 prosam
984 4712 1079 4777 hum
1092 4715 1277 4781 examinare
1288 4717 1457 4798 possimus.
1469 4717 1616 4782 Ceterum
1626 4724 1766 4785 metrum
1776 4720 1847 4797 hoc,
1857 4720 1945 4801 depth

384 4824 419 4888 in
432 4824 581 4907 praesenti
601 4839 782 4887 sermonem
796 4820 1010 4900 instituimus,
1024 4840 1091 4887 non
1107 4822 1266 4906 Aquinate
1280 4824 1394 4904 modo,
1410 4825 1465 4889 sed
1483 4824 1708 4891 Bonaventura
1727 4829 1825 4893 etiam
1836 4828 1944 4909 dignun

385 4935 488 5007 essct,
507 4931 535 4994 si
547 4949 624 4994 cum
636 4928 770 4995 vetustis
782 4928 999 5009 documentis,
1013 4932 1085 4993 tum
1106 4928 1304 5013 Scriptorum
1325 4911 1502 5014 aequalium
1513 4934 1702 4998 testimoniis
1720 4936 1754 5000 id
1768 4933 1945 5019 comprobare

385 5056 560 5120 possemus.
571 5037 615 5102 De
626 5055 690 5120 qua
700 5041 809 5100 umen
821 5053 857 5100 re
870 5054 1023 5119 suspenso
1037 5035 1145 5102 animo
1158 5038 1356 5102 eruditorum
1370 5046 1575 5122 expectamus
1586 5034 1787 5109 sententiam.

808 5199 858 5264 Ex
869 5197 948 5265 AEde
963 5199 996 5265 S.
1012 5199 1201 5265 Franciscia
1215 5199 1316 5267 Vinea
1327 5201 1551 5268 venetiarum.

936 5304 1003 5373 Xll.
1018 5308 1144 5373 Calend.
1157 5309 1275 5392 Aprilis
1287 5308 1425 5376 MDCCL.

421 5467 538 5534 ¹Syttoo.
552 5469 644 5534 Serapi.
659 5469 733 5532 ltin,
745 5483 773 5534 p.
784 5468 900 5519 323.-¹
910 5467 966 5519 Lib.
982 5470 1018 5534 ΙΙ,
1033 5482 1134 5534 cup.v1,
1148 5467 1179 5519 de
1192 5470 1270 5521 flebas
1282 5471 1419 5537 litai-picis,
1432 5486 1457 5536 p.
1469 5474 1525 5525 528.

419 5538 510 5591 tuot
522 5541 617 5605 Script.
630 5537 689 5593 Crd.
703 5539 847 5605 m..
859 5542 924 5591 com,
935 5542 961 5604 t,
974 5552 1001 5605 p.
1012 5543 1067 5595 ΙΙΙ.
