4100 6300
432 433 492 493 est
1007 420 1319 490 sursumsunt
1337 423 1413 490 tin.
1433 423 1460 488 1.

429 562 569 629 tantislis
577 563 610 627 et
624 561 856 641 connaturalis,
869 560 970 643 igitur
986 579 1063 625 cum
1074 558 1114 644 (a)
1127 577 1201 623 con·
1254 562 1397 644 postosis,
1410 563 1468 626 aut
1481 560 1587 643 igitur
1600 577 1677 639 una
1690 561 1903 654 autduatuam

430 669 862 754 sequaturessehypostasis,
873 687 939 734 non
949 673 1076 733 tantum
1089 671 1200 733 estre·
1253 668 1331 752 quia
1349 668 1543 752 impossihile
1559 673 1609 732 est
1624 666 1791 749 intelligere,
1801 677 1904 755 quoles

429 779 474 843 tio
486 776 718 856 innotescendi,
734 775 897 866 sedetiam
909 774 1138 857 distinguendi.
1254 781 1287 840 et
1306 774 1405 840 Filius
1423 777 1487 839 sint
1503 794 1572 840 una
1591 774 1904 858 hypostrsistigitssss¹¹

471 885 562 964 Item,
576 885 612 948 in
624 902 754 949 summo
763 882 898 966 simplici
912 882 997 947 idem
1009 885 1056 946 est
1069 880 1201 945 omnino
1255 885 1287 946 et
1299 882 1327 946 si
1342 882 1419 963 hoc,
1435 886 1544 965 patet,
1562 885 1625 945 eto.

431 993 513 1059 ratio
527 991 672 1068 essendi,
690 996 721 1056 et
739 990 974 1073 cognoscendi:
990 989 1045 1054 sed
1064 1006 1202 1073 persona
1295 989 1326 1049 5.
1337 985 1436 1066 ltem,
1448 985 1619 1051 abstractis
1627 986 1906 1071 omnihuspropiiems

433 1097 1122 1180 Patrisestsummesimplexzigitureodem
1134 1113 1201 1160 mo·
1255 1092 1907 1182 duorumindividuorum,scilieetPehietld

432 1210 473 1274 do
486 1206 711 1288 distinguitur,
724 1225 788 1289 quo
802 1205 957 1286 distingui
971 1204 1176 1287 cognoscitur
1191 1227 1199 1269 z
1256 1201 1331 1265 solis
1339 1201 1566 1284 hypostasibus
1574 1202 1799 1281 remanentibus,
1806 1203 1908 1273 allus,

433 1317 494 1381 hoe
507 1320 616 1381 autem
630 1318 677 1378 est
688 1331 747 1397 per
756 1313 982 1396 proprietatem
993 1334 1002 1375 ι
1013 1311 1125 1393 igitur,
1140 1315 1200 1377 eto.
1255 1309 1353 1391 tingit
1374 1308 1555 1390 intelligere
1579 1327 1736 1374 remanere
1752 1310 1907 1378 disinmamz

332 1431 417 1488 ttu-
472 1424 588 1489 Contra
605 1443 613 1485 :
632 1425 662 1485 l.
683 1418 785 1485 Omne
805 1419 1019 1502 suspectivum
1040 1419 1203 1484 reducitur
1256 1418 1438 1502 igiturpari
1453 1418 1579 1482 ratione
1596 1418 1632 1481 in
1644 1417 1828 1501 hypostatis
1838 1419 1908 1484 dvin'.

312 1505 353 1550 Μ
432 1526 845 1610 edahsolutum2sedquod
855 1526 1019 1591 reducitur
1030 1525 1070 1591 ad
1082 1525 1201 1610 aliquid
1257 1525 1343 1610 quod
1364 1525 1392 1589 si
1413 1544 1529 1589 verum
1547 1529 1612 1604 est,
1627 1529 1700 1589 tunc
1712 1525 1910 1605 igitursuntshr

432 1636 608 1703 secundum
630 1634 786 1699 rationem
806 1633 1031 1715 intelligendi,
1059 1634 1204 1716 sequitur
1256 1634 1337 1724 ratio
1351 1634 1572 1716 distinguendi
1584 1633 1687 1716 quoad
1700 1650 1758 1697 nos.

432 1744 513 1809 illud
528 1765 537 1808 z
551 1743 653 1825 igitur
667 1760 742 1807 cum
756 1741 962 1824 proprietates
975 1741 1040 1805 sint
1053 1741 1203 1824 respecti-

431 1868 496 1929 vae,
511 1849 697 1932 hypostases
708 1848 873 1929 absolute,
887 1848 1093 1932 proprietatos
1107 1847 1202 1912 redu·
1529 1873 1744 1942 CONGLUSIO,

432 1955 923 2039 cunturadhypostasestigitur
932 1955 1119 2039 hypostases
1129 1959 1205 2020 sunt

432 2065 565 2143 priores.
577 2063 638 2127 Sed
649 2061 734 2146 quod
745 2063 835 2146 prius
847 2067 905 2139 est,
919 2081 987 2126 non
996 2062 1205 2144 distinguitur
1257 2042 1440 2144 P‘PP'WM
1449 2044 1615 2148 &W
1624 2046 1686 2098 ‘¹⁰¹‘
1702 2043 1798 2097 ΝΜ
1811 2057 1848 2143 Ψ
1859 2045 1911 2141 ¹⁴2*

433 2190 471 2236 eo
489 2171 576 2254 quod
598 2173 646 2234 est
666 2169 843 2253 posterius,
866 2170 943 2253 quia
964 2169 1004 2233 ah
1024 2169 1135 2234 eodem
1157 2174 1205 2234 est
1292 2132 1474 2293 ww
1487 2130 1913 2196 dwt'm‘wm'mmm

433 2297 515 2358 esse,
530 2282 563 2342 et
575 2295 643 2342 esse
653 2276 839 2342 distinctum
855 2298 863 2340 z
879 2293 977 2357 ergo,
993 2279 1053 2340 etc.
1394 2264 1402 2279 ’

473 2392 504 2451 2.
519 2385 599 2451 ltem
612 2404 708 2451 omne
720 2385 807 2469 quod
823 2384 991 2466 distinguit
1004 2382 1136 2468 aliquid,
1152 2382 1206 2449 dat
1299 2385 1390 2469 Resp.
1410 2386 1451 2451 ad
1470 2388 1611 2469 Argum.
1639 2384 1787 2450 [licendum
1805 2381 1860 2466 quel
1872 2381 1912 2445 da

434 2494 465 2559 ei
477 2494 539 2558 tale
552 2511 635 2569 esse,
648 2491 743 2576 quale
756 2492 864 2575 ipsum
873 2495 938 2571 est,
953 2491 1006 2556 vel
1018 2491 1115 2556 habet
1129 2512 1136 2555 :
1149 2491 1206 2555 sed
1258 2494 1320 2558 hoc
1336 2493 1455 2577 duplex
1468 2495 1577 2577 opinio
1592 2494 1659 2558 luit.
1680 2491 1793 2570 Quidam
1803 2488 1913 2552 minda

434 2600 641 2684 proprietates
652 2599 773 2664 hahent
782 2600 821 2664 de
832 2617 866 2663 se
878 2599 983 2663 solum
996 2616 1064 2662 esse
1078 2615 1206 2681 respec-
1258 2605 1337 2665 runt
1350 2601 1447 2684 quod,
1464 2601 1630 2666 abstractis
1642 2597 1844 2684 proprietatibus,
1853 2594 1912 2675 irtps

434 2707 538 2771 tivum
555 2705 675 2787 :igitur
687 2705 716 2769 si
728 2705 915 2789 hypostases
927 2723 985 2788 per
999 2704 1206 2788 proprietates
1258 2709 1350 2774 sibile
1368 2714 1415 2774 est
1436 2711 1616 2792 intelligere
1635 2710 1796 2792 hypostases
1811 2703 1912 2770 tisim

434 2815 690 2897 distinguunttu,
705 2814 825 2879 hahent
845 2813 951 2880 solum
968 2833 1037 2879 esse
1056 2815 1207 2897 respecti·
1258 2816 1336 2899 quia
1352 2817 1543 2900 hujusmodi
1558 2817 1749 2901 proprietates
1761 2810 1912 2875 indivisim

434 2921 666 2987 vumtsedhoe
677 2926 724 2986 est
732 2922 955 3005 ialsum,quia
967 2940 1043 2986 cum
1055 2924 1119 2988 sint
1131 2941 1206 3005 sup·
1258 2924 1364 2988 solum
1385 2923 1462 2989 dant
1479 2927 1624 3008 personis
1643 2924 1818 2992 innotescere,
1830 2914 1914 2978 ioohd

433 3029 536 3113 posita
552 3029 708 3105 essentiae,
725 3028 845 3093 habent
857 3046 925 3093 esse
943 3029 1130 3096 substantia
1146 3031 1206 3095 ab·
1259 3031 1356 3096 etiem
1369 3050 1436 3097 esse
1454 3054 1462 3095 :
1477 3023 1576 3112 unde,
1591 3034 1665 3114 ipsis
1675 3027 1817 3102 abstractis,
1827 3019 1912 3084 alsat

434 3137 589 3203 solutum.
1258 3123 1913 3217 turesse‚ctessedtscinetum.llicranahi

475 3246 506 3308 3.
521 3244 602 3310 ltem
615 3244 652 3309 in
665 3244 781 3309 divinis
793 3245 937 3327 personis
955 3248 1003 3309 est
1015 3244 1206 3327 plurificatio
1258 3246 1337 3327 tuit,
1353 3248 1459 3330 quod,
1475 3246 1712 3330 proprietatibus
1723 3232 1911 3311 ahsuacdsdtd

435 3370 492 3436 per
505 3352 684 3434 originem:
700 3351 801 3433 igitur
810 3356 840 3416 et
851 3350 1022 3416 distinctio.
1038 3351 1099 3417 Sed
1111 3354 1206 3434 origo
1260 3357 1308 3417 est
1319 3354 1500 3437 intelligere
1507 3349 1761 3420 distinctionemin
1771 3338 1910 3430 hypante

434 3460 511 3527 dicit
524 3460 776 3537 emanationem,
791 3459 844 3524 vel
855 3459 980 3525 exitum
995 3484 1002 3525 :
1021 3460 1133 3525 relatio
1146 3480 1206 3526 au·
1260 3464 1414 3544 quoniam
1426 3464 1606 3547 proprietas
1618 3459 1771 3525 secundum
1781 3452 1912 3535 ipsosmet

434 3573 501 3633 tem
514 3586 572 3651 per
584 3586 618 3632 se
631 3586 699 3633 non
712 3571 841 3632 emanat
852 3567 915 3631 nisi
929 3568 1019 3651 prius
1032 3568 1096 3633 alio
1114 3586 1206 3632 ema·
1260 3569 1341 3633 ratio
1354 3571 1573 3652 distinguendi
1589 3568 1746 3634 secundum
1756 3580 1815 3627 ren.
1828 3551 1910 3621 unct

434 3679 549 3756 nante,
565 3674 642 3758 quia
661 3674 697 3738 in
714 3674 759 3740 ad
779 3673 908 3757 utquid
925 3692 992 3738 non
1011 3680 1059 3739 est
1078 3679 1204 3739 motus:
1261 3682 1340 3742 cunt
1351 3679 1448 3760 quod,
1463 3679 1622 3742 abstracta
1631 3661 1909 3759 patemiuteelhha

435 3782 537 3863 igitur
553 3782 643 3865 prius
664 3782 767 3846 oritur
786 3781 965 3864 hypostasis
982 3782 1023 3845 ah
1046 3782 1209 3865 hypostasi
1260 3784 1366 3849 adhuc
1377 3785 1535 3867 contingit
1547 3785 1711 3865 intelligere
1721 3771 1909 3863 satellitem

435 3888 614 3953 secundum
630 3888 787 3952 rationem
804 3888 1021 3970 intelligendi,
1043 3907 1142 3971 quam
1163 3889 1209 3952 sie
1260 3908 1322 3974 quo
1340 3892 1437 3959 elius.
1465 3892 1504 3957 Et
1520 3893 1549 3956 si
1571 3907 1689 3974 quaeras
1704 3902 1758 3969 quo
1774 3877 1840 3944 modi
1851 3870 1909 3936 ΜΕ·

436 3995 616 4077 intelligere
627 3994 813 4060 relationem
826 4012 893 4059 esse
910 3997 965 4059 :et
982 3995 1008 4058 si
1030 3995 1108 4075 hoc,
1125 3995 1208 4059 rela-
1263 4005 1420 4081 guantur,
1434 4000 1547 4065 dicunt
1555 3999 1638 4084 qnod
1647 3995 1750 4079 seipsis,
1761 3975 1909 4065 sstprnid

436 4102 483 4168 tio
497 4102 702 4186 consequitur
715 4119 783 4166 esse
798 4100 982 4166 distinctum
1001 4101 1036 4165 in
1053 4101 1208 4185 hyposta·
1261 4112 1294 4173 et
1315 4109 1558 4190 generalissima
1583 4104 1683 4189 seipsis
1706 4084 1908 4176 distinguentis&

436 4208 525 4273 sihus
543 4231 551 4273 z
567 4227 662 4291 ergo,
676 4211 736 4273 ete.
1262 4215 1424 4281 differunt.
1441 4214 1531 4280 Unde
1542 4215 1612 4279 haec
1627 4216 1671 4276 est
1685 4203 1839 4273 immediata:
1849 4188 1907 4254 «td

477 4321 508 4381 t.
530 4316 610 4381 ltem
630 4333 726 4380 omne
748 4315 836 4399 quod
857 4315 990 4380 relative
1009 4315 1137 4397 dicitur,
1161 4321 1209 4382 est
1261 4324 1377 4388 stantia
1388 4342 1453 4388 non
1466 4329 1514 4388 est
1522 4322 1706 4406 quantitas.»
1721 4301 1906 4387 Etsiroepieicnu

435 4422 557 4507 aliquid
574 4426 705 4506 excepto
726 4440 765 4486 eo
785 4441 851 4506 quo
872 4422 911 4505 (hl
931 4422 1063 4489 relative
1080 4425 1207 4503 dicitur,
1260 4431 1420 4510 interius,
1446 4435 1585 4514 utraque
1611 4425 1708 4510 opinio
1731 4416 1832 4483 mutnet
1845 4398 1905 4484 stipat

435 4528 519 4592 sicut
533 4527 615 4594 ratio
628 4526 742 4606 dictat,
764 4530 796 4590 et
808 4526 1011 4608 Augustinus
1023 4527 1068 4591 ait
1079 4527 1114 4590 in
1126 4528 1208 4592 libro
1261 4539 1500 4622 probabilitatis,
1509 4509 1904 4619 ethospatetsiezlndrinisedd

436 4634 476 4702 de
493 4635 672 4701 trinitate¹
689 4654 701 4698 :
712 4632 767 4697 sed
782 4631 886 4713 Pater,
902 4635 933 4696 et
947 4631 1046 4697 Filius
1058 4633 1209 4699 dicuntur
1261 4647 1485 4731 hypostasibus
1514 4645 1710 4726 intelligimus
1734 4628 1862 4710 originem,
1873 4615 1904 4677 et

435 4742 569 4808 relative
582 4740 702 4823 :igitur
721 4744 858 4822 uterque
876 4757 990 4804 eorum
1011 4745 1058 4805 est
1074 4741 1207 4824 aliquid,
1262 4755 1517 4832 emanationem
1534 4749 1725 4832 intelligimus
1733 4740 1804 4805 eiam
1813 4720 1902 4794 hahiti

437 4853 569 4931 excepto
588 4866 626 4912 eo
638 4864 703 4930 quo
714 4846 845 4912 relative
863 4846 979 4911 dicitur
994 4865 1003 4910 ι
1017 4847 1120 4930 igitur
1132 4849 1208 4913 ahs·
1262 4881 1349 4927 nem,
1361 4861 1697 4928 gesundumrsfiffism
1704 4830 1903 4925 {neligend'tffl'tl

435 4961 538 5021 traete
549 4955 703 5021 relatione
718 4954 877 5035 contingit
885 4954 1003 5038 aliquid
1016 4955 1206 5038 intelligere.
1262 4963 1412 5045 praecedit
1424 4962 1530 5045 ipsum
1544 4962 1600 5044 qui
1613 4958 1717 5030 orihu3
1728 4937 1902 5041 creantur?

437 5064 553 5143 Quaero
568 5063 680 5146 igitur,
702 5063 780 5147 quid
800 5063 841 5126 sit
855 5062 935 5129 illud
953 5085 960 5128 ε
986 5068 1043 5128 eut
1060 5067 1206 5142 essentia,
1262 5069 1383 5132 tionem
1396 5066 1613 5147 intelligendi,
1627 5058 1722 5125 relatio
1732 5042 1901 5150 contlfflmf'i

436 5179 493 5238 aut
506 5171 705 5254 hypostasis?
719 5169 753 5235 Si
764 5171 915 5249 essentia,
927 5170 1029 5251 igitur
1039 5172 1152 5236 relatio
1161 5177 1209 5237 est
1262 5190 1336 5238 sum
1355 5173 1411 5255 qui
1431 5171 1578 5235 retertur.
1599 5168 1692 5233 Potest
1712 5159 1790 5241 igitur
1804 5138 1899 5231 imi*

437 5279 471 5342 in
490 5278 643 5358 essentia,
667 5278 769 5360 igitur
782 5277 972 5361 multiplicat
985 5297 1078 5356 eam;
1096 5280 1123 5343 si
1142 5280 1207 5362 hy·
1261 5284 1394 5351 relativa
1414 5283 1585 5367 importare
1607 5278 1698 5344 solum
1718 5242 1897 5335 habitudinem.d

469 5411 563 5474 teus,
576 5408 607 5459 de
621 5409 700 5475 Tria,
715 5410 759 5461 tib.
770 5410 828 5474 vu,
842 5425 866 5462 o.
877 5422 897 5475 1,
911 5424 939 5461 a.
948 5414 974 5462 a.
1292 5411 1325 5477 (a)
1339 5409 1410 5462 rut.
1424 5409 1483 5459 ven.
1499 5407 1561 5460 edd.
1575 5418 1634 5458 noa.
1647 5427 1674 5440 -
1688 5396 1718 5465 (t)
1728 5368 1873 5445 essesut
