4100 6300
702 450 926 520 ENGYGLIGAE
946 450 1137 520 attissa.
1681 476 1715 520 rx

125 586 190 671 dio,
202 588 332 677 magnis
344 587 514 659 laboribus
523 600 555 660 et
563 591 687 681 vigiliis
698 572 926 676 excoluerunt,
936 596 1036 681 atquc
1046 597 1219 677 ornarunt,
1232 613 1370 684 eamque
1380 591 1502 683 optime
1511 590 1712 684 dispositam,

125 700 304 819 multisque
314 728 419 796 modis
428 731 581 820 preclare
591 730 784 822 explicatam
793 728 929 821 posteris
943 726 1170 795 tradiderunt:
1186 734 1218 794 et
1230 726 1332 819 hujus
1340 726 1474 820 quidem
1487 735 1553 795 tam
1563 727 1715 796 salutaris

124 860 279 951 cognitio,
292 864 531 953 etexercitatio,
543 888 618 956 quae
629 864 853 934 abuberrimis
862 863 1051 932 divinarum
1061 861 1273 948 Litterarum,
1285 884 1492 930 summorum
1502 862 1713 949 Pontificum,
1828 879 1831 883 ’

124 1004 311 1064 sanctorum
324 997 481 1085 Patrum,
497 1006 528 1067 et
541 998 764 1068 Consiliorum
776 999 923 1067 fontibus
936 997 1102 1083 dimanat,
1118 1018 1246 1088 semper
1259 1005 1344 1065 certe
1365 998 1550 1066 maximnm
1566 996 1717 1067 Ecclesia

122 1130 352 1222 adjumentum
364 1133 481 1202 afferre
497 1135 622 1226 potuit,
637 1134 706 1203 sive
720 1135 761 1204 ad
780 1134 965 1226 Scripturas
979 1133 1066 1225 ipsas
1080 1154 1155 1200 vere
1172 1139 1204 1200 et
1217 1155 1294 1200 sane
1308 1132 1552 1221 intelligendas,
1568 1141 1601 1201 et
1614 1132 1716 1201 inter-

121 1266 313 1357 pretandas,
328 1267 394 1336 sive
408 1268 450 1336 ad
468 1269 581 1337 Patres
598 1269 743 1338 securius
757 1276 789 1337 et
802 1268 918 1336 utilius
932 1267 1162 1358 perlegendos,
1178 1276 1211 1337 et
1224 1269 1449 1361 explicandos,
1468 1270 1537 1338 sive
1551 1270 1591 1339 ad
1607 1272 1717 1341 varios

123 1422 270 1487 errores,
286 1409 317 1471 et
331 1402 467 1473 haereses
482 1402 693 1494 detegendas,
709 1413 741 1473 et
758 1402 963 1473 refellendas.
988 1402 1049 1471 His
1062 1425 1139 1471 vero
1153 1402 1340 1472 novissimis
1352 1404 1486 1491 diebus,
1507 1404 1630 1498 quibus
1645 1404 1715 1497 jam

122 1534 329 1609 advenerunt
343 1546 489 1630 tempora
502 1539 684 1631 periculosa
701 1540 742 1607 ab
756 1538 913 1631 Apostolo
927 1536 1105 1629 descripta,
1124 1546 1155 1605 et
1173 1537 1323 1607 homines
1337 1538 1541 1631 blasphemi,
1557 1540 1714 1633 superbi,

121 1670 308 1741 seductores
320 1673 499 1765 proficiunt
516 1675 552 1744 in
565 1674 677 1766 pejus,
703 1680 866 1762 errantes,
889 1682 921 1742 et
937 1673 1019 1742 alios
1038 1673 1073 1740 in
1087 1695 1233 1741 errorem
1251 1673 1439 1760 mittentes,
1461 1696 1538 1742 sane
1550 1674 1716 1745 catholiea

122 1804 201 1874 fidei
217 1806 424 1895 dogmatibus
437 1808 687 1896 confirmandis,
707 1815 739 1876 et
756 1808 934 1878 haeresibus
946 1808 1155 1878 confutandis
1178 1807 1417 1899 pernecessaria
1430 1816 1488 1876 est.
1514 1808 1556 1876 Et
1574 1809 1717 1900 profecto

121 1961 191 2008 rem
216 1941 264 2010 ita
281 1963 314 2010 se
329 1941 448 2011 habere
471 1942 601 2034 ipsimet
621 1943 767 2012 veritatis
789 1943 916 2012 inimici
931 1950 1009 2009 sunt
1021 1941 1165 2033 judices,
1185 1941 1308 2032 quibus
1330 1941 1509 2031 Theologia
1528 1942 1718 2013 scholastica

122 2075 267 2143 maxime
282 2084 329 2144 est
349 2076 579 2165 formidolosa,
603 2079 665 2170 qni
678 2077 822 2169 profecto
839 2077 1052 2167 intelligunt,
1075 2084 1151 2170 apta
1164 2076 1243 2163 illa,
1268 2085 1300 2146 et
1315 2076 1401 2145 inter
1414 2100 1448 2145 se
1461 2100 1546 2146 nexa
1559 2099 1671 2146 rerum
1685 2086 1717 2147 et

123 2231 297 2278 causarum
306 2210 502 2281 coherentia
514 2211 573 2279 illo
583 2211 710 2296 ordine,
722 2222 753 2280 et
764 2211 987 2304 dispositione,
1002 2220 1162 2304 tanquam
1177 2211 1321 2280 militum
1335 2212 1371 2280 in
1383 2212 1561 2302 pugnando
1575 2214 1716 2283 instruc·

125 2344 210 2412 tione
224 2397 233 2431 ,
259 2344 327 2414 illis
340 2344 492 2414 dilucidis
505 2345 754 2415 definitionibus
767 2352 799 2413 et
812 2345 1098 2433 distinctionibus,
1122 2346 1181 2414 illa
1201 2354 1472 2451 argumeptorum
1486 2346 1659 2436 firmitate,
1686 2357 1717 2417 et

123 2479 320 2548 acutissimis
333 2479 610 2571 disputationibus
624 2481 733 2549 lucem
750 2503 770 2548 a
785 2480 946 2565 tenebris,
963 2503 1080 2549 verum
1095 2480 1210 2549 aialso
1223 2480 1405 2571 distingui,
1429 2504 1611 2575 eorumque
1626 2506 1717 2552 men-

123 2610 213 2681 dacia
230 2613 347 2681 multis
360 2615 532 2707 praestigiis
546 2622 578 2684 et
591 2615 729 2684 fallaciis
741 2615 909 2701 involuta,
927 2623 1086 2708 tanquam
1100 2623 1188 2684 veste
1201 2616 1362 2702 detracta,
1384 2614 1550 2708 patefieri,
1565 2640 1602 2684 ac
1614 2617 1717 2686 denu-

124 2747 204 2817 dari.
230 2748 363 2830 Quanto
382 2750 485 2839 igitur
499 2751 604 2840 magis
622 2749 673 2818 illi
687 2750 772 2819 hanc
785 2749 1041 2818 munitissimam
1056 2749 1255 2819 scholastica
1279 2750 1467 2840 Theologiae
1480 2773 1588 2820 arcem
1611 2776 1717 2845 oppu-

125 2906 223 2973 gnare
233 2936 243 2972 ,
261 2893 294 2952 at
307 2892 452 2954 evertere
463 2894 641 2972 conantur,
664 2894 754 2955 tanto
768 2885 873 2975 magis
892 2907 952 2954 nos
965 2884 1057 2953 decet
1079 2884 1140 2953 hoc
1159 2884 1320 2954 invictum
1334 2883 1413 2953 fidei
1430 2885 1717 2977 propugnaculum

124 3018 316 3106 defendere,
331 3027 363 3087 et
376 3019 599 3089 haereditatem
614 3027 746 3111 patrum
761 3028 949 3090 nostrorum
963 3041 1156 3087 conservare
1168 3028 1202 3086 et
1217 3019 1321 3105 tueri,
1337 3027 1369 3088 et
1383 3019 1558 3087 acerrimos
1572 3019 1718 3089 veritatis

123 3151 309 3222 defensores
323 3155 447 3223 meritis
462 3156 643 3225 honoribus
651 3208 661 3244 ,
675 3164 839 3249 qnantum
855 3178 1042 3248 possumus,
1058 3153 1224 3222 decorare.
1245 3154 1489 3240 Quamobrem,
1506 3162 1543 3222 ut
1556 3154 1718 3247 seraphici

121 3288 273 3358 Doctoris
286 3290 428 3360 eruditio
442 3291 483 3359 ad
498 3291 681 3361 multorum
694 3291 870 3359 utilitatem
884 3291 983 3359 latius
997 3289 1216 3376 diffundatur,
1232 3297 1264 3358 et
1278 3311 1318 3357 ex
1330 3289 1401 3380 ejus
1413 3288 1508 3357 libris
1520 3296 1553 3358 et
1565 3289 1718 3381 operibus

122 3424 246 3492 eruditi
260 3432 293 3492 et
305 3423 444 3493 studiosi
455 3425 519 3494 viri
533 3425 745 3518 copiosiores,
761 3425 994 3516 suavioresque
1008 3425 1045 3492 in
1059 3424 1128 3492 dies
1141 3424 1269 3493 fructus
1281 3424 1431 3516 capiant,
1452 3423 1541 3516 quod
1554 3422 1596 3491 ad
1615 3422 1719 3515 ipsius

122 3558 259 3645 Sancti,
286 3582 477 3652 quanquam
499 3558 632 3628 incaelo
649 3558 850 3645 beatissimi,
875 3559 1017 3649 gloriam
1036 3558 1182 3651 aliquam
1205 3558 1310 3628 iacere
1326 3581 1394 3628 nun
1410 3566 1459 3626 est
1475 3558 1716 3646 dubitandum,

121 3695 272 3788 primum
295 3694 428 3786 quidem
459 3696 496 3763 in
517 3694 605 3763 alma
631 3694 721 3763 Urbe
743 3681 856 3763 nostra
885 3694 921 3762 in
944 3694 1005 3764 hac
1030 3694 1170 3764 Basilica
1200 3692 1260 3762 SS.
1285 3693 1459 3762 duodecim
1485 3693 1719 3787 Apostolorum

121 3828 156 3899 S.
174 3829 423 3900 Bonavcnturae
438 3829 623 3919 Collegium
637 3829 860 3917 instituimus,
884 3830 921 3898 in
935 3852 1003 3922 qno
1027 3852 1068 3898 ex
1085 3829 1186 3922 hujus
1206 3830 1369 3923 praecipue
1384 3829 1519 3916 eximii,
1544 3828 1719 3923 devotique

120 3964 273 4032 Doctoris
295 3964 468 4055 operibus,
491 3972 524 4032 et
541 3965 784 4034 commentariis
800 3987 890 4034 sacra
909 3963 1090 4054 Theologia
1111 3963 1243 4056 publice
1261 3964 1465 4056 explicetur:
1485 3964 1603 4034 deinde
1621 3964 1720 4032 etiam

121 4122 221 4192 opera
233 4098 329 4167 illius
341 4100 464 4185 omnia,
475 4122 551 4191 quaa
563 4099 708 4169 inveniri
721 4103 900 4192 potuerunt
913 4099 1035 4191 partim
1050 4098 1199 4167 nondum
1214 4098 1314 4185 edita,
1329 4106 1506 4190 nostraque
1516 4097 1718 4185 auctoritate,

121 4242 154 4304 et
168 4234 332 4328 impensis
353 4234 501 4325 undique
514 4235 715 4326 conquisita,
737 4235 858 4325 partim
876 4233 947 4325 jam
972 4232 1128 4322 evulgata
1148 4232 1248 4301 simul
1271 4232 1381 4302 omnia
1398 4231 1526 4301 decenti
1543 4232 1669 4318 forma,
1688 4237 1722 4300 et

121 4392 223 4460 qnam
237 4367 502 4437 emendatissime
515 4368 684 4461 imprimi,
706 4376 738 4437 et
753 4368 1003 4461 etypographia
1018 4377 1131 4438 nostra
1148 4368 1308 4438 Vaticana
1331 4369 1367 4436 in
1383 4368 1492 4438 lucem
1505 4367 1611 4437 emitti
1624 4388 1721 4435 cura-

122 4525 209 4571 mus.
231 4501 332 4585 Quod
344 4510 453 4571 autem
467 4502 592 4594 abipso
606 4502 822 4573 Pontificatns
835 4504 938 4573 nostri
962 4503 1081 4590 initio,
1105 4502 1191 4590 Deo,
1206 4510 1246 4570 nt
1258 4504 1311 4595 pie
1324 4502 1500 4588 credimus,
1518 4500 1717 4593 inspirante,

123 4643 314 4706 constanter
331 4636 578 4729 proposuimus,
603 4638 706 4705 sancti
725 4637 827 4730 hujus
844 4638 992 4708 Doctoris
1009 4661 1132 4708 nomen
1153 4645 1186 4707 et
1209 4638 1327 4708 merita
1343 4637 1485 4727 gloriosa
1503 4635 1591 4727 apud
1607 4657 1722 4705 omnes

124 4795 183 4864 pro
195 4771 331 4842 viribus
343 4770 522 4858 celebrare,
538 4763 754 4865 fideliumque
768 4796 846 4863 erga
860 4796 936 4844 eum
949 4774 1194 4843 venerationem
1208 4795 1345 4863 augere,
1360 4778 1393 4841 et
1405 4770 1627 4863 amplificare,
1642 4793 1720 4842 sane

125 4907 213 4977 adid
231 4927 370 4998 qnoque
387 4928 455 4974 non
472 4905 678 4975 mediocriter
700 4907 831 4976 excitati
844 4931 959 4977 snmus
981 4910 1131 5002 exemplo
1150 4916 1269 4979 sanctae
1288 4905 1455 4975 memoriae
1476 4905 1531 4974 Pii
1551 4905 1652 4998 Papae
1668 4905 1719 4995 V,

124 5040 371 5133 predecessoris
382 5040 486 5109 nostri
499 5039 539 5109 de
553 5038 729 5109 christiana
742 5040 924 5133 Republica
937 5044 1060 5136 optime
1074 5045 1202 5132 meriti,
1218 5053 1250 5113 et
1264 5065 1364 5137 quem
1378 5049 1415 5110 nt
1429 5049 1597 5134 parentem
1612 5042 1721 5113 adhuc
1808 5017 1812 5028 ⁸

124 5196 320 5244 reveremur
337 5182 370 5242 et
385 5173 535 5243 colimus.
554 5173 586 5241 ls
600 5173 690 5243 enim
707 5175 860 5266 religiosa
872 5176 1011 5268 pietate,
1036 5185 1068 5246 et
1084 5178 1246 5268 singulari
1258 5176 1432 5246 devotione
1446 5184 1633 5269 permotus,
1654 5201 1721 5269 qua

126 5310 334 5380 afficiebatur
346 5330 425 5398 erga
441 5307 477 5378 S.
494 5309 656 5379 Thomam
672 5309 713 5379 de
730 5311 865 5405 Aquino
885 5307 1010 5380 ordinis
1022 5309 1076 5377 sni
1093 5308 1207 5395 decus,
1229 5317 1262 5376 et
1281 5306 1430 5376 Ecclesia
1443 5305 1608 5377 catholica
1624 5328 1722 5376 orna·

127 5455 298 5532 mentum,
318 5444 453 5540 cupiens
472 5442 587 5518 eodem
602 5445 699 5516 modo
713 5446 866 5518 eumdem
886 5443 1045 5518 Sanctum
1067 5443 1110 5513 ob
1123 5442 1195 5536 ejus
1209 5439 1474 5538 prestantissima
1490 5440 1526 5509 in
1543 5439 1720 5512 Ecclesiam
