4100 6300
554 479 651 547 nlsr.
676 480 808 546 XXXIV.
830 480 921 546 ΛΒΤ.
942 480 966 545 l.
990 478 1139 560 Quasi
1162 479 1202 545 11.
1611 485 1669 546 llll

28 628 52 653 ‘²
79 619 151 684 sitas
163 616 305 695 rationis,
321 635 394 699 quae
407 616 559 682 fundatur
568 635 634 681 non
646 635 743 698 super
754 617 845 681 abso-
898 617 986 700 quod
999 636 1065 682 non
1085 617 1181 683 valet.¹
1195 617 1422 683 Potesttamen
1439 617 1502 682 dici
1517 618 1603 700 quod
1616 637 1671 684 re-

78 727 197 804 lutum,
210 724 373 807 sedsuper
385 724 609 807 respectivum,
622 724 709 806 quod
721 724 843 788 nullam
898 725 977 806 gula
996 725 1118 806 ubique
1135 743 1212 788 vera
1228 729 1293 802 est,
1317 724 1345 788 si
1366 743 1443 788 sane
1462 725 1669 807 intelligatur.

28 844 44 891 ἱ.
78 833 198 897 inducit
218 832 489 915 compositionem.
517 831 599 896 Nam
622 833 759 896 essentia
777 851 843 897 nou
899 831 1032 915 Propter
1044 832 1130 914 quod
1144 833 1321 896 notandum
1337 832 1423 915 quod
1435 832 1673 915 quaedamsunt

28 958 29 997 1
77 941 227 1019 retertur,
244 958 380 1022 persona
395 944 504 1004 autem
523 940 659 1004 retertur
678 943 710 1004 et
721 939 842 1004 oritur:
899 939 1054 1017 absoluta,
1069 941 1219 1022 quaedam
1233 941 1426 1022 respectiva:
1439 941 1603 1005 diversitas
1616 960 1673 1005 au·

28 1068 37 1107 2
77 1069 135 1113 nec
147 1053 255 1113 tamen
268 1053 316 1113 est
328 1048 516 1133 composita,
531 1049 608 1132 quia
622 1048 691 1131 ipsa
705 1055 753 1112 est
767 1067 846 1113 suus
899 1048 1010 1111 tamin
1024 1048 1211 1130 respeetlvis
1224 1049 1312 1113 venit
1325 1067 1391 1112 non
1406 1051 1532 1112 tantum
1551 1053 1672 1131 aparte

34 1206 44 1227 ,
77 1161 246 1241 respectus.
900 1155 1045 1237 subJecti,
1061 1155 1283 1219 verumetiam
1298 1155 1396 1219 reiad
1410 1173 1508 1237 quam
1526 1156 1673 1220 reierun-

28 1330 32 1335 .
116 1269 145 1329 3.
164 1266 214 1329 Ad
226 1265 302 1329 illud
314 1266 399 1348 quod
409 1265 569 1349 objicitur,
578 1266 663 1347 quod
672 1265 846 1356 simplicius
899 1272 965 1331 tur.
981 1265 1017 1329 ln
1034 1265 1085 1329 his
1098 1284 1164 1329 non
1178 1269 1265 1330 tenet
1281 1266 1411 1347 regula,
1432 1265 1493 1328 nisi
1510 1264 1672 1348 intelliga-

28 1410 32 1451 :
76 1376 122 1437 est
143 1374 229 1456 quod
249 1373 283 1435 in
301 1373 448 1455 pluribus
473 1373 651 1455 reperitur3
675 1372 846 1436 dicendum
900 1378 954 1438 tur
963 1376 1001 1437 ad
1012 1373 1108 1437 idem.
1120 1372 1278 1449 Quoniam
1289 1391 1367 1453 ergo
1377 1389 1522 1454 personae
1531 1391 1589 1453 per
1599 1390 1674 1438 suas

33 1558 34 1561 Ἴ
76 1481 160 1564 quod
174 1480 307 1564 reperiri
318 1481 353 1544 in
362 1481 520 1563 pluribus,
534 1481 596 1544 hoc
602 1482 649 1543 est
657 1480 843 1563 dupliciter:
901 1481 1108 1566 proprietates
1122 1480 1314 1557 referuntur,
1326 1479 1475 1562 quamvis
1492 1498 1596 1543 unum
1609 1481 1674 1546 sint

75 1592 131 1651 aut
154 1588 201 1650 ita
220 1587 307 1669 quod
328 1607 431 1653 uuum
453 1588 582 1652 illorum
604 1586 721 1651 alicubi
746 1590 847 1669 potest
900 1589 934 1652 in
950 1592 1084 1664 natura,
1103 1587 1180 1669 quia
1198 1592 1305 1651 tamen
1322 1605 1388 1651 non
1406 1587 1534 1651 suntad
1548 1606 1671 1667 unum,
1712 1596 1715 1601 ⁴
1777 1657 1779 1660 ,

31 1748 34 1751 a
75 1714 141 1759 esse
157 1696 217 1759 ubi
231 1713 296 1759 non
317 1701 364 1759 est
383 1696 538 1775 alterum,
555 1698 615 1760 ut:
641 1716 657 1753 a
679 1693 782 1758 Homo
800 1697 847 1757 est
901 1694 972 1759 ideo
986 1713 1052 1758 nnn
1064 1695 1209 1777 sequitur
1222 1694 1308 1776 quod
1320 1694 1384 1757 sint
1396 1693 1500 1759 idem:
1516 1699 1547 1758 et
1561 1695 1606 1758 sic
1618 1714 1673 1778 pa-

34 1784 37 1787 *
72 1804 107 1867 in
124 1802 274 1886 pluribus
292 1804 492 1882 hominibus,
515 1807 579 1869 »et
598 1804 643 1868 sic
658 1803 754 1868 habet
771 1822 845 1886 pro·
901 1806 946 1867 tet
958 1802 1047 1867 illud.

71 1910 188 1995 positio
201 1912 383 1989 veritatem
399 1915 456 1974 aut
472 1910 518 1975 ita
532 1911 566 1974 in
580 1910 744 1993 pluribus,
761 1911 848 1994 quod

36 2102 39 2107 ,
72 2034 178 2081 unum
192 2036 261 2081 non
278 2024 325 2082 est
339 2019 407 2082 sine
425 2018 502 2094 alio,
522 2022 554 2082 ει
568 2018 613 2081 sic
629 2017 724 2082 estin
740 2036 849 2101 perso-
1171 2006 1350 2086 QUAESTIO
1372 2007 1412 2071 fl·

71 2123 138 2202 uis,
160 2143 241 2188 nam
260 2143 403 2189 uuanda
423 2126 552 2190 estsine
568 2125 648 2189 alia:
672 2128 703 2189 et
722 2124 767 2189 sic
783 2144 848 2189 non

69 2231 168 2295 habet
181 2232 364 2296 veritatem.
384 2232 465 2296 Nam
478 2235 560 2297 sicut
573 2236 689 2296 natura
704 2237 752 2297 est
764 2252 850 2297 sem·

28 2342 29 2347 ’
69 2358 129 2422 per
147 2343 179 2405 et
199 2341 339 2423 ubique,
361 2342 454 2405 itaet
477 2359 611 2423 persona
628 2364 635 2405 :
655 2345 687 2405 et
706 2342 752 2406 sic
764 2346 850 2425 patet

69 2449 158 2531 qnod
172 2448 258 2511 nibil
271 2448 366 2527 addit,
388 2467 482 2530 aqua
496 2452 646 2513 arctetur.
944 2451 1060 2516 Utrum
1078 2450 1113 2514 in
1136 2450 1254 2515 divinis
1274 2450 1315 2514 sit
1333 2468 1451 2533 ponere
1474 2448 1674 2532 praedicatio·
1708 2458 1794 2516 neop-

28 2550 29 2571 ³
110 2561 143 2619 l.
156 2555 208 2619 Ad
221 2555 301 2619 illud
311 2557 397 2639 quod
406 2557 555 2638 objicitur
566 2557 651 2640 quod
662 2558 791 2638 majoris
803 2561 851 2622 est
903 2577 996 2638 nem,
1024 2559 1143 2622 scillcet
1167 2563 1204 2623 ut
1228 2576 1280 2623 res
1302 2563 1426 2623 uaturae
1451 2558 1519 2622 siva
1541 2533 1736 2640 pemnna¹³⁰⁵'

28 2658 29 2663 ’
70 2665 310 2743 abstractionis,
323 2669 396 2743 ete,
414 2665 583 2728 dicendum
597 2666 683 2747 quod
705 2666 782 2729 illud
794 2665 851 2729 ha·
904 2667 1095 2751 praedicetur
1117 2669 1156 2730 de
1179 2667 1384 2749 natura,vel
1407 2684 1425 2730 e
1448 2683 1619 2745 converso;
1645 2671 1677 2730 et

920 2182 967 2239 dn
980 2184 1012 2237 tn
1025 2181 1128 2239 divinis
1139 2196 1255 2255 persono
1269 2180 1432 2254 predicetur
1444 2180 1476 2237 de
1489 2184 1607 2247 natura,
1630 2186 1657 2238 et

1143 2275 1246 2328 actura
1259 2271 1291 2328 de
1301 2286 1418 2344 persono
1427 2270 1447 2327 ¹.

69 2772 125 2837 bet
145 2773 338 2851 veritatem,
357 2773 415 2836 ubi
431 2773 510 2836 illud
532 2791 552 2836 a
567 2790 631 2855 quo
644 2773 848 2854 abstrahitur,
906 2777 990 2857 quod
1007 2793 1088 2852 non,
1108 2774 1234 2839 videtur
1251 2792 1308 2856 per
1322 2772 1468 2837 Boetium
1486 2773 1522 2836 iu
1540 2773 1622 2837 libro
1637 2772 1676 2839 de

28 2902 29 2905 ¹
69 2880 221 2962 aliquam
237 2879 310 2944 lacit
329 2880 590 2962 compositionem
611 2899 685 2944 cum
707 2898 745 2944 eo
766 2881 852 2963 quod
909 2883 1106 2949 Trinitate’:
1118 2881 1225 2945 alteus
1237 2882 1393 2945 estlorma
1407 2880 1673 2961 sinesubjectoz»

68 2988 298 3053 abstrahitur:
315 2988 361 3052 sic
371 2992 481 3051 autem
497 3007 564 3052 non
576 2989 670 3052 estin
683 2989 769 3053 lieo:
906 2991 960 3055 sed
974 2992 1031 3054 ubi
1052 3009 1117 3055 non
1137 2995 1183 3054 est
1198 2991 1395 3072 subjectum,
1414 3007 1481 3053 nnn
1496 2992 1543 3052 est
1555 2988 1676 3071 praedi-

113 3099 145 3159 5.
162 3097 214 3161 Ad
231 3094 309 3161 illud
323 3095 407 3179 qnod
422 3096 570 3180 objicitur
585 3096 671 3179 quod
684 3097 853 3161 aldrmatlo
906 3103 1036 3163 catum:
1059 3115 1152 3179 ergo,
1174 3102 1233 3162 etc.

68 3209 102 3269 et
114 3205 253 3286 negatio
271 3223 337 3268 non
350 3209 398 3269 εει
411 3205 507 3269 simul
519 3224 596 3270 vera
606 3205 644 3269 de
662 3206 785 3282 eodem,
800 3205 853 3270 di-
947 3216 977 3275 2.
994 3211 1084 3291 ltem,
1100 3210 1267 3293 Dionysius
1278 3209 1354 3273 dicit
1367 3209 1378 3245 ⁸
1390 3209 1476 3292 quod
1490 3208 1677 3291 negationes

67 3314 220 3377 cendum
246 3312 331 3395 quod
355 3313 649 3395 quantulacumque
675 3313 855 3377 differentia
907 3317 1022 3383 delleo
1036 3317 1679 3395 suntverae,atssrmaticnesveroincom-

66 3422 212 3486 rationis
225 3421 342 3485 suflicit
356 3421 653 3485 adafllrmationem
665 3426 696 3484 ει
709 3422 855 3502 negatio·
907 3432 1031 3509 pactae:
1055 3427 1110 3490 sed
1131 3426 1187 3490 ubi
1205 3430 1252 3488 est
1271 3443 1347 3489 vere
1367 3424 1489 3506 aliquid
1509 3424 1548 3489 de
1571 3424 1680 3507 aliquo

65 3549 162 3593 nem.
181 3529 274 3593 Unde
287 3529 495 3611 intelligenda
510 3535 557 3594 est
571 3530 742 3613 propositio
751 3529 790 3593 de
803 3548 855 3593 eo
907 3534 1096 3617 predicare,
1111 3538 1159 3597 est
1171 3537 1203 3597 ει
1218 3551 1293 3597 vere
1304 3533 1485 3596 arssrmare:
1500 3531 1554 3595 sed
1567 3532 1602 3595 in
1616 3531 1680 3596 Deo

66 3638 146 3702 dem
166 3657 206 3702 re
222 3641 256 3701 et
268 3639 391 3701 ratione
409 3660 417 3701 ι
438 3642 469 3701 ει
485 3655 620 3719 persona
633 3637 740 3721 aliquo
760 3638 855 3701 modo
908 3659 972 3705 non
986 3641 1146 3723 contingit
1157 3659 1232 3704 vere
1245 3640 1405 3703 alssrmare
1420 3661 1427 3703 :
1442 3657 1534 3720 ergo,
1549 3643 1608 3703 etc.

65 3747 183 3811 differt
207 3764 229 3808 a
248 3749 379 3824 natura,
398 3744 471 3808 licet
489 3762 555 3808 nou
580 3762 638 3825 per
662 3744 855 3809 additionem
948 3754 978 3812 3.
994 3748 1075 3812 ltem
1094 3749 1156 3812 hoc
1175 3748 1282 3830 ipsum
1299 3747 1427 3810 videtur
1445 3745 1587 3810 ratione:
1603 3746 1681 3828 quia

63 3855 211 3919 realem.
908 3858 1103 3939 ubicumque
1112 3860 1159 3920 εει
1168 3853 1680 3938 praedicatio,ibiestcomplexiotz

110 3969 144 4027 6.
162 3961 218 4026 nd
234 3960 314 4026 illud
326 3959 412 4042 quod
426 3959 575 4042 objicitur
588 3961 675 4044 quod
688 3978 856 4044 quaecum-
910 3983 989 4046 ergo
998 3969 1031 4028 et
1039 3962 1243 4044 compositio:
1257 3960 1311 4024 sed
1320 3959 1430 4024 inlleo
1442 3959 1531 4023 nulla
1542 3966 1681 4025 estcom-

65 4091 136 4155 que
157 4073 241 4134 suut
259 4068 369 4133 eadem
384 4068 487 4132 uniet
501 4068 619 4149 eidem,
637 4069 858 4134 intersasnnt
909 4074 1038 4158 plexio:
1062 4090 1141 4154 ergo
1163 4073 1195 4135 et
1213 4068 1304 4134 nulla
1324 4068 1527 4151 compositio:
1550 4086 1629 4150 ergo
1650 4072 1682 4133 et

65 4180 213 4254 eadem,
229 4179 302 4256 etc,
317 4175 488 4240 dicendum
499 4176 585 4258 quod
603 4176 682 4241 illud
695 4176 784 4256 lallit,
799 4178 857 4241 ubi
902 4173 1000 4247 'nulla
1016 4180 1209 4264 praedicatio.

65 4293 118 4353 est
138 4284 371 4350 convenientia
390 4284 532 4366 plurium
546 4290 701 4366 tanquam
717 4284 752 4347 in
768 4304 856 4349 com·
950 4296 979 4354 4.
996 4290 1091 4368 ltem,
1109 4286 1247 4352 inomni
1263 4284 1488 4369 predicatione
1501 4283 1682 4366 subjeetum

64 4395 190 4472 muni,
217 4395 255 4455 ut
277 4390 528 4455 differentiarum
555 4391 589 4454 in
612 4410 741 4474 genere.
765 4390 857 4456 Fudit
911 4418 945 4463 se
958 4397 1055 4461 habet
1067 4397 1107 4460 ad
1120 4395 1253 4458 modum
1266 4392 1410 4456 materiae
1425 4411 1433 4455 :
1448 4391 1503 4455 sed
1517 4392 1551 4454 in
1565 4391 1683 4456 divinia

64 4507 176 4572 etiam
201 4500 261 4565 ubi
284 4500 391 4581 aliqua
411 4499 505 4582 plura
530 4499 774 4581 distinguuntur
799 4520 858 4584 per
910 4526 970 4571 nec
982 4509 1031 4570 est
1042 4503 1181 4587 reperire
1197 4501 1377 4576 materiam,
1390 4518 1449 4564 nec
1463 4499 1595 4563 modum
1609 4517 1681 4563 ma·

64 4631 150 4679 suas
165 4607 326 4689 origines,
341 4610 378 4671 ut
390 4606 470 4669 radii
483 4606 682 4670 diversarum
692 4608 857 4674 stellmum
911 4614 1019 4678 teriae:
1035 4629 1113 4693 ergo
1131 4628 1190 4674 nec
1203 4608 1470 4692 praedicationem.

62 4724 102 4786 in
118 4727 198 4783 uno
214 4718 334 4797 puncto
352 4713 435 4777 aeris
453 4714 625 4792 uniuntur,
642 4718 674 4778 et
692 4719 797 4780 tamen
815 4720 855 4783 ad
952 4725 981 4785 5.
1001 4720 1096 4799 ltem,
1111 4719 1139 4783 si
1154 4722 1203 4782 est
1216 4718 1261 4781 ibi
1279 4715 1474 4800 pradicatio,
1491 4717 1547 4779 aut
1563 4714 1683 4798 praedi-

62 4827 227 4894 invicem
249 4821 501 4903 distinguuntur.
523 4820 682 4898 Quoniam
706 4841 784 4905 ergo
809 4825 858 4890 di·
912 4837 1002 4897 catur
1019 4832 1105 4896 idem
1122 4830 1161 4893 de
1180 4828 1308 4906 eodem,
1329 4831 1385 4890 aut
1399 4824 1486 4889 aliud
1501 4823 1540 4888 de
1559 4824 1640 4887 alio:
1656 4822 1684 4887 si

62 4939 164 5004 Vissae
175 4947 326 5016 Pffiffllae
335 4930 696 4994 innammfflssvffliunt
705 4935 859 5014 [anquam
911 4941 997 5004 idem
1011 4941 1051 5004 de
1064 4939 1186 5013 eodem,
1201 4937 1311 5001 nullus
1324 4953 1366 5000 ex
1377 4935 1438 4998 hoc
1451 4933 1574 5016 capitur
1587 4931 1683 4995 intel-

62 5054 104 5116 in
116 5064 196 5114 uno
213 5041 395 5120 communi,
410 5045 442 5106 et
454 5059 599 5125 personae
615 5043 877 5126 distinguuntur·
911 5048 1011 5113 lectus
1031 5046 1128 5126 alius,
1147 5064 1246 5129 quam
1264 5044 1291 5109 si
1304 5062 1371 5108 nou
1388 5043 1470 5107 esset
1482 5037 1682 5122 praedicatio,

63 5159 111 5222 ab
131 5157 178 5238 (a)
195 5152 339 5216 invicem
351 5168 409 5234 per
419 5150 593 5232 originem,
609 5152 800 5235 ideopateus
813 5158 859 5218 est
913 5159 950 5222 ut
965 5159 1051 5238 patet
1070 5173 1143 5219 cum
1159 5154 1295 5218 dicitur:
1315 5177 1330 5215 a
1350 5150 1453 5216 Homo
1472 5154 1519 5213 est
1532 5147 1678 5225 homo;»

104 5281 114 5314 ¹
127 5279 177 5343 cs.
198 5275 227 5326 S.
240 5273 342 5337 Thom,
357 5287 383 5337 p.
398 5273 408 5322 l
417 5309 425 5336 ,
441 5286 467 5337 q.
478 5282 575 5328 xxxix.
592 5277 640 5323 art.
653 5276 667 5324 3
675 5288 684 5336 ;
702 5273 858 5338 Richardus,

68 5358 78 5406 Ι
96 5352 193 5412 sent,
211 5346 270 5395 dist.
282 5356 378 5406 mlv,
391 5359 417 5408 q·
431 5356 454 5406 1;
474 5344 560 5408 AEgid.
571 5346 657 5408 llam,
673 5347 680 5393 ¹
701 5346 779 5406 Sena,
799 5346 857 5399 dist.
912 5356 981 5406 Patr.
994 5352 1025 5403 de
1040 5354 1153 5415 Tarant,
1166 5352 1175 5401 l
1189 5351 1269 5412 sent,
1281 5348 1339 5400 dist.
1349 5360 1441 5414 xxxiv,
1454 5361 1480 5413 q.
1491 5356 1569 5397 nu-
1579 5344 1588 5375 ²
1599 5345 1682 5411 licet,

64 5439 175 5490 miv,
194 5436 224 5487 q.
242 5434 270 5484 ¹3
284 5417 371 5481 saaph.
382 5415 487 5480 Brular,
501 5419 509 5468 Ι
524 5417 858 5484 Sent.,dist.xrxrv,q.11;
910 5427 941 5476 de
953 5426 1055 5489 Trinit,
1069 5425 1137 5476 circa
1148 5423 1193 5474 fln.
1204 5449 1234 5460 -
1247 5422 1343 5474 ⁸Dion.
1359 5425 1463 5487 areop..
1479 5420 1509 5472 de
1527 5417 1587 5471 cat.
1601 5419 1682 5484 liter„

102 5510 143 5580 (a)
154 5505 237 5561 Edit.
247 5505 305 5554 Ven.
316 5502 358 5554 ad.
912 5515 935 5551 c.
947 5511 976 5564 11,
992 5502 1018 5549 et
1031 5499 1107 5564 Myrt.
1120 5496 1234 5548 Theot-
1243 5495 1352 5561 ⁴,lrist.,
1365 5494 1395 5545 de
1406 5494 1609 5563 Interpret.„bb.
1620 5497 1640 5547 l.
