4100 6300
452 423 511 492 tto
1022 424 1333 494 SENTENTIARUM
1352 424 1427 493 ΠΒ.
1451 428 1476 494 Ι.

491 559 581 637 Item,
592 578 687 625 omne
700 561 962 643 perteetissimum
974 565 1022 626 ast
1030 580 1125 626 omne
1138 562 1217 626 illud
1270 581 1337 628 non
1350 568 1428 628 sunt
1443 582 1606 647 personae,
1619 582 1675 628 nee
1685 565 1716 628 iu
1731 572 1894 649 praelim

451 685 552 750 aquo
573 669 751 751 perficitur,
770 674 802 734 et
820 671 1064 749 denominatum
1086 671 1158 735 haee
1170 674 1218 734 est
1271 671 1386 735 sistunt
1407 673 1568 754 personis,
1594 672 1671 735 sieut
1689 673 1820 737 relatione
1832 678 1893 747 lim

390 858 394 865 .
451 779 651 857 persenota,
666 776 742 858 quia
754 777 845 841 aliter
858 778 1065 842 denominans
1077 782 1109 842 et
1121 779 1217 861 peril-
1271 796 1344 860 qnae
1357 780 1458 842 movit
1470 781 1559 855 istos,
1572 779 1631 842 fuit
1644 784 1894 865 personarmptrm

452 882 537 946 ciens
545 886 626 947 esset
636 884 802 965 perfectius
810 890 905 965 θο;θῖ
916 886 1217 968 Augustinusistam
1271 889 1302 948 et
1321 886 1430 950 divina
1453 886 1636 969 simplicitas
1658 909 1665 948 ε
1687 888 1752 968 quia
1766 889 1897 973 erinpem

451 989 608 1071 proponit,
631 988 672 1053 VI
685 989 724 1055 de
744 991 873 1070 Trinit,
892 992 1019 1055 dicens¹
1045 991 1131 1074 quod
1151 993 1217 1073 ipse
1272 992 1473 1073 pluressunt‚
1488 994 1598 1076 plures
1611 993 1899 1083 habentproprietalap

451 1096 593 1162 deusest
605 1099 778 1177 maximus,
791 1099 862 1163 ideo
875 1104 922 1163 est
934 1118 993 1163 sua
1005 1100 1193 1180 magnitudo
1208 1120 1215 1162 :
1271 1101 1634 1177 vereditterentessunt3
1644 1104 1672 1163 et
1681 1102 1901 1182 quitationem

450 1205 504 1269 sed
518 1224 652 1287 persona
668 1205 777 1270 divina
789 1212 837 1271 θεῖ
849 1208 1112 1290 perfectissimum
1123 1207 1216 1290 quid,
1272 1206 1299 1269 si
1311 1213 1414 1271 essent
1425 1208 1462 1270 in
1475 1227 1630 1290 persona,
1643 1208 1778 1271 auferrent
1787 1211 1904 1292 dirupta

450 1316 482 1376 et
503 1313 727 1377 denominatur
742 1332 801 1378 sua
817 1315 1029 1397 proprietate:
1047 1333 1126 1397 ergo
1146 1334 1218 1398 per-
1271 1317 1358 1378 tem:
1373 1333 1447 1397 quae
1467 1333 1544 1378 oum
1557 1332 1623 1377 non
1636 1315 1723 1396 possit
1733 1316 1903 1387 animatia.

450 1438 528 1484 sona
540 1426 587 1485 est
598 1440 657 1485 sua
669 1421 862 1505 proprietas,
877 1426 909 1486 θῖ
921 1422 1013 1488 Pater
1023 1428 1071 1487 est
1083 1423 1219 1506 paterni-
1271 1428 1447 1505 posuerunt
1460 1423 1667 1505 proprietates
1681 1441 1740 1486 θεεθ
1753 1424 1865 1486 andala
1874 1445 1905 1506 pe·

450 1535 509 1595 tas.
1272 1531 1374 1609 sonis,
1389 1534 1420 1593 et
1439 1528 1905 1611 nouessepersomslthalm

490 1633 587 1710 Item,
602 1654 697 1700 omne
710 1635 892 1718 simpliciter
906 1638 1048 1719 primum
1063 1644 1111 1703 est
1122 1639 1219 1722 qrrid-
1273 1656 1446 1702 consonare
1465 1642 1584 1701 natura
1595 1637 1753 1714 relationis,
1764 1640 1907 1718 wamia

449 1742 526 1825 quid
539 1743 646 1820 habet,
661 1748 792 1826 excepto
806 1745 1218 1827 eoquodestexil103nam
1272 1748 1326 1809 tur
1340 1763 1408 1808 esse
1419 1744 1452 1807 in
1467 1746 1655 1819 substantie,
1664 1763 1717 1808 nee
1728 1744 1907 1826 pmdieualip'l

449 1849 476 1912 si
495 1850 592 1913 habet
609 1850 731 1934 aliquid
751 1852 836 1933 quod
857 1871 921 1915 non
943 1854 984 1917 sit
1002 1855 1043 1917 ab
1061 1855 1144 1937 ipso,
1169 1855 1219 1918 vel
1272 1853 1307 1914 in
1320 1853 1477 1934 subjecto,
1497 1852 1555 1915 sed
1571 1851 1672 1914 dioere
1689 1852 1907 1932 repetundis

449 1958 535 2039 quod
547 1959 665 2022 nonsit
678 1958 796 2041 ipsum,
811 1958 891 2023 illud
906 1964 953 2023 est
969 1979 1061 2043 aeque
1077 1962 1218 2044 primum
1272 1957 1312 2021 Et
1324 1959 1394 2023 haee
1407 1959 1535 2041 positio,
1552 1959 1609 2023 etsi
1623 1958 1789 2022 rationabilia
1797 1959 1944 2039 alquale-32

449 2067 487 2127 ut
502 2064 630 2147 ipsum3
647 2084 725 2147 ergo
745 2067 851 2149 ipsum
872 2070 1019 2136 nouerit
1037 2070 1220 2153 simpliciter
1271 2065 1347 2144 luit,
1361 2069 1470 2129 tamen
1484 2069 1572 2129 stare
1593 2083 1657 2128 non
1676 2070 1774 2147 potest,
1785 2065 1908 2147 quiem

448 2171 601 2252 primum.
624 2172 684 2237 Sed
707 2172 799 2237 Pater
817 2172 913 2238 habet
932 2176 1173 2257 paternitatem,
1188 2177 1220 2240 et
1272 2172 1909 2249 relationesindivinisneelleunesae,neee
1948 2158 1949 2225 l

449 2279 620 2360 paternitas
637 2298 703 2344 non
723 2285 771 2344 est
788 2282 829 2345 ab
846 2281 932 2363 ipso,
947 2287 979 2346 θῖ
992 2282 1059 2365 ipse
1073 2286 1121 2347 θεῖ
1139 2284 1219 2361 sim-
1272 2283 1390 2343 turam.
1406 2278 1496 2344 Unde
1516 2280 1576 2343 etsi
1596 2280 1631 2342 in
1642 2280 1775 2362 principio
1789 2278 1909 2342 ainaim

449 2384 570 2466 pliciter
586 2386 733 2467 primus:
750 2406 830 2470 ergo
851 2387 943 2452 Pater
966 2394 1013 2453 est
1033 2391 1217 2472 paternitas.
1272 2387 1411 2451 continet
1432 2405 1592 2465 errorem,
1608 2392 1709 2450 tamen
1726 2386 1858 2449 dueieted
1869 2404 1911 2465 na·

449 2491 567 2556 Eadem
584 2493 706 2558 ratione
719 2493 818 2559 Filius
830 2501 877 2560 θεῖ
890 2496 1016 2574 filiatio,
1032 2502 1063 2561 et
1083 2495 1220 2580 Spiritus
1273 2513 1366 2573 num,
1380 2498 1412 2559 et
1423 2494 1495 2558 ideo
1509 2499 1673 2558 retractata
1683 2493 1736 2557 tuit
1745 2490 1911 2558 inolente

449 2603 576 2663 sanetus
590 2602 762 2691 prooessio.
783 2602 832 2666 Ex
850 2602 903 2665 his
920 2605 1118 2668 ooneluditur
1130 2606 1217 2687 quod
1273 2602 1390 2680 mensi,
1405 2604 1437 2665 et
1449 2601 1603 2683 Magister
1613 2601 1752 2665 Gilhertus
1762 2599 1911 2664 Ponendum

449 2708 653 2790 proprietates
665 2727 731 2772 non
751 2715 827 2773 sunt
839 2714 963 2775 tantum
984 2731 1148 2795 personae,
1164 2714 1219 2778 sed
1272 2710 1400 2793 proprio
1413 2711 1608 2775 retractavit.
1625 2710 1692 2775 ideo
1703 2708 1945 2787 tuiiseeundaepire

449 2814 543 2877 etiam
558 2815 592 2877 in
604 2815 757 2898 personis.
773 2816 812 2880 Et
824 2818 911 2899 quod
924 2818 1010 2883 istud
1026 2838 1140 2884 verum
1161 2822 1217 2902 sit,
1274 2816 1412 2880 multum
1424 2817 1576 2882 differens
1587 2819 1627 2881 ab
1638 2818 1700 2894 ista,
1713 2813 1912 2896 nldoelpdp

449 2920 575 2985 videtur
598 2922 782 2987 auctoritate
804 2924 991 3007 Hieronymi
1016 2926 1052 2990 in
1074 2927 1155 2992 libro
1179 2927 1219 2993 de
1272 2924 1419 3007 prietates
1432 2925 1569 2988 omnino
1582 2925 1643 2987 sint
1654 2921 1912 3006 perseuerandum

450 3030 665 3109 Expositlone
679 3030 757 3111 fidei
770 3031 977 3098 catholicam
993 3032 1080 3110 Tres,
1098 3035 1216 3117 inquit,
1272 3032 1333 3095 nisi
1346 3032 1548 3097 solummodo
1562 3033 1596 3095 in
1605 3028 1912 3113 modolopenduam

449 3143 1218 3226 personasexpressassubproprietatibusdistin·
1272 3141 1652 3223 iussllrssspmprielalffl,
1670 3139 1912 3214 Slfflfilssllssllii'

450 3248 592 3327 gaimus.
609 3270 625 3307 ο
1272 3266 1335 3311 nae.
1346 3248 1385 3312 Et
1397 3249 1456 3311 ista
1465 3249 1581 3331 positio
1594 3248 1714 3312 tundata
1721 3251 1759 3311 est
1768 3244 1912 3322 similene

489 3355 568 3421 Item
580 3356 640 3420 hoe
652 3356 779 3423 ridetur
788 3358 926 3437 ratione;
938 3360 1015 3441 quia
1028 3379 1123 3425 omne
1133 3362 1218 3444 quod
1272 3355 1413 3420 divinam
1426 3356 1661 3439 simplieitatem
1675 3379 1682 3418 ε
1696 3356 1759 3437 quia
1769 3354 1831 3416 euin
1841 3364 1912 3430 psam

450 3470 508 3545 est,
526 3471 580 3529 aut
593 3471 640 3529 θεῖ
652 3485 710 3530 ens
724 3485 781 3548 per
795 3485 839 3544 se,
851 3471 907 3531 aut
920 3468 954 3531 in
965 3487 1009 3546 se,
1023 3474 1080 3533 aut
1092 3470 1126 3533 in
1137 3470 1216 3533 alio:
1272 3467 1348 3526 sunt
1358 3464 1614 3546 simplicissimae,
1628 3463 1726 3547 seipsis
1734 3460 1913 3539 daiuguulld

450 3574 658 3656 proprietates
669 3574 770 3654 igitur
788 3577 846 3637 aut
858 3578 935 3638 suut
947 3594 1005 3657 per
1022 3594 1056 3639 εθ
1069 3581 1175 3654 entes,
1189 3581 1220 3641 et
1272 3570 1350 3653 ipsae
1362 3578 1439 3636 sunt
1452 3593 1522 3637 suae
1536 3575 1739 3657 proprietati,
1750 3561 1912 3632 tillim

1272 3673 1452 3738 differentes
1475 3694 1527 3754 re,
1552 3675 1606 3740 sed
1625 3674 1687 3738 solo
1704 3673 1780 3736 modo
1793 3659 1911 3749 laridi

451 3787 513 3850 nisi
526 3787 559 3850 in
573 3787 727 3870 personis,
744 3788 822 3869 quia
834 3789 1009 3870 proprietas
1022 3785 1087 3854 non
1100 3796 1146 3854 est
1157 3790 1219 3854 nisi
1272 3779 1332 3845 isla
1345 3783 1458 3864 positio
1469 3784 1532 3847 luit
1549 3773 1685 3864 Magistri
1698 3775 1913 3861 appatuere

451 3894 487 3956 in
506 3912 544 3958 eo
559 3897 653 3977 eujus
672 3897 719 3958 θεῖ
739 3895 932 3977 proprietas3
948 3896 975 3958 si
994 3916 1051 3979 per
1071 3915 1122 3974 se,
1141 3916 1220 3979 ergo
1273 3889 1323 3970 gis
1334 3895 1381 3953 est
1392 3890 1565 3972 probabilis
1579 3909 1671 3974 quem
1681 3885 1828 3971 praerodens-
1836 3880 1939 3988 lirani-⁶

451 4001 626 4083 proprietas
644 4005 692 4066 est
712 4002 888 4066 substantia
904 4021 912 4064 :
928 4007 984 4066 aut
1001 4022 1079 4084 ergo
1098 4007 1217 4085 ereata,
1272 3997 1340 4080 ipsa
1362 3998 1543 4080 improbata
1563 4003 1611 4062 est
1626 4015 1728 4080 supra,
1745 3994 1798 4058 disi.
1811 3995 1912 4060 milli

452 4111 510 4171 aut
522 4108 671 4185 increata,
687 4112 743 4172 aut
754 4108 858 4173 media
870 4128 878 4172 :
892 4109 947 4173 sed
959 4129 1024 4173 non
1038 4115 1220 4190 ereata,nee
1273 4125 1339 4170 una
1363 4124 1499 4189 persona
1520 4108 1628 4190 plures
1646 4106 1730 4169 habet
1747 4100 1867 4165 aalma.
1879 4103 1912 4168 pe

453 4215 574 4296 media,
594 4216 678 4280 istud
696 4220 817 4281 constat
833 4239 840 4280 :
856 4235 935 4298 ergo
956 4221 1053 4282 restat
1065 4219 1150 4300 quod
1169 4218 1220 4281 in·
1273 4218 1348 4278 suut
1359 4234 1444 4279 verae
1458 4215 1627 4281 relationes
1641 4236 1649 4279 :
1662 4219 1691 4278 et
1701 4212 1786 4296 plures
1797 4194 1912 4289 pemeria

394 4386 396 4388 ,
453 4328 577 4388 ereata:
594 4342 674 4405 ergo
686 4328 761 4388 sunt
771 4342 926 4407 personae.
1176 4386 1179 4394 ,
1273 4324 1349 4388 bant
1370 4343 1470 4387 unam
1491 4326 1734 4408 proprietatem:
1752 4315 1912 4390 erumpere

804 4439 806 4441 ’
1274 4432 1335 4497 alio
1356 4431 1461 4496 etalio
1479 4435 1578 4498 modo
1594 4452 1627 4497 se
1644 4405 1911 4496 mortalitati

722 4566 947 4634 cppcppslp
1275 4540 1426 4624 Spiritum
1440 4546 1599 4622 sanetum,
1614 4513 1911 4606 etiamseeunlmrud

1275 4666 1340 4730 quo
1351 4649 1527 4712 necessario
1542 4649 1680 4731 seqnitur
1691 4643 1763 4729 quod
1772 4627 1909 4704 mappalia·

454 4741 610 4814 Propria&
622 4745 649 4798 el
658 4758 774 4815 persona
790 4744 853 4800 llcel
865 4747 896 4800 in
909 4743 985 4799 111Οᾶ0
995 4759 1022 4800 80
1036 4744 1153 4802 habendi
1164 4745 1220 4816 (lif-
1275 4757 1369 4821 modo
1390 4757 1497 4821 diflert
1517 4758 1687 4839 pmprieffls
1706 4773 1722 4817 a
1738 4761 1843 4834 persona,
1856 4741 1909 4798 im

489 4835 597 4902 seram,
610 4828 764 4906 proprietas
779 4837 869 4890 tamen
882 4838 920 4890 est
931 4850 1047 4907 pesona
1053 4876 1063 4907 ,
1079 4841 1105 4892 et
1117 4839 1147 4893 ia
1156 4853 1220 4910 per-

490 4938 567 4979 aona.

1275 4865 1377 4928 solum
1391 4864 1425 4927 in
1439 4864 1536 4928 modo
1554 4862 1709 4947 loquendi,
1721 4860 1785 4921 sieut
1797 4834 1909 4914 timul*

1276 4971 1374 5054 gister
1391 4969 1629 5054 Praepositivus.
1644 4969 1679 5035 Ei
1698 4969 1798 5052 propter
1808 4939 1909 5060 laud

496 5077 588 5161 Resp.
602 5078 642 5142 ad
654 5077 733 5159 Arg.
748 5077 920 5143 Ilioendum
939 5079 1023 5162 quod
1039 5080 1078 5144 de
1094 5100 1222 5165 eompa—
1276 5078 1429 5160 gendum,
1441 5080 1528 5160 quod
1542 5085 1672 5161 utraque
1682 5055 1909 5167 praedicarim&

456 5186 578 5250 ratione
591 5184 791 5267 proprietatis
803 5186 843 5248 ad
854 5204 1020 5268 personam
1032 5188 1148 5270 triplex
1163 5179 1222 5252 fuit
1276 5204 1355 5248 num
1369 5185 1490 5268 aliquid
1505 5186 1672 5264 veridioat,
1683 5188 1710 5249 et
1721 5162 1907 5257 inalpoielff

340 5342 405 5400 oph·
415 5348 436 5386 Ι,
457 5292 575 5375 opinio.
599 5290 705 5356 Prima
717 5292 831 5375 positio
846 5292 906 5356 fuit
918 5294 1004 5375 quod
1017 5295 1223 5377 proprietates
1275 5312 1352 5358 nam
1369 5293 1493 5376 prima,
1510 5314 1583 5378 quae
1597 5294 1708 5359 dicatu
1720 5285 1787 5374 q11⁰d
1801 5265 1906 5363 ltili*

453 5385 455 5388 ’
490 5415 989 5482 ¹tug.,derrin.,ttu.vt,e.u,aa.
1276 5402 1504 5486 aliquomodo
1529 5379 1905 5481 diffamtapmuiffi
