4100 6300
722 427 908 494 usuum.
930 427 1043 512 rur„
1601 436 1658 496 ror

85 565 276 658 hypostasim
290 573 322 633 et
334 555 577 656 proprietatem.
597 564 740 633 ioannes
757 563 856 634 etiam
869 563 1108 652 Damascenns,
1128 585 1282 658 personas
1302 562 1380 633 dicit
1394 576 1403 611 ¹
1417 585 1485 635 esse
1507 564 1662 657 hyposta-

85 705 142 767 ses,
157 690 187 750 et
199 704 253 750 ees
266 681 344 749 dicit
356 689 459 768 entes,
475 681 521 748 ita
533 681 687 773 inquiens
703 705 711 749 ε
732 680 803 748 «ln
816 679 934 750 deitate
955 704 1058 751 unam
1078 688 1231 752 naturam
1245 680 1453 768 confitemur,
1476 688 1509 751 et
1520 688 1586 752 tres
1601 682 1664 776 hy-

85 807 219 891 postases
231 796 412 867 secundum
425 794 597 866 veritatem
610 807 711 882 entes,
725 796 761 865 id
774 804 835 885 ert,
850 819 1015 890 personas.
1034 825 1052 865 u

279 1075 484 1145 EXPOSITIO
503 1075 667 1143 TEXTUS.
902 1079 1260 1163 quomodoaccipiatur
1271 1099 1421 1164 persona,
1437 1099 1512 1146 cum
1525 1082 1665 1148 dicitur:

906 1184 1219 1270 «dhaesttpersona
1242 1186 1390 1254 Patris.»
1417 1186 1577 1268 Secundo,
1603 1207 1669 1271 quo

901 1293 998 1358 modo
1011 1294 1174 1377 accipitur,
1191 1307 1267 1359 cum
1280 1295 1415 1361 dicitur:
1431 1296 1545 1360 «Alius
1555 1293 1669 1360 estPa·

902 1402 952 1464 ter
967 1400 1002 1463 in
1015 1417 1191 1482 persona.»
1208 1401 1313 1467 Tertio
1331 1403 1393 1468 boc
1407 1405 1576 1468 confirmat
1593 1420 1669 1467 auc-

38 1524 76 1567 to·
127 1508 225 1595 Supra
237 1509 401 1594 respondit
416 1509 457 1594 (a)
473 1509 626 1593 Magister
644 1510 723 1594 quid
744 1510 850 1592 signi-
899 1507 1094 1572 toritatibus.
1110 1506 1256 1572 Primum
1269 1509 1343 1572 iacit
1355 1508 1401 1573 ibi
1427 1530 1436 1572 ι
1456 1508 1550 1574 Nunc
1562 1510 1671 1591 cmpt-

87 1620 194 1683 tlcetur
206 1637 263 1702 per
276 1618 453 1682 terminum
475 1617 692 1695 numeralem,
708 1636 784 1682 cum
797 1616 850 1682 di-
903 1616 1039 1694 ciamus,
1053 1618 1113 1679 etc.
1124 1613 1322 1696 Secundum,
1333 1615 1379 1680 ibi
1392 1637 1399 1680 :
1414 1615 1536 1683 Deinde
1549 1618 1669 1699 quam·

85 1726 186 1790 citur:
203 1725 277 1793 lies
285 1725 520 1809 perconantur
534 1726 640 1791 subdit
653 1725 732 1808 quid
744 1725 850 1808 signi-
904 1728 981 1802 tur,
1000 1730 1111 1790 utrum
1132 1722 1307 1790 emendum
1331 1722 1474 1790 camdem
1497 1726 1669 1792 rationem.

84 1836 195 1899 ficetur
216 1853 273 1917 par
292 1834 392 1898 istum
413 1835 607 1910 terminum,
629 1833 788 1900 Persona:
810 1832 851 1897 Et
902 1828 1061 1911 Tertium,
1079 1829 1125 1894 ibi
1146 1852 1154 1894 ε
1172 1830 1261 1920 Daocl
1280 1837 1387 1900 autem
1404 1831 1577 1899 emendum
1594 1832 1670 1899 eub-

83 1941 233 2006 diriditur
245 1941 316 2006 hec
328 1958 402 2024 pars
414 1940 450 2004 in
463 1940 560 2005 duas:
571 1940 605 2003 in
615 1940 720 2022 prima
733 1940 850 2023 quaerit
902 1938 1061 2005 sunnam
1070 1936 1212 2007 deutur.

86 2053 120 2111 et
133 2047 275 2131 opponit;
295 2047 329 2111 in
343 2046 483 2112 secunda
500 2046 612 2126 solvit,
626 2046 673 2109 ibi
687 2066 697 2111 ι
714 2046 850 2121 orcibeta-

83 2154 161 2221 dcm
174 2153 699 2238 emarcebit-nominaremur.
1233 2127 1302 2174 Μ·
1316 2127 1340 2175 ¹·

127 2263 230 2329 Prima
249 2283 324 2347 pars
340 2263 436 2329 babet
456 2267 522 2327 tres
546 2267 653 2346 partes
667 2280 676 2326 ε
692 2262 728 2326 in
745 2261 851 2346 prima
1028 2243 1090 2295 mss
1103 2244 1240 2310 Persona,
1259 2243 1287 2295 id
1300 2248 1352 2310 cst,
1370 2244 1548 2298 mm·

83 2376 193 2437 movet
203 2370 450 2450 dubitationem
461 2369 496 2434 in
509 2368 648 2434 secunda
656 2369 787 2452 opponit
794 2385 852 2451 per
945 2367 1147 2433 Contrarium
1158 2368 1234 2434 dicit
1244 2368 1373 2434 Boetius
1392 2370 1428 2434 in
1443 2370 1527 2437 libro
1538 2369 1578 2438 dc
1595 2369 1673 2438 dcc

83 2479 305 2544 auctoritatem
314 2476 506 2559 Augustini,
520 2476 689 2541 ostendeus
700 2474 787 2558 quod
802 2474 851 2538 di·
906 2473 1098 2542 macteris
1107 2482 1354 2558 etunapcrconc
1365 2476 1497 2555 dumet,
1506 2476 1675 2559 asugnans

84 2590 170 2654 citur
182 2588 358 2654 secundum
376 2586 608 2666 substantiam,
628 2584 672 2649 ibi
688 2607 697 2649 ι
713 2585 852 2651 Persona
906 2581 1118 2647 differentiam
1143 2583 1227 2648 inter
1254 2584 1425 2649 subsistere
1452 2586 1485 2649 ct
1511 2583 1674 2661 substare,

83 2701 189 2779 enim,
203 2705 240 2764 ct
259 2696 594 2780 superadventante&
612 2694 707 2759 tertio
721 2694 854 2777 opponit
906 2691 993 2773 quod
1017 2691 1160 2756 subsistit
1180 2691 1259 2757 illud
1281 2692 1368 2775 quod
1387 2710 1455 2758 non
1471 2693 1595 2776 indiget
1613 2692 1675 2756 alio

82 2806 318 2889 patrationem,
327 2803 372 2868 ibi
385 2802 509 2871 :Aliter
518 2803 618 2869 attam
626 2801 754 2868 otetur
762 2814 853 2884 peace
906 2798 948 2862 ad
972 2798 1034 2863 hoc
1059 2799 1145 2881 quod
1159 2800 1215 2879 sit;
1237 2800 1362 2866 substat
1380 2817 1473 2879 vero,
1497 2800 1676 2884 quodsub-

83 2912 308 2997 ostmdtqcod
320 2908 684 2988 nominePcrscnoe3ubi
697 2910 854 2973 monstrat
904 2907 1025 2988 jectum
1034 2906 1115 2987 aliis,
1125 2911 1241 2974 utesse
1249 2908 1376 2975 valeant
1386 2909 1675 2993 (bpsubministrat.

81 3021 273 3087 illudidem.
907 3011 1040 3079 Videtur
1050 3031 1130 3096 ergo
1143 3016 1229 3098 quod
1250 3016 1425 3082 subsistere
1437 3016 1479 3081 sit
1491 3017 1578 3082 idem
1591 3019 1677 3102 quod

129 3127 277 3195 Similiter
290 3126 429 3193 secunda
450 3143 542 3210 pars,
556 3124 591 3188 in
606 3143 671 3207 qua
684 3121 789 3203 solvit,
804 3121 855 3187 di·
908 3122 1059 3202 essentia;
1075 3140 1155 3206 ergo
1174 3125 1264 3190 nullo
1283 3126 1379 3193 modo
1398 3129 1502 3211 potest
1513 3126 1576 3193 dici
1590 3127 1677 3213 quod

132 1274 254 1324 Praeterea
265 1270 478 1324 considerandum
486 1270 565 1337 qnod,
574 1284 634 1323 oum
641 1270 693 1323 hoc
704 1284 800 1323 nomen

369 1344 476 1394 Persona
481 1381 491 1407 ,
504 1347 554 1395 etc.

83 3238 207 3305 viditur
219 3237 365 3302 induas.
386 3234 423 3299 ln
441 3235 545 3318 prima
562 3232 656 3297 solvit
677 3231 855 3296 secundum
909 3228 973 3293 sint
985 3229 1095 3311 plures
1107 3231 1331 3297 subsistentiae.

82 3343 430 3430 opinionemaliorum,
439 3342 496 3425 qui
506 3341 618 3406 dicunt
627 3339 713 3422 quod
722 3356 856 3422 persone
950 3334 1043 3420 sep.
1059 3336 1235 3403 Dicendum
1251 3339 1338 3423 quod
1357 3339 1486 3405 Boetius
1499 3342 1615 3427 accipit
1631 3343 1677 3408 ibi

85 3453 243 3536 accipitur
255 3449 435 3516 secundum
447 3448 635 3526 essentiam,
652 3451 761 3511 tamen
776 3445 856 3510 rela-
909 3445 972 3510 hoc
982 3464 1119 3525 nomeu,
1142 3447 1379 3530 subsistentia,
1399 3452 1577 3517 secundum
1591 3452 1679 3520 Mar·

82 3567 156 3627 tam
167 3561 207 3625 ed
219 3559 433 3644 suppositum.
448 3556 487 3621 ln
499 3555 858 3622 secundasolvitsecun·
911 3572 985 3617 cum
998 3551 1160 3636 Tullium,
1174 3561 1270 3639 prout
1283 3557 1396 3640 accipit
1412 3558 1680 3640 significationem

81 3669 168 3734 dum
189 3667 372 3751 opinionem
400 3683 494 3730 suam
520 3682 578 3747 per
605 3662 855 3740 distinctionem,
910 3661 1088 3727 secundum
1110 3669 1219 3729 actum
1251 3665 1462 3747 subsistendi,
1481 3667 1550 3734 sive
1571 3687 1630 3753 per
1646 3688 1680 3736 sc

80 3776 157 3842 ibi:
174 3774 345 3841 mendum
360 3778 407 3840 eat
429 3770 633 3856 cccccccccc
650 3769 707 3836 boa
724 3784 857 3847 nomer,
912 3769 1039 3835 standi:
1070 3776 1102 3835 et
1126 3772 1173 3836 sic
1190 3776 1318 3837 tantum
1339 3793 1406 3839 una
1430 3778 1478 3839 est
1505 3776 1678 3843 subsisten-

81 3880 471 3963 perannaturum
491 3879 740 3962 intelligentiam
762 3878 856 3958 tacit.
911 3879 966 3943 tia.
983 3878 1045 3945 Sed
1058 3898 1146 3946 nunc
1166 3881 1315 3948 Doctores
1328 3881 1500 3967 Scriptura
1522 3886 1683 3970 accipiunt

80 3990 128 4056 Et
140 3990 297 4072 haecpars
310 3987 464 4053 dividitur
477 3986 612 4052 induas.
621 3984 659 4049 ln
667 3983 773 4068 prima
783 4001 859 4066 par-
911 3994 1009 4070 prout
1017 3988 1283 4073 magisimportat
1294 3995 1474 4074 respectum
1487 3992 1681 4077 adproprie·
1760 4030 1766 4044 .

81 4102 118 4164 te
133 4097 270 4163 ostendit
281 4113 347 4180 quo
357 4093 452 4160 modo
466 4092 642 4177 accipiatur
651 4093 714 4158 boc
725 4108 856 4171 nomen,
911 4098 1009 4161 tutem
1022 4098 1076 4161 oui
1092 4098 1225 4163 subest:
1241 4101 1273 4163 et
1294 4099 1340 4163 sic
1353 4099 1563 4183 plurificatur.
1590 4101 1682 4168 Ratio

82 4210 241 4276 Peracta
255 4204 292 4267 in
304 4201 433 4286 plurali.
448 4200 593 4266 secundo
611 4218 676 4283 quo
688 4198 784 4264 modo
804 4215 859 4261 cc·
912 4210 1022 4271 autem
1038 4206 1192 4289 brrjuscst
1202 4209 1382 4273 mmmunis
1395 4227 1474 4275 usus
1488 4210 1587 4294 :quio
1604 4211 1683 4277 acci·

82 4311 274 4397 cipiaturin
287 4308 466 4391 singulm,
481 4326 557 4372 111111
579 4306 719 4371 1111111111
738 4304 858 4369 «Alius
911 4315 1005 4400 piunt
1014 4316 1223 4382 substantiam
1245 4336 1305 4401 pro
1324 4323 1441 4384 natura
1459 4322 1517 4401 rei,
1533 4321 1603 4388 ideo
1623 4340 1683 4405 pro

82 4426 137 4487 est
146 4419 250 4495 Pater,
266 4417 349 4481 alius
365 4418 413 4480 cst
431 4413 551 4493 Filius,
572 4434 588 4474 r
605 4413 651 4478 ibi
665 4435 674 4477 ε
689 4412 782 4479 Nunc
800 4413 857 4479 id·
912 4425 1076 4509 supposito
1091 4425 1196 4508 magis
1215 4426 1389 4493 volucrunt
1405 4429 1547 4514 accipere
1560 4431 1683 4497 subsis-

80 4527 267 4611 sptctcmm
281 4530 389 4590 mrum
412 4521 587 4588 remaclum
600 4519 857 4588 eemdcmrctto-
911 4532 1058 4598 tentiam,

80 4654 174 4705 nero.
189 4633 297 4700 Prima
307 4633 486 4716 pershabet
498 4636 563 4696 tres
575 4628 858 4715 parrednprima
1237 4655 1307 4703 une.
1330 4656 1365 4709 u.

80 4746 180 4832 ponit
193 4742 428 4810 distinctionem
439 4759 497 4825 per
509 4759 607 4824 quam
624 4739 730 4806 solvit.
749 4739 787 4803 ln
806 4758 858 4805 se-
911 4765 974 4817 rrcs
998 4767 1124 4818 pm,
1148 4778 1205 4819 „w
1226 4781 1304 4819 unam
1327 4768 1477 4837 mm,
1498 4773 1540 4825 vd
1564 4773 1680 4841 ejusdem

81 4852 195 4920 cunda
211 4851 379 4915 confirmat
389 4865 447 4931 per
460 4847 682 4913 auctoritatem
697 4847 857 4930 Augusti-
1057 4836 1188 4905 menne,
1201 4852 1254 4891 ³⁰11
1268 4853 1302 4890 0¹
1315 4840 1405 4892 codem
1418 4844 1536 4896 mcum.

79 4962 134 5039 ni,
148 4960 196 5025 ibi
210 4977 220 5023 ι
235 4959 278 5025 Et
294 4957 348 5024 liic
367 4972 480 5023 aeacus
497 4953 674 5037 adjuvatur
686 4971 728 5022 ea
739 4957 855 5025 bertre-
952 4962 1085 5030 Videtur
1101 4965 1163 5031 hoc
1182 4965 1317 5046 tabum,
1336 4967 1413 5050 quia
1434 4968 1527 5036 Pater
1544 4980 1678 5056 generat

80 5072 122 5136 ln
128 5069 225 5135 tertia
231 5066 271 5132 ad
277 5064 487 5147 objectionem
494 5063 672 5148 respondet,
678 5063 857 5132 ibizddtcc
911 5070 1031 5137 Filium
1044 5072 1084 5137 de
1095 5092 1154 5137 sua
1163 5073 1350 5155 substantia,
1367 5079 1398 5139 et
1411 5078 1511 5160 spirat
1524 5077 1679 5164 Spiritum

79 5185 197 5249 actem
215 5174 302 5259 quod
326 5172 380 5239 tlte·
400 5172 526 5240 dicuat.
549 5171 700 5237 Similiter
721 5191 859 5257 sequens
912 5182 1060 5244 sanctum
1073 5200 1082 5243 ι
1096 5178 1678 5270 ergovidetnrquodomnespemonae

77 5274 476 5377 pershabeltrcspertas.
495 5280 651 5365 inprime
668 5280 858 5349 determinat
911 5287 978 5352 sint
1003 5285 1043 5350 de
1068 5285 1178 5350 eadem
1205 5286 1392 5353 substantia.
1415 5288 1496 5356 item
1521 5298 1679 5377 quaeritur

115 5418 128 5454 r
146 5416 225 5466 Joan.
236 5412 365 5473 Damaso„
377 5407 408 5459 de
418 5407 481 5459 ride
490 5406 600 5471 ettad,
612 5407 658 5459 lib.
671 5409 718 5473 lli,
733 5423 758 5460 c.
768 5422 793 5463 v.
945 5411 977 5477 (a)
991 5412 1054 5464 Dat.
1064 5410 1126 5462 edit.
1139 5411 1289 5476 respondet.
1299 5438 1330 5452 -
1342 5413 1375 5479 (b)
1385 5414 1448 5466 ltere
1457 5417 1553 5476 vdent

232 5517 307 5565 rorr.
327 5517 351 5564 ι.
1479 5510 1520 5572 m
