4100 6300
615 973 1177 1137 inenuntium

261 1308 265 1318 ’
328 1317 390 1404 ΙΝ
434 1318 676 1404 PARTEM
717 1317 988 1406 PRIOREM
1029 1320 1451 1407 EXPOSITIONIS

754 1517 804 1590 (eu
825 1519 900 1574 Edit.
923 1519 1033 1590 Votic.)

146 2048 269 2137 Magno
283 2046 516 2138 prestantique
543 2047 675 2135 ingenio
698 2047 867 2134 homines,
893 2048 951 2139 qui
974 2048 1125 2138 pietatem
1154 2071 1229 2115 cum
1243 2033 1396 2117 ¹doctrina
1418 2050 1677 2142 conjunxerunt,

98 2170 268 2265 quidquid
287 2169 409 2238 loboris
425 2169 478 2238 vel
498 2168 668 2238 industriae
691 2178 837 2262 poteraut
850 2170 1056 2262 impendere,
1071 2171 1144 2240 aliis
1158 2173 1327 2261 omnibus,
1343 2181 1416 2243 tum
1434 2176 1590 2266 publicis,
1614 2187 1683 2248 turn

98 2297 240 2390 privatis
257 2294 440 2364 actionibus
451 2294 657 2384 contemptis,
668 2293 709 2362 ad
722 2294 861 2385 pietatis,
872 2296 1132 2390 indagandaeque
1142 2298 1289 2367 veritatis
1301 2299 1446 2369 studium
1460 2303 1683 2388 contulerunt,

97 2444 177 2490 cum
201 2419 424 2489 existimarent
448 2418 546 2506 louge
567 2439 635 2484 esse
654 2417 841 2508 praeclarius
860 2417 1080 2490 humanarum
1108 2444 1145 2489 ac
1169 2421 1356 2491 divinarum
1379 2424 1414 2491 iu
1436 2426 1551 2515 primis
1573 2449 1683 2495 rerum

97 2546 319 2634 investigare,
335 2565 372 2611 ac
393 2543 475 2611 scire
496 2542 676 2627 rationem,
698 2549 730 2609 et
748 2541 877 2633 pietatis
896 2546 1005 2616 officia
1026 2548 1147 2634 colere,
1163 2570 1262 2637 quam
1281 2548 1685 2638 colligendis-divitiarum

101 2670 225 2762 copiis,
248 2677 307 2738 aut
325 2666 534 2775 cumulandis
555 2666 736 2736 honoribus
760 2666 931 2739 inhaerere.
954 2670 1039 2740 Nam
1060 2671 1100 2739 iis
1113 2671 1191 2763 ipsis
1204 2679 1407 2740 terrenarum
1420 2695 1532 2741 rerum
1550 2674 1683 2766 opibus,

100 2817 180 2886 quae
194 2793 343 2883 fragiles,
359 2792 471 2875 fluxae,
487 2791 683 2884 caducaeque
695 2800 790 2878 sunt,
806 2814 944 2884 qumque
957 2795 998 2862 ad
1012 2795 1114 2863 solius
1125 2795 1268 2886 corporis
1280 2794 1405 2864 cultum
1419 2797 1575 2877 attinent,
1589 2820 1686 2867 nemo

98 2918 237 3010 quidem
250 2918 381 3002 melior,
395 2940 494 2986 nemo
504 2916 625 3008 justior
637 2916 711 2984 fieri
723 2924 838 3008 potest.
853 2916 956 2986 Erant
968 2917 1019 2985 illi
1035 2915 1223 3009 praestdntes
1235 2919 1298 2987 viri
1312 2919 1512 3008 dignissimi,
1525 2920 1584 3012 qui
1600 2920 1686 2991 veri-

97 3054 200 3114 tatem
222 3053 467 3135 cognoscerent,
490 3068 590 3137 quam
613 3068 724 3130 nosse,
739 3067 777 3112 ac
798 3041 879 3112 scire
898 3050 1066 3133 tantopere
1086 3044 1338 3133 concupierunt,
1353 3052 1452 3136 atque
1473 3045 1537 3131 ita,
1558 3053 1597 3114 ut
1614 3068 1686 3115 earn

99 3171 233 3264 pietatis
246 3170 429 3239 rationibus
440 3172 665 3263 conjunctam,
681 3170 805 3239 caeteris
818 3169 916 3237 rebus
930 3167 1082 3236 omnibus
1095 3176 1337 3260 anteponerent.

141 3297 184 3364 In
207 3296 249 3365 iis
262 3295 388 3384 magnis
408 3302 507 3386 atque
530 3295 610 3363 adeo
623 3294 760 3362 summis
775 3295 855 3363 viris
870 3293 1061 3383 dignissime
1073 3292 1225 3378 habetur,
1240 3300 1272 3360 ct
1284 3301 1332 3361 est
1346 3292 1541 3385 Seraphicus
1554 3294 1684 3381 Ductor,

97 3424 332 3493 Bonuvmtruns
346 3429 476 3489 sanctus
488 3443 496 3486 ε
508 3442 607 3512 quem
622 3419 657 3487 in
666 3419 794 3488 eximiis
805 3416 1034 3511 primariisque
1050 3416 1199 3484 Ecclesiae
1216 3416 1415 3504 doctoribus,
1428 3418 1687 3508 sapientissimus

97 3546 256 3615 Pontifex
268 3545 382 3613 errus
396 3566 523 3621 ouurrus
536 3543 658 3634 optimo
668 3542 744 3633 jure
758 3542 936 3634 adscripsit.
952 3541 984 3609 ls
996 3541 1038 3611 ab
1052 3540 1164 3610 adulta
1176 3550 1282 3626 aetate,
1294 3541 1447 3611 omnibus
1460 3542 1571 3610 saeculi
1585 3542 1686 3634 hujus

98 3672 188 3739 curis
201 3673 410 3762 contemptis,
424 3668 621 3761 abjectisque
635 3667 875 3759 voluptatibus,
891 3667 927 3735 in
939 3664 1130 3756 religionem
1142 3666 1244 3735 sancti
1256 3665 1419 3734 Francisci
1431 3666 1499 3734 Deo
1518 3688 1559 3734 ex
1573 3668 1685 3735 matris

100 3802 178 3864 voto
191 3794 331 3878 dicatus,
346 3815 451 3884 usque
464 3792 544 3861 odeo
557 3790 717 3880 singulari
731 3790 837 3860 studio
850 3789 1048 3879 theologiam
1061 3790 1231 3881 amplexus
1241 3798 1300 3877 est,
1314 3797 1351 3857 ut
1361 3789 1549 3859 Alexandro
1557 3791 1683 3879 Alensi,

100 3921 233 3989 doctore
253 3927 285 3986 et
307 3918 479 4007 magistro,
502 3938 641 3986 summae
663 3914 856 3984 eruditionis
874 3913 971 3983 laude
990 3913 1169 3983 clarissimo
1183 3928 1247 3983 tres
1260 3915 1345 4006 ipsos
1358 3936 1462 3983 annos
1474 3937 1572 4001 usus,
1587 3915 1685 3984 mira-

100 4046 203 4114 bilem
225 4045 262 4113 in
284 4044 418 4113 modum
443 4042 630 4134 profecerit,
655 4042 722 4111 Deo
744 4042 780 4108 in
801 4040 916 4131 primis
932 4039 1015 4108 bene
1029 4040 1071 4129 (a)
1087 4039 1242 4131 juvante,
1257 4039 1315 4130 qui
1328 4039 1495 4107 hominem
1509 4046 1576 4106 tam
1590 4039 1685 4109 avide

101 4171 217 4239 lumen
232 4168 375 4237 scientie
391 4168 630 4259 requirentem,
645 4165 801 4234 direxerit
813 4163 854 4232 ad
867 4186 979 4232 veram
993 4173 1025 4232 et
1038 4165 1189 4255 pietatem
1208 4173 1241 4232 et
1253 4165 1457 4255 sapientiam.

145 4295 284 4363 Factum
301 4301 348 4361 est
360 4294 473 4382 igitur,
489 4301 527 4361 ut
540 4292 685 4377 Parisiis,
700 4290 857 4358 nimirum
872 4291 906 4357 in
921 4288 1003 4357 urbe
1018 4295 1088 4357 tum
1101 4288 1216 4357 studiis
1228 4287 1393 4386 affluenti,
1410 4295 1481 4356 tum
1494 4287 1684 4357 doctissimis

100 4419 398 4509 eruditissimisque
418 4418 500 4487 viris
522 4416 768 4499 florentissima,
786 4414 888 4482 libros
905 4412 1050 4502 Magistri
1064 4412 1308 4481 Sententiarum
1329 4413 1473 4502 graviter
1492 4415 1683 4506 copioseque

100 4540 308 4634 exposuerit,
332 4549 365 4609 et
384 4542 620 4610 commentariis
641 4539 816 4608 luculentis
837 4536 1026 4622 illustrarit,
1042 4538 1164 4629 quibus
1183 4537 1320 4605 mirifice
1333 4538 1369 4605 in
1382 4507 1496 4629 primis
1508 4536 1684 4605 delectatus

101 4674 149 4734 est
169 4665 410 4750 sanctissimus,
434 4666 586 4756 idemque
607 4664 811 4734 doctissimus
830 4662 981 4732 Pontifex
1001 4663 1150 4731 Clemens
1162 4662 1221 4730 lV.
1237 4662 1310 4743 Quo
1323 4684 1363 4731 ex
1377 4683 1473 4753 opere
1492 4669 1616 4730 tantam
1632 4685 1682 4730 sa-

100 4790 236 4880 pientiae
248 4788 380 4857 laudem
393 4789 450 4857 ille
463 4788 525 4856 sibi
536 4790 748 4880 comparavit,
760 4796 798 4856 ut
810 4788 903 4856 nulla
915 4811 966 4855 res
978 4787 1046 4855 illis
1059 4788 1259 4877 temporibus
1270 4787 1431 4879 explicatu
1445 4785 1589 4854 difficilis
1602 4786 1683 4854 inci-

100 4916 208 4997 deret,
225 4914 265 4982 ad
279 4936 378 5005 quam
392 4938 412 4982 a
424 4912 639 4984 Pontificibus
650 4914 881 4983 Bouuvfflunn
895 4936 962 4981 non
975 4912 1196 4981 adhiberetur.

143 5040 221 5107 Jam
235 5062 312 5108 vero
326 5042 469 5132 primum
483 5040 525 5109 ab
538 5040 633 5108 initio
647 5040 805 5108 nascentis
817 5039 978 5123 Ecclesiae,
994 5039 1173 5107 multarum
1184 5057 1444 5127 magnarumque
1456 5056 1566 5103 rerum
1575 5032 1678 5125 copia,

100 5187 176 5255 quae
200 5163 242 5232 ad
261 5164 433 5254 theologiae
447 5165 591 5234 studium
605 5165 768 5256 pertinent
778 5163 833 5254 (d),
853 5162 1065 5254 amajoribus
1078 5161 1195 5230 nostris
1207 5160 1323 5228 sanctis
1336 5158 1503 5249 doctisque
1516 5157 1613 5242 viris,
1628 5157 1681 5246 pie

99 5288 300 5373 admodum,
315 5296 412 5379 atque
426 5288 551 5357 erudite
565 5288 683 5356 tradita
695 5297 759 5376 est,
770 5312 807 5357 ac
819 5287 1165 5367 subministratanobis
1174 5286 1214 5356 ad
1225 5285 1448 5354 ecclesiasticas
1464 5283 1677 5352 tractationes.

132 5438 167 5501 (u)
181 5439 209 5489 lu
225 5439 295 5490 Edit.
311 5439 387 5503 Luqd.
401 5439 466 5491 deest
479 5442 554 5491 bene.
565 5468 596 5481 -
614 5440 647 5505 (d)
662 5442 789 5507 Hucusque
802 5441 930 5505 legebatur
948 5440 1066 5503 pertinet.
