<?xml version="1.0" encoding="UTF-8"?>
<!DOCTYPE html PUBLIC "-//W3C//DTD XHTML 1.0 Transitional//EN"
    "http://www.w3.org/TR/xhtml1/DTD/xhtml1-transitional.dtd">
<html xmlns="http://www.w3.org/1999/xhtml" xml:lang="en" lang="en">
 <head>
  <title>
</title>
<meta http-equiv="Content-Type" content="text/html;charset=utf-8" />
  <meta name='ocr-system' content='tesseract 3.04.00' />
  <meta name='ocr-capabilities' content='ocr_page ocr_carea ocr_par ocr_line ocrx_word'/>
</head>
<body>
  <div class='ocr_page' id='page_1' title='image "./srecardinalissb00peltgoog_0127.png"; bbox 0 0 4100 6300; ppageno 0'>
   <div class='ocr_carea' id='block_1_1' title="bbox 743 485 1677 563">
    <p class='ocr_par' dir='ltr' id='par_1_1' title="bbox 743 485 1677 563">
     <span class='ocr_line' id='line_1_1' title="bbox 743 485 1677 563; baseline 0.001 -13"><span class='ocrx_word' id='word_1_1' title='bbox 743 485 1032 551; x_wconf 76' lang='lat' dir='ltr'><strong>ARGUMENTUM.</strong></span> <span class='ocrx_word' id='word_1_2' title='bbox 1660 508 1677 563; x_wconf 81' lang='lat'><strong>¹1</strong></span> 
     </span>
    </p>
   </div>
   <div class='ocr_carea' id='block_1_2' title="bbox 92 619 1685 2833">
    <p class='ocr_par' dir='ltr' id='par_1_2' title="bbox 92 619 1679 1958">
     <span class='ocr_line' id='line_1_2' title="bbox 93 619 1677 719; baseline 0.008 -31"><span class='ocrx_word' id='word_1_3' title='bbox 93 621 202 689; x_wconf 85' lang='lat' dir='ltr'><strong>veluti</strong></span> <span class='ocrx_word' id='word_1_4' title='bbox 223 621 363 690; x_wconf 90' lang='lat' dir='ltr'><strong>lectulus</strong></span> <span class='ocrx_word' id='word_1_5' title='bbox 380 623 390 657; x_wconf 93' lang='lat'>¹</span> <span class='ocrx_word' id='word_1_6' title='bbox 413 619 597 689; x_wconf 76' lang='lat' dir='ltr'><strong>Salomoms</strong></span> <span class='ocrx_word' id='word_1_7' title='bbox 617 620 686 688; x_wconf 83' lang='lat' dir='ltr'><strong>veri</strong></span> <span class='ocrx_word' id='word_1_8' title='bbox 697 671 708 706; x_wconf 94' lang='lat'><strong>,</strong></span> <span class='ocrx_word' id='word_1_9' title='bbox 727 641 844 712; x_wconf 81' lang='lat' dir='ltr'>nempe</span> <span class='ocrx_word' id='word_1_10' title='bbox 858 620 993 706; x_wconf 82' lang='lat' dir='ltr'><strong>Christi3</strong></span> <span class='ocrx_word' id='word_1_11' title='bbox 1016 643 1116 712; x_wconf 84' lang='lat' dir='ltr'><strong>quem</strong></span> <span class='ocrx_word' id='word_1_12' title='bbox 1133 621 1300 710; x_wconf 74' lang='lat' dir='ltr'>sexaginta</span> <span class='ocrx_word' id='word_1_13' title='bbox 1316 622 1358 713; x_wconf 74' lang='grc' dir='ltr'><strong>(α)</strong></span> <span class='ocrx_word' id='word_1_14' title='bbox 1383 625 1480 694; x_wconf 88' lang='lat' dir='ltr'><strong>lortes</strong></span> <span class='ocrx_word' id='word_1_15' title='bbox 1504 631 1677 719; x_wconf 88' lang='lat' dir='ltr'><strong>ambiunt,</strong></span> 
     </span>
     <span class='ocr_line' id='line_1_3' title="bbox 93 743 1677 838; baseline 0.009 -27"><span class='ocrx_word' id='word_1_16' title='bbox 93 744 259 812; x_wconf 85' lang='lat' dir='ltr'><strong>nimirum</strong></span> <span class='ocrx_word' id='word_1_17' title='bbox 274 744 340 811; x_wconf 86' lang='lat' dir='ltr'><strong>viri</strong></span> <span class='ocrx_word' id='word_1_18' title='bbox 358 743 400 813; x_wconf 91' lang='lat' dir='ltr'><strong>ad</strong></span> <span class='ocrx_word' id='word_1_19' title='bbox 418 745 478 812; x_wconf 85' lang='lat' dir='ltr'><strong>llci</strong></span> <span class='ocrx_word' id='word_1_20' title='bbox 492 744 578 813; x_wconf 89' lang='lat' dir='ltr'><strong>bella</strong></span> <span class='ocrx_word' id='word_1_21' title='bbox 600 743 839 812; x_wconf 76' lang='lat' dir='ltr'><strong>instructissimi</strong></span> <span class='ocrx_word' id='word_1_22' title='bbox 860 768 868 809; x_wconf 81' lang='lat' dir='ltr'>z</span> <span class='ocrx_word' id='word_1_23' title='bbox 888 744 1005 813; x_wconf 90' lang='lat' dir='ltr'><strong>Petrus</strong></span> <span class='ocrx_word' id='word_1_24' title='bbox 1022 744 1248 832; x_wconf 78' lang='lat' dir='ltr'><strong>lombardus,</strong></span> <span class='ocrx_word' id='word_1_25' title='bbox 1270 745 1310 813; x_wconf 90' lang='lat' dir='ltr'><strong>de</strong></span> <span class='ocrx_word' id='word_1_26' title='bbox 1327 769 1394 838; x_wconf 92' lang='lat' dir='ltr'><strong>quo</strong></span> <span class='ocrx_word' id='word_1_27' title='bbox 1412 748 1480 818; x_wconf 82' lang='lat' dir='ltr'><strong>iere</strong></span> <span class='ocrx_word' id='word_1_28' title='bbox 1501 751 1536 820; x_wconf 95' lang='lat' dir='ltr'><strong>in</strong></span> <span class='ocrx_word' id='word_1_29' title='bbox 1558 776 1677 826; x_wconf 88' lang='lat' dir='ltr'><strong>exorsa</strong></span> 
     </span>
     <span class='ocr_line' id='line_1_4' title="bbox 95 867 1675 969; baseline 0.008 -33"><span class='ocrx_word' id='word_1_30' title='bbox 95 867 199 959; x_wconf 86' lang='lat' dir='ltr'><strong>hujus</strong></span> <span class='ocrx_word' id='word_1_31' title='bbox 212 869 428 937; x_wconf 78' lang='lat' dir='ltr'><strong>enarrationis</strong></span> <span class='ocrx_word' id='word_1_32' title='bbox 439 869 529 957; x_wconf 87' lang='lat' dir='ltr'><strong>dixi,</strong></span> <span class='ocrx_word' id='word_1_33' title='bbox 544 869 777 938; x_wconf 88' lang='lat' dir='ltr'><strong>Parisiensium</strong></span> <span class='ocrx_word' id='word_1_34' title='bbox 800 868 984 960; x_wconf 82' lang='lat' dir='ltr'><strong>episcopus3</strong></span> <span class='ocrx_word' id='word_1_35' title='bbox 999 870 1187 939; x_wconf 78' lang='lat' dir='ltr'><strong>Alexander</strong></span> <span class='ocrx_word' id='word_1_36' title='bbox 1198 870 1342 956; x_wconf 86' lang='lat' dir='ltr'><strong>Alensis,</strong></span> <span class='ocrx_word' id='word_1_37' title='bbox 1355 872 1511 944; x_wconf 81' lang='lat' dir='ltr'><strong>Albertus</strong></span> <span class='ocrx_word' id='word_1_38' title='bbox 1523 878 1675 969; x_wconf 81' lang='lat' dir='ltr'><strong>Magnus,</strong></span> 
     </span>
     <span class='ocr_line' id='line_1_5' title="bbox 94 993 1678 1080; baseline 0.007 -18"><span class='ocrx_word' id='word_1_39' title='bbox 94 1003 230 1062; x_wconf 87' lang='lat' dir='ltr'><strong>sanctus</strong></span> <span class='ocrx_word' id='word_1_40' title='bbox 243 994 397 1080; x_wconf 82' lang='lat' dir='ltr'><strong>Thomas,</strong></span> <span class='ocrx_word' id='word_1_41' title='bbox 407 1004 537 1063; x_wconf 86' lang='lat' dir='ltr'><strong>sauctus</strong></span> <span class='ocrx_word' id='word_1_42' title='bbox 549 995 791 1079; x_wconf 82' lang='lat' dir='ltr'><strong>bonaventura,</strong></span> <span class='ocrx_word' id='word_1_43' title='bbox 806 993 934 1079; x_wconf 87' lang='lat' dir='ltr'><strong>Scotus,</strong></span> <span class='ocrx_word' id='word_1_44' title='bbox 943 993 1235 1078; x_wconf 83' lang='lat' dir='ltr'><strong>Altissiodorensis‚</strong></span> <span class='ocrx_word' id='word_1_45' title='bbox 1250 1004 1282 1063; x_wconf 93' lang='lat' dir='ltr'><strong>et</strong></span> <span class='ocrx_word' id='word_1_46' title='bbox 1295 995 1350 1063; x_wconf 90' lang='lat' dir='ltr'><strong>alii</strong></span> <span class='ocrx_word' id='word_1_47' title='bbox 1362 995 1532 1068; x_wconf 78' lang='lat' dir='ltr'><strong>clarissimi</strong></span> <span class='ocrx_word' id='word_1_48' title='bbox 1546 1003 1609 1071; x_wconf 85' lang='lat' dir='ltr'><strong>viri</strong></span> <span class='ocrx_word' id='word_1_49' title='bbox 1623 1030 1630 1072; x_wconf 95' lang='lat'><strong>:</strong></span> <span class='ocrx_word' id='word_1_50' title='bbox 1642 1006 1678 1074; x_wconf 91' lang='lat' dir='ltr'><strong>in</strong></span> 
     </span>
     <span class='ocr_line' id='line_1_6' title="bbox 94 1117 1678 1217; baseline 0.005 -30"><span class='ocrx_word' id='word_1_51' title='bbox 94 1119 223 1211; x_wconf 88' lang='lat' dir='ltr'><strong>quibus</strong></span> <span class='ocrx_word' id='word_1_52' title='bbox 237 1119 390 1188; x_wconf 92' lang='lat' dir='ltr'><strong>omnibus</strong></span> <span class='ocrx_word' id='word_1_53' title='bbox 403 1120 525 1211; x_wconf 86' lang='lat' dir='ltr'><strong>primas</strong></span> <span class='ocrx_word' id='word_1_54' title='bbox 546 1128 633 1188; x_wconf 89' lang='lat' dir='ltr'><strong>tenet</strong></span> <span class='ocrx_word' id='word_1_55' title='bbox 652 1119 739 1188; x_wconf 88' lang='lat' dir='ltr'><strong>idem</strong></span> <span class='ocrx_word' id='word_1_56' title='bbox 760 1127 890 1187; x_wconf 90' lang='lat' dir='ltr'><strong>sanctus</strong></span> <span class='ocrx_word' id='word_1_57' title='bbox 903 1117 1065 1203; x_wconf 88' lang='lat' dir='ltr'><strong>Thomas,</strong></span> <span class='ocrx_word' id='word_1_58' title='bbox 1080 1119 1139 1209; x_wconf 89' lang='lat' dir='ltr'><strong>qui</strong></span> <span class='ocrx_word' id='word_1_59' title='bbox 1152 1119 1276 1186; x_wconf 87' lang='lat' dir='ltr'><strong>variam</strong></span> <span class='ocrx_word' id='word_1_60' title='bbox 1290 1118 1502 1212; x_wconf 69' lang='lat' dir='ltr'><strong>philosophiae</strong></span> <span class='ocrx_word' id='word_1_61' title='bbox 1520 1126 1678 1217; x_wconf 89' lang='lat' dir='ltr'><strong>peripate-</strong></span> 
     </span>
     <span class='ocr_line' id='line_1_7' title="bbox 93 1241 1678 1335; baseline 0.005 -24"><span class='ocrx_word' id='word_1_62' title='bbox 93 1244 168 1312; x_wconf 76' lang='lat' dir='ltr'><strong>ticae</strong></span> <span class='ocrx_word' id='word_1_63' title='bbox 180 1243 419 1335; x_wconf 86' lang='lat' dir='ltr'><strong>supellectilem</strong></span> <span class='ocrx_word' id='word_1_64' title='bbox 433 1241 473 1311; x_wconf 85' lang='lat' dir='ltr'><strong>ad</strong></span> <span class='ocrx_word' id='word_1_65' title='bbox 488 1263 594 1311; x_wconf 90' lang='lat' dir='ltr'><strong>arcem</strong></span> <span class='ocrx_word' id='word_1_66' title='bbox 607 1241 729 1310; x_wconf 79' lang='lat' dir='ltr'><strong>diviuae</strong></span> <span class='ocrx_word' id='word_1_67' title='bbox 741 1242 909 1335; x_wconf 75' lang='lat' dir='ltr'><strong>sapientire</strong></span> <span class='ocrx_word' id='word_1_68' title='bbox 919 1242 1075 1328; x_wconf 71' lang='lat' dir='ltr'><strong>contulit,</strong></span> <span class='ocrx_word' id='word_1_69' title='bbox 1090 1241 1148 1333; x_wconf 92' lang='lat' dir='ltr'><strong>qui</strong></span> <span class='ocrx_word' id='word_1_70' title='bbox 1162 1242 1333 1330; x_wconf 71' lang='lat' dir='ltr'><strong>theologia</strong></span> <span class='ocrx_word' id='word_1_71' title='bbox 1346 1245 1512 1315; x_wconf 88' lang='lat' dir='ltr'><strong>scientiam</strong></span> <span class='ocrx_word' id='word_1_72' title='bbox 1524 1250 1678 1319; x_wconf 88' lang='lat' dir='ltr'><strong>omnibus</strong></span> 
     </span>
     <span class='ocr_line' id='line_1_8' title="bbox 93 1365 1678 1464; baseline 0.005 -28"><span class='ocrx_word' id='word_1_73' title='bbox 93 1365 324 1437; x_wconf 84' lang='lat' dir='ltr'><strong>doctrinarum</strong></span> <span class='ocrx_word' id='word_1_74' title='bbox 335 1365 535 1435; x_wconf 80' lang='lat' dir='ltr'><strong>ornamentis</strong></span> <span class='ocrx_word' id='word_1_75' title='bbox 550 1366 710 1452; x_wconf 83' lang='lat' dir='ltr'><strong>excoluit,</strong></span> <span class='ocrx_word' id='word_1_76' title='bbox 721 1367 941 1458; x_wconf 88' lang='lat' dir='ltr'><strong>omnibusque</strong></span> <span class='ocrx_word' id='word_1_77' title='bbox 954 1366 1101 1435; x_wconf 87' lang='lat' dir='ltr'><strong>numeris</strong></span> <span class='ocrx_word' id='word_1_78' title='bbox 1113 1366 1269 1452; x_wconf 69' lang='lat' dir='ltr'><strong>absolvit,</strong></span> <span class='ocrx_word' id='word_1_79' title='bbox 1280 1368 1339 1458; x_wconf 92' lang='lat' dir='ltr'><strong>qni</strong></span> <span class='ocrx_word' id='word_1_80' title='bbox 1348 1368 1494 1458; x_wconf 83' lang='lat' dir='ltr'><strong>singulas</strong></span> <span class='ocrx_word' id='word_1_81' title='bbox 1507 1372 1678 1464; x_wconf 77' lang='lat' dir='ltr'><strong>theologia</strong></span> 
     </span>
     <span class='ocr_line' id='line_1_9' title="bbox 92 1485 1678 1587; baseline 0.003 -23"><span class='ocrx_word' id='word_1_82' title='bbox 92 1495 295 1587; x_wconf 64' lang='lat' dir='ltr'><strong>questiones</strong></span> <span class='ocrx_word' id='word_1_83' title='bbox 309 1485 422 1563; x_wconf 89' lang='lat' dir='ltr'><strong>ordine</strong></span> <span class='ocrx_word' id='word_1_84' title='bbox 443 1494 574 1583; x_wconf 79' lang='lat' dir='ltr'><strong>digessit</strong></span> <span class='ocrx_word' id='word_1_85' title='bbox 591 1494 773 1563; x_wconf 87' lang='lat' dir='ltr'><strong>mirabilem</strong></span> <span class='ocrx_word' id='word_1_86' title='bbox 788 1493 823 1560; x_wconf 91' lang='lat' dir='ltr'><strong>in</strong></span> <span class='ocrx_word' id='word_1_87' title='bbox 837 1491 989 1576; x_wconf 90' lang='lat' dir='ltr'><strong>modum;</strong></span> <span class='ocrx_word' id='word_1_88' title='bbox 1006 1490 1066 1581; x_wconf 88' lang='lat' dir='ltr'><strong>qui</strong></span> <span class='ocrx_word' id='word_1_89' title='bbox 1083 1490 1308 1559; x_wconf 72' lang='lat' dir='ltr'><strong>haereticorum</strong></span> <span class='ocrx_word' id='word_1_90' title='bbox 1329 1505 1523 1581; x_wconf 80' lang='lat' dir='ltr'><strong>argumenta</strong></span> <span class='ocrx_word' id='word_1_91' title='bbox 1541 1498 1678 1568; x_wconf 81' lang='lat' dir='ltr'><strong>mirifice</strong></span> 
     </span>
     <span class='ocr_line' id='line_1_10' title="bbox 92 1615 1678 1715; baseline 0.003 -28"><span class='ocrx_word' id='word_1_92' title='bbox 92 1618 269 1707; x_wconf 79' lang='lat' dir='ltr'><strong>coarguit,</strong></span> <span class='ocrx_word' id='word_1_93' title='bbox 284 1640 464 1710; x_wconf 83' lang='lat' dir='ltr'><strong>eorumque</strong></span> <span class='ocrx_word' id='word_1_94' title='bbox 485 1618 596 1704; x_wconf 91' lang='lat' dir='ltr'><strong>dolos,</strong></span> <span class='ocrx_word' id='word_1_95' title='bbox 611 1617 773 1703; x_wconf 86' lang='lat' dir='ltr'><strong>fallacias,</strong></span> <span class='ocrx_word' id='word_1_96' title='bbox 796 1615 991 1707; x_wconf 81' lang='lat' dir='ltr'><strong>fraudesque</strong></span> <span class='ocrx_word' id='word_1_97' title='bbox 1011 1617 1251 1684; x_wconf 85' lang='lat' dir='ltr'><strong>accuratissima</strong></span> <span class='ocrx_word' id='word_1_98' title='bbox 1264 1617 1436 1705; x_wconf 81' lang='lat' dir='ltr'><strong>diligentia</strong></span> <span class='ocrx_word' id='word_1_99' title='bbox 1453 1619 1593 1706; x_wconf 88' lang='lat' dir='ltr'><strong>detexit;</strong></span> <span class='ocrx_word' id='word_1_100' title='bbox 1617 1626 1678 1715; x_wconf 89' lang='lat' dir='ltr'><strong>qni</strong></span> 
     </span>
     <span class='ocr_line' id='line_1_11' title="bbox 93 1739 1679 1841; baseline 0.006 -33"><span class='ocrx_word' id='word_1_101' title='bbox 93 1739 327 1810; x_wconf 75' lang='lat' dir='ltr'><strong>haereticorum</strong></span> <span class='ocrx_word' id='word_1_102' title='bbox 341 1742 419 1810; x_wconf 87' lang='lat' dir='ltr'><strong>item</strong></span> <span class='ocrx_word' id='word_1_103' title='bbox 434 1741 720 1833; x_wconf 86' lang='lat' dir='ltr'><strong>perniciosissimos</strong></span> <span class='ocrx_word' id='word_1_104' title='bbox 732 1763 858 1810; x_wconf 87' lang='lat' dir='ltr'><strong>errores</strong></span> <span class='ocrx_word' id='word_1_105' title='bbox 871 1740 1077 1830; x_wconf 78' lang='lat' dir='ltr'><strong>maximeque</strong></span> <span class='ocrx_word' id='word_1_106' title='bbox 1089 1739 1309 1826; x_wconf 86' lang='lat' dir='ltr'><strong>detestabiles,</strong></span> <span class='ocrx_word' id='word_1_107' title='bbox 1324 1742 1434 1831; x_wconf 83' lang='lat' dir='ltr'><strong>gladio</strong></span> <span class='ocrx_word' id='word_1_108' title='bbox 1448 1746 1582 1837; x_wconf 88' lang='lat' dir='ltr'><strong>spiritus</strong></span> <span class='ocrx_word' id='word_1_109' title='bbox 1595 1772 1679 1841; x_wconf 76' lang='lat' dir='ltr'><strong>pra-</strong></span> 
     </span>
     <span class='ocr_line' id='line_1_12' title="bbox 93 1863 1220 1958; baseline -0.003 -24"><span class='ocrx_word' id='word_1_110' title='bbox 93 1864 186 1950; x_wconf 87' lang='lat' dir='ltr'><strong>cidit,</strong></span> <span class='ocrx_word' id='word_1_111' title='bbox 202 1887 387 1958; x_wconf 80' lang='lat' dir='ltr'><strong>eorumque</strong></span> <span class='ocrx_word' id='word_1_112' title='bbox 399 1867 558 1951; x_wconf 80' lang='lat' dir='ltr'><strong>furorem,</strong></span> <span class='ocrx_word' id='word_1_113' title='bbox 572 1866 710 1934; x_wconf 77' lang='lat' dir='ltr'><strong>funestis</strong></span> <span class='ocrx_word' id='word_1_114' title='bbox 722 1865 848 1934; x_wconf 90' lang='lat' dir='ltr'><strong>lacibus</strong></span> <span class='ocrx_word' id='word_1_115' title='bbox 860 1886 1044 1948; x_wconf 88' lang='lat' dir='ltr'><strong>accensum,</strong></span> <span class='ocrx_word' id='word_1_116' title='bbox 1059 1863 1220 1932; x_wconf 80' lang='lat' dir='ltr'><strong>restinxit.</strong></span> 
     </span>
    </p>

    <p class='ocr_par' dir='ltr' id='par_1_3' title="bbox 94 1988 1685 2833">
     <span class='ocr_line' id='line_1_13' title="bbox 138 1988 1679 2075; baseline 0.007 -19"><span class='ocrx_word' id='word_1_117' title='bbox 138 1989 259 2058; x_wconf 84' lang='lat' dir='ltr'><strong>Itidem</strong></span> <span class='ocrx_word' id='word_1_118' title='bbox 269 1989 427 2059; x_wconf 86' lang='lat' dir='ltr'><strong>affirmari</strong></span> <span class='ocrx_word' id='word_1_119' title='bbox 435 1991 510 2059; x_wconf 90' lang='lat' dir='ltr'><strong>licet</strong></span> <span class='ocrx_word' id='word_1_120' title='bbox 522 1991 680 2060; x_wconf 70' lang='lat' dir='ltr'><strong>desanmo</strong></span> <span class='ocrx_word' id='word_1_121' title='bbox 690 1989 934 2075; x_wconf 77' lang='lat' dir='ltr'><strong>Bonivmmm,</strong></span> <span class='ocrx_word' id='word_1_122' title='bbox 944 2011 985 2056; x_wconf 88' lang='lat' dir='ltr'><strong>ex</strong></span> <span class='ocrx_word' id='word_1_123' title='bbox 992 1988 1223 2058; x_wconf 84' lang='lat' dir='ltr'><strong>constitutione</strong></span> <span class='ocrx_word' id='word_1_124' title='bbox 1232 1998 1263 2056; x_wconf 91' lang='lat' dir='ltr'><strong>et</strong></span> <span class='ocrx_word' id='word_1_125' title='bbox 1273 1992 1433 2060; x_wconf 87' lang='lat' dir='ltr'><strong>sententia</strong></span> <span class='ocrx_word' id='word_1_126' title='bbox 1442 1996 1634 2065; x_wconf 83' lang='lat' dir='ltr'><strong>sanctissimi</strong></span> <span class='ocrx_word' id='word_1_127' title='bbox 1647 2008 1679 2067; x_wconf 89' lang='lat' dir='ltr'><strong>et</strong></span> 
     </span>
     <span class='ocr_line' id='line_1_14' title="bbox 94 2113 1679 2206; baseline 0.004 -24"><span class='ocrx_word' id='word_1_128' title='bbox 94 2113 310 2184; x_wconf 85' lang='lat' dir='ltr'><strong>eruditissimi</strong></span> <span class='ocrx_word' id='word_1_129' title='bbox 326 2114 494 2183; x_wconf 84' lang='lat' dir='ltr'><strong>Pontificis</strong></span> <span class='ocrx_word' id='word_1_130' title='bbox 513 2114 602 2183; x_wconf 85' lang='lat' dir='ltr'><strong>errr</strong></span> <span class='ocrx_word' id='word_1_131' title='bbox 615 2115 658 2199; x_wconf 85' lang='lat' dir='ltr'><strong>V,</strong></span> <span class='ocrx_word' id='word_1_132' title='bbox 674 2117 749 2206; x_wconf 90' lang='lat' dir='ltr'><strong>qui,</strong></span> <span class='ocrx_word' id='word_1_133' title='bbox 766 2136 885 2204; x_wconf 77' lang='lat' dir='ltr'><strong>magno</strong></span> <span class='ocrx_word' id='word_1_134' title='bbox 903 2114 1000 2182; x_wconf 91' lang='lat' dir='ltr'><strong>etiam</strong></span> <span class='ocrx_word' id='word_1_135' title='bbox 1014 2113 1159 2182; x_wconf 89' lang='lat' dir='ltr'><strong>adhibito</strong></span> <span class='ocrx_word' id='word_1_136' title='bbox 1171 2113 1326 2202; x_wconf 89' lang='lat' dir='ltr'><strong>consilio,</strong></span> <span class='ocrx_word' id='word_1_137' title='bbox 1342 2139 1419 2185; x_wconf 89' lang='lat' dir='ltr'><strong>eum</strong></span> <span class='ocrx_word' id='word_1_138' title='bbox 1440 2118 1525 2187; x_wconf 92' lang='lat' dir='ltr'><strong>iuter</strong></span> <span class='ocrx_word' id='word_1_139' title='bbox 1542 2121 1679 2191; x_wconf 92' lang='lat' dir='ltr'><strong>eximios</strong></span> 
     </span>
     <span class='ocr_line' id='line_1_15' title="bbox 95 2237 1677 2342; baseline 0.005 -37"><span class='ocrx_word' id='word_1_140' title='bbox 95 2237 339 2330; x_wconf 83' lang='lat' dir='ltr'><strong>primariosque</strong></span> <span class='ocrx_word' id='word_1_141' title='bbox 347 2238 513 2308; x_wconf 79' lang='lat' dir='ltr'><strong>catholica</strong></span> <span class='ocrx_word' id='word_1_142' title='bbox 519 2238 672 2307; x_wconf 73' lang='lat' dir='ltr'><strong>Ecclesia</strong></span> <span class='ocrx_word' id='word_1_143' title='bbox 683 2239 829 2342; x_wconf 72' lang='lat' dir='ltr'><strong>doctores</strong></span> <span class='ocrx_word' id='word_1_144' title='bbox 841 2238 906 2306; x_wconf 89' lang='lat' dir='ltr'><strong>ritu</strong></span> <span class='ocrx_word' id='word_1_145' title='bbox 918 2238 1056 2307; x_wconf 89' lang='lat' dir='ltr'><strong>solemni</strong></span> <span class='ocrx_word' id='word_1_146' title='bbox 1065 2238 1349 2306; x_wconf 87' lang='lat' dir='ltr'><strong>annumerandum</strong></span> <span class='ocrx_word' id='word_1_147' title='bbox 1359 2238 1511 2311; x_wconf 82' lang='lat' dir='ltr'><strong>decrevit.</strong></span> <span class='ocrx_word' id='word_1_148' title='bbox 1524 2242 1582 2312; x_wconf 85' lang='lat' dir='ltr'><strong>Est</strong></span> <span class='ocrx_word' id='word_1_149' title='bbox 1590 2246 1677 2314; x_wconf 89' lang='lat' dir='ltr'><strong>enim</strong></span> 
     </span>
     <span class='ocr_line' id='line_1_16' title="bbox 95 2360 1678 2458; baseline 0.002 -25"><span class='ocrx_word' id='word_1_150' title='bbox 95 2364 331 2433; x_wconf 61' lang='lat' dir='ltr'><strong>&amp;carnarum</strong></span> <span class='ocrx_word' id='word_1_151' title='bbox 349 2372 500 2449; x_wconf 85' lang='lat' dir='ltr'><strong>sanctus,</strong></span> <span class='ocrx_word' id='word_1_152' title='bbox 515 2365 750 2433; x_wconf 89' lang='lat' dir='ltr'><strong>sententiarum</strong></span> <span class='ocrx_word' id='word_1_153' title='bbox 761 2363 904 2455; x_wconf 88' lang='lat' dir='ltr'><strong>pondere</strong></span> <span class='ocrx_word' id='word_1_154' title='bbox 918 2371 951 2430; x_wconf 91' lang='lat' dir='ltr'><strong>et</strong></span> <span class='ocrx_word' id='word_1_155' title='bbox 963 2360 1106 2429; x_wconf 86' lang='lat' dir='ltr'><strong>utilitate</strong></span> <span class='ocrx_word' id='word_1_156' title='bbox 1118 2362 1242 2429; x_wconf 87' lang='lat' dir='ltr'><strong>nemini</strong></span> <span class='ocrx_word' id='word_1_157' title='bbox 1257 2364 1434 2449; x_wconf 65' lang='lat' dir='ltr'><strong>secundum</strong></span> <span class='ocrx_word' id='word_1_158' title='bbox 1451 2387 1558 2458; x_wconf 89' lang='lat' dir='ltr'><strong>neque</strong></span> <span class='ocrx_word' id='word_1_159' title='bbox 1571 2368 1678 2436; x_wconf 90' lang='lat' dir='ltr'><strong>solum</strong></span> 
     </span>
     <span class='ocr_line' id='line_1_17' title="bbox 96 2484 1685 2581; baseline 0.003 -25"><span class='ocrx_word' id='word_1_160' title='bbox 96 2487 286 2580; x_wconf 76' lang='lat' dir='ltr'><strong>argumenti</strong></span> <span class='ocrx_word' id='word_1_161' title='bbox 292 2487 481 2574; x_wconf 88' lang='lat' dir='ltr'><strong>subtilitate,</strong></span> <span class='ocrx_word' id='word_1_162' title='bbox 492 2488 628 2556; x_wconf 87' lang='lat' dir='ltr'><strong>docendi</strong></span> <span class='ocrx_word' id='word_1_163' title='bbox 634 2489 758 2555; x_wconf 89' lang='lat' dir='ltr'><strong>ratione</strong></span> <span class='ocrx_word' id='word_1_164' title='bbox 767 2486 866 2572; x_wconf 84' lang='lat' dir='ltr'><strong>lucili,</strong></span> <span class='ocrx_word' id='word_1_165' title='bbox 877 2484 1055 2554; x_wconf 90' lang='lat' dir='ltr'><strong>deliniendi</strong></span> <span class='ocrx_word' id='word_1_166' title='bbox 1065 2485 1196 2554; x_wconf 89' lang='lat' dir='ltr'><strong>solertia</strong></span> <span class='ocrx_word' id='word_1_167' title='bbox 1203 2495 1344 2577; x_wconf 72' lang='lat' dir='ltr'><strong>prestat,</strong></span> <span class='ocrx_word' id='word_1_168' title='bbox 1354 2488 1409 2556; x_wconf 91' lang='lat' dir='ltr'><strong>sed</strong></span> <span class='ocrx_word' id='word_1_169' title='bbox 1417 2488 1529 2558; x_wconf 88' lang='lat' dir='ltr'><strong>divina</strong></span> <span class='ocrx_word' id='word_1_170' title='bbox 1536 2492 1685 2581; x_wconf 90' lang='lat' dir='ltr'><strong>quadam</strong></span> 
     </span>
     <span class='ocr_line' id='line_1_18' title="bbox 99 2609 1678 2706; baseline 0.003 -24"><span class='ocrx_word' id='word_1_171' title='bbox 99 2616 131 2682; x_wconf 87' lang='lat' dir='ltr'><strong>vi</strong></span> <span class='ocrx_word' id='word_1_172' title='bbox 148 2613 281 2682; x_wconf 88' lang='lat' dir='ltr'><strong>excellit</strong></span> <span class='ocrx_word' id='word_1_173' title='bbox 299 2613 342 2682; x_wconf 88' lang='lat' dir='ltr'><strong>sd</strong></span> <span class='ocrx_word' id='word_1_174' title='bbox 359 2614 485 2682; x_wconf 89' lang='lat' dir='ltr'><strong>animos</strong></span> <span class='ocrx_word' id='word_1_175' title='bbox 500 2612 755 2706; x_wconf 59' lang='lat' dir='ltr'><strong>permovendum</strong></span> <span class='ocrx_word' id='word_1_176' title='bbox 774 2635 812 2680; x_wconf 89' lang='lat' dir='ltr'><strong>ac</strong></span> <span class='ocrx_word' id='word_1_177' title='bbox 832 2618 988 2703; x_wconf 73' lang='lat' dir='ltr'><strong>praterea</strong></span> <span class='ocrx_word' id='word_1_178' title='bbox 1000 2609 1170 2678; x_wconf 88' lang='lat' dir='ltr'><strong>scribendo</strong></span> <span class='ocrx_word' id='word_1_179' title='bbox 1183 2662 1192 2695; x_wconf 99' lang='lat'><strong>,</strong></span> <span class='ocrx_word' id='word_1_180' title='bbox 1205 2610 1250 2680; x_wconf 89' lang='lat' dir='ltr'><strong>ita</strong></span> <span class='ocrx_word' id='word_1_181' title='bbox 1263 2633 1339 2679; x_wconf 91' lang='lat' dir='ltr'><strong>eum</strong></span> <span class='ocrx_word' id='word_1_182' title='bbox 1353 2635 1482 2681; x_wconf 90' lang='lat' dir='ltr'><strong>summa</strong></span> <span class='ocrx_word' id='word_1_183' title='bbox 1495 2615 1678 2686; x_wconf 89' lang='lat' dir='ltr'><strong>eruditione</strong></span> 
     </span>
     <span class='ocr_line' id='line_1_19' title="bbox 98 2734 1680 2833; baseline 0.002 -26"><span class='ocrx_word' id='word_1_184' title='bbox 98 2761 207 2831; x_wconf 88' lang='lat' dir='ltr'><strong>parem</strong></span> <span class='ocrx_word' id='word_1_185' title='bbox 220 2739 352 2832; x_wconf 88' lang='lat' dir='ltr'><strong>pictatis</strong></span> <span class='ocrx_word' id='word_1_186' title='bbox 364 2739 514 2808; x_wconf 90' lang='lat' dir='ltr'><strong>ardorem</strong></span> <span class='ocrx_word' id='word_1_187' title='bbox 526 2737 717 2829; x_wconf 82' lang='lat' dir='ltr'><strong>conjungit,</strong></span> <span class='ocrx_word' id='word_1_188' title='bbox 733 2745 772 2807; x_wconf 88' lang='lat' dir='ltr'><strong>ut</strong></span> <span class='ocrx_word' id='word_1_189' title='bbox 785 2738 939 2806; x_wconf 89' lang='lat' dir='ltr'><strong>lectorem</strong></span> <span class='ocrx_word' id='word_1_190' title='bbox 952 2742 985 2805; x_wconf 91' lang='lat' dir='ltr'><strong>et</strong></span> <span class='ocrx_word' id='word_1_191' title='bbox 997 2734 1142 2804; x_wconf 91' lang='lat' dir='ltr'><strong>docendo</strong></span> <span class='ocrx_word' id='word_1_192' title='bbox 1155 2744 1301 2821; x_wconf 88' lang='lat' dir='ltr'><strong>moveat,</strong></span> <span class='ocrx_word' id='word_1_193' title='bbox 1315 2744 1347 2803; x_wconf 90' lang='lat' dir='ltr'><strong>et</strong></span> <span class='ocrx_word' id='word_1_194' title='bbox 1358 2736 1514 2808; x_wconf 83' lang='lat' dir='ltr'><strong>doctrinae</strong></span> <span class='ocrx_word' id='word_1_195' title='bbox 1528 2743 1562 2807; x_wconf 87' lang='lat' dir='ltr'><strong>vi</strong></span> <span class='ocrx_word' id='word_1_196' title='bbox 1574 2765 1680 2833; x_wconf 87' lang='lat' dir='ltr'><strong>nsque</strong></span> 
     </span>
    </p>
   </div>
   <div class='ocr_carea' id='block_1_3' title="bbox 98 2846 1817 2954">
    <p class='ocr_par' dir='ltr' id='par_1_4' title="bbox 98 2846 1817 2954">
     <span class='ocr_line' id='line_1_20' title="bbox 98 2846 1817 2954; baseline 0.002 -22"><span class='ocrx_word' id='word_1_197' title='bbox 98 2864 177 2932; x_wconf 84' lang='lat' dir='ltr'><strong>adeo</strong></span> <span class='ocrx_word' id='word_1_198' title='bbox 192 2864 230 2932; x_wconf 93' lang='lat' dir='ltr'><strong>in</strong></span> <span class='ocrx_word' id='word_1_199' title='bbox 243 2864 378 2933; x_wconf 75' lang='lat' dir='ltr'><strong>mbmos</strong></span> <span class='ocrx_word' id='word_1_200' title='bbox 392 2863 496 2932; x_wconf 88' lang='lat' dir='ltr'><strong>animi</strong></span> <span class='ocrx_word' id='word_1_201' title='bbox 514 2885 628 2932; x_wconf 83' lang='lat' dir='ltr'><strong>sensus</strong></span> <span class='ocrx_word' id='word_1_202' title='bbox 643 2870 807 2954; x_wconf 86' lang='lat' dir='ltr'><strong>penetret,</strong></span> <span class='ocrx_word' id='word_1_203' title='bbox 826 2869 865 2931; x_wconf 88' lang='lat' dir='ltr'><strong>ut</strong></span> <span class='ocrx_word' id='word_1_204' title='bbox 882 2861 1056 2952; x_wconf 87' lang='lat' dir='ltr'><strong>seraphicis</strong></span> <span class='ocrx_word' id='word_1_205' title='bbox 1072 2859 1270 2951; x_wconf 88' lang='lat' dir='ltr'><strong>quibusdam</strong></span> <span class='ocrx_word' id='word_1_206' title='bbox 1289 2861 1409 2929; x_wconf 90' lang='lat' dir='ltr'><strong>aculeis</strong></span> <span class='ocrx_word' id='word_1_207' title='bbox 1424 2864 1573 2934; x_wconf 90' lang='lat' dir='ltr'><strong>animum</strong></span> <span class='ocrx_word' id='word_1_208' title='bbox 1594 2888 1682 2934; x_wconf 92' lang='lat' dir='ltr'><strong>com·</strong></span> <span class='ocrx_word' id='word_1_209' title='bbox 1810 2846 1817 2856; x_wconf 52' lang='grc'><strong><em>’</em></strong></span> 
     </span>
    </p>
   </div>
   <div class='ocr_carea' id='block_1_4' title="bbox 99 2983 1680 5208">
    <p class='ocr_par' dir='ltr' id='par_1_5' title="bbox 99 2983 1680 3454">
     <span class='ocr_line' id='line_1_21' title="bbox 100 2983 1680 3079; baseline -0.001 -22"><span class='ocrx_word' id='word_1_210' title='bbox 100 2998 236 3079; x_wconf 78' lang='lat' dir='ltr'><strong>pungat,</strong></span> <span class='ocrx_word' id='word_1_211' title='bbox 251 3011 290 3057; x_wconf 85' lang='lat' dir='ltr'><strong>ec</strong></span> <span class='ocrx_word' id='word_1_212' title='bbox 302 2990 401 3059; x_wconf 91' lang='lat' dir='ltr'><strong>simul</strong></span> <span class='ocrx_word' id='word_1_213' title='bbox 415 2988 605 3057; x_wconf 86' lang='lat' dir='ltr'><strong>admiranda</strong></span> <span class='ocrx_word' id='word_1_214' title='bbox 617 2987 799 3056; x_wconf 82' lang='lat' dir='ltr'><strong>devotionis</strong></span> <span class='ocrx_word' id='word_1_215' title='bbox 812 2985 1004 3078; x_wconf 86' lang='lat' dir='ltr'><strong>pietatisque</strong></span> <span class='ocrx_word' id='word_1_216' title='bbox 1016 2983 1188 3052; x_wconf 88' lang='lat' dir='ltr'><strong>dulcedine</strong></span> <span class='ocrx_word' id='word_1_217' title='bbox 1202 2983 1387 3074; x_wconf 76' lang='lat' dir='ltr'><strong>perfundat.</strong></span> <span class='ocrx_word' id='word_1_218' title='bbox 1403 2984 1553 3077; x_wconf 88' lang='lat' dir='ltr'><strong>Denique</strong></span> <span class='ocrx_word' id='word_1_219' title='bbox 1567 2987 1680 3079; x_wconf 88' lang='lat' dir='ltr'><strong>dispo·</strong></span> 
     </span>
     <span class='ocr_line' id='line_1_22' title="bbox 99 3107 1678 3203; baseline -0.001 -20"><span class='ocrx_word' id='word_1_220' title='bbox 99 3113 235 3185; x_wconf 88' lang='lat' dir='ltr'><strong>tationes</strong></span> <span class='ocrx_word' id='word_1_221' title='bbox 253 3136 387 3202; x_wconf 89' lang='lat' dir='ltr'><strong>omnes,</strong></span> <span class='ocrx_word' id='word_1_222' title='bbox 402 3122 475 3185; x_wconf 89' lang='lat' dir='ltr'><strong>tum</strong></span> <span class='ocrx_word' id='word_1_223' title='bbox 492 3114 608 3183; x_wconf 85' lang='lat' dir='ltr'><strong>robore</strong></span> <span class='ocrx_word' id='word_1_224' title='bbox 626 3112 841 3197; x_wconf 87' lang='lat' dir='ltr'><strong>auctoritatis,</strong></span> <span class='ocrx_word' id='word_1_225' title='bbox 857 3132 957 3203; x_wconf 90' lang='lat' dir='ltr'><strong>quam</strong></span> <span class='ocrx_word' id='word_1_226' title='bbox 971 3130 1039 3178; x_wconf 91' lang='lat' dir='ltr'><strong>non</strong></span> <span class='ocrx_word' id='word_1_227' title='bbox 1061 3107 1167 3177; x_wconf 90' lang='lat' dir='ltr'><strong>solum</strong></span> <span class='ocrx_word' id='word_1_228' title='bbox 1182 3130 1200 3176; x_wconf 93' lang='lat' dir='ltr'><strong>e</strong></span> <span class='ocrx_word' id='word_1_229' title='bbox 1213 3110 1333 3177; x_wconf 89' lang='lat' dir='ltr'><strong>sanctis</strong></span> <span class='ocrx_word' id='word_1_230' title='bbox 1352 3109 1500 3181; x_wconf 77' lang='lat' dir='ltr'><strong>Ecclesia</strong></span> <span class='ocrx_word' id='word_1_231' title='bbox 1515 3113 1678 3183; x_wconf 90' lang='lat' dir='ltr'><strong>veteribus</strong></span> 
     </span>
     <span class='ocr_line' id='line_1_23' title="bbox 100 3222 1676 3331; baseline -0.001 -24"><span class='ocrx_word' id='word_1_232' title='bbox 100 3240 270 3326; x_wconf 85' lang='lat' dir='ltr'><strong>Patribus,</strong></span> <span class='ocrx_word' id='word_1_233' title='bbox 285 3222 340 3309; x_wconf 89' lang='lat' dir='ltr'><strong>sed</strong></span> <span class='ocrx_word' id='word_1_234' title='bbox 358 3240 488 3309; x_wconf 81' lang='lat' dir='ltr'><strong>etiams</strong></span> <span class='ocrx_word' id='word_1_235' title='bbox 501 3237 716 3331; x_wconf 87' lang='lat' dir='ltr'><strong>peripateticis</strong></span> <span class='ocrx_word' id='word_1_236' title='bbox 733 3259 770 3305; x_wconf 91' lang='lat' dir='ltr'><strong>ac</strong></span> <span class='ocrx_word' id='word_1_237' title='bbox 782 3234 951 3327; x_wconf 88' lang='lat' dir='ltr'><strong>platonicis</strong></span> <span class='ocrx_word' id='word_1_238' title='bbox 962 3233 1097 3317; x_wconf 87' lang='lat' dir='ltr'><strong>scholis,</strong></span> <span class='ocrx_word' id='word_1_239' title='bbox 1111 3232 1249 3324; x_wconf 88' lang='lat' dir='ltr'><strong>aliisque</strong></span> <span class='ocrx_word' id='word_1_240' title='bbox 1263 3233 1441 3324; x_wconf 90' lang='lat' dir='ltr'><strong>disciplinis</strong></span> <span class='ocrx_word' id='word_1_241' title='bbox 1453 3237 1589 3329; x_wconf 86' lang='lat' dir='ltr'><strong>accepit,</strong></span> <span class='ocrx_word' id='word_1_242' title='bbox 1605 3246 1676 3306; x_wconf 89' lang='lat' dir='ltr'><strong>tum</strong></span> 
     </span>
     <span class='ocr_line' id='line_1_24' title="bbox 101 3362 709 3454; baseline -0.003 -23"><span class='ocrx_word' id='word_1_243' title='bbox 101 3364 264 3433; x_wconf 85' lang='lat' dir='ltr'><strong>rationum</strong></span> <span class='ocrx_word' id='word_1_244' title='bbox 274 3362 488 3432; x_wconf 86' lang='lat' dir='ltr'><strong>communivit</strong></span> <span class='ocrx_word' id='word_1_245' title='bbox 502 3362 709 3454; x_wconf 86' lang='lat' dir='ltr'><strong>adjumentis.</strong></span> 
     </span>
    </p>

    <p class='ocr_par' dir='ltr' id='par_1_6' title="bbox 102 3484 1678 5208">
     <span class='ocr_line' id='line_1_25' title="bbox 141 3484 1676 3579; baseline -0.001 -24"><span class='ocrx_word' id='word_1_246' title='bbox 141 3486 184 3555; x_wconf 84' lang='lat' dir='ltr'><strong>Hi</strong></span> <span class='ocrx_word' id='word_1_247' title='bbox 201 3489 310 3578; x_wconf 84' lang='lat' dir='ltr'><strong>igitur</strong></span> <span class='ocrx_word' id='word_1_248' title='bbox 325 3488 392 3557; x_wconf 91' lang='lat' dir='ltr'><strong>duo</strong></span> <span class='ocrx_word' id='word_1_249' title='bbox 409 3488 550 3573; x_wconf 85' lang='lat' dir='ltr'><strong>strenui,</strong></span> <span class='ocrx_word' id='word_1_250' title='bbox 568 3486 813 3578; x_wconf 86' lang='lat' dir='ltr'><strong>sapientissimi,</strong></span> <span class='ocrx_word' id='word_1_251' title='bbox 835 3485 1014 3579; x_wconf 89' lang='lat' dir='ltr'><strong>optimique</strong></span> <span class='ocrx_word' id='word_1_252' title='bbox 1036 3484 1208 3573; x_wconf 75' lang='lat' dir='ltr'><strong>theologiae</strong></span> <span class='ocrx_word' id='word_1_253' title='bbox 1229 3484 1426 3553; x_wconf 84' lang='lat' dir='ltr'><strong>scholasticae</strong></span> <span class='ocrx_word' id='word_1_254' title='bbox 1447 3485 1564 3572; x_wconf 91' lang='lat' dir='ltr'><strong>duces,</strong></span> <span class='ocrx_word' id='word_1_255' title='bbox 1582 3494 1676 3555; x_wconf 74' lang='lat' dir='ltr'><strong>atate</strong></span> 
     </span>
     <span class='ocr_line' id='line_1_26' title="bbox 102 3609 1678 3704; baseline 0 -24"><span class='ocrx_word' id='word_1_256' title='bbox 102 3611 253 3702; x_wconf 58' lang='lat' dir='ltr'><strong>marles,</strong></span> <span class='ocrx_word' id='word_1_257' title='bbox 268 3613 364 3704; x_wconf 87' lang='lat' dir='ltr'><strong>qnasi</strong></span> <span class='ocrx_word' id='word_1_258' title='bbox 376 3612 501 3702; x_wconf 83' lang='lat' dir='ltr'><strong>gemini</strong></span> <span class='ocrx_word' id='word_1_259' title='bbox 513 3613 547 3680; x_wconf 91' lang='lat' dir='ltr'><strong>in</strong></span> <span class='ocrx_word' id='word_1_260' title='bbox 562 3612 687 3682; x_wconf 88' lang='lat' dir='ltr'><strong>Christo</strong></span> <span class='ocrx_word' id='word_1_261' title='bbox 700 3612 831 3696; x_wconf 80' lang='lat' dir='ltr'><strong>tratres,</strong></span> <span class='ocrx_word' id='word_1_262' title='bbox 850 3609 966 3678; x_wconf 87' lang='lat' dir='ltr'><strong>iisdem</strong></span> <span class='ocrx_word' id='word_1_263' title='bbox 979 3609 1095 3678; x_wconf 86' lang='lat' dir='ltr'><strong>studiis</strong></span> <span class='ocrx_word' id='word_1_264' title='bbox 1107 3609 1220 3692; x_wconf 89' lang='lat' dir='ltr'><strong>dediti,</strong></span> <span class='ocrx_word' id='word_1_265' title='bbox 1235 3610 1371 3702; x_wconf 89' lang='lat' dir='ltr'><strong>parique</strong></span> <span class='ocrx_word' id='word_1_266' title='bbox 1387 3633 1506 3679; x_wconf 90' lang='lat' dir='ltr'><strong>corona</strong></span> <span class='ocrx_word' id='word_1_267' title='bbox 1522 3611 1678 3680; x_wconf 90' lang='lat' dir='ltr'><strong>condeco-</strong></span> 
     </span>
     <span class='ocr_line' id='line_1_27' title="bbox 102 3735 1676 3828; baseline 0.002 -26"><span class='ocrx_word' id='word_1_268' title='bbox 102 3735 183 3821; x_wconf 90' lang='lat' dir='ltr'><strong>rati,</strong></span> <span class='ocrx_word' id='word_1_269' title='bbox 198 3736 259 3828; x_wconf 90' lang='lat' dir='ltr'><strong>qui</strong></span> <span class='ocrx_word' id='word_1_270' title='bbox 272 3737 402 3806; x_wconf 77' lang='lat' dir='ltr'><strong>eximiae</strong></span> <span class='ocrx_word' id='word_1_271' title='bbox 415 3738 574 3806; x_wconf 87' lang='lat' dir='ltr'><strong>sanctitati</strong></span> <span class='ocrx_word' id='word_1_272' title='bbox 588 3760 740 3827; x_wconf 81' lang='lat' dir='ltr'><strong>magnam</strong></span> <span class='ocrx_word' id='word_1_273' title='bbox 754 3735 935 3828; x_wconf 69' lang='lat' dir='ltr'><strong>praestantis</strong></span> <span class='ocrx_word' id='word_1_274' title='bbox 946 3735 1104 3803; x_wconf 78' lang='lat' dir='ltr'><strong>doctrinae</strong></span> <span class='ocrx_word' id='word_1_275' title='bbox 1116 3735 1248 3803; x_wconf 90' lang='lat' dir='ltr'><strong>laudem</strong></span> <span class='ocrx_word' id='word_1_276' title='bbox 1261 3735 1499 3826; x_wconf 84' lang='lat' dir='ltr'><strong>adjunxerunt,</strong></span> <span class='ocrx_word' id='word_1_277' title='bbox 1515 3759 1590 3805; x_wconf 88' lang='lat' dir='ltr'><strong>cum</strong></span> <span class='ocrx_word' id='word_1_278' title='bbox 1607 3739 1676 3806; x_wconf 86' lang='lat' dir='ltr'><strong>veri</strong></span> 
     </span>
     <span class='ocr_line' id='line_1_28' title="bbox 106 3859 1678 3949; baseline 0.003 -25"><span class='ocrx_word' id='word_1_279' title='bbox 106 3860 204 3928; x_wconf 88' lang='lat' dir='ltr'><strong>robur</strong></span> <span class='ocrx_word' id='word_1_280' title='bbox 224 3860 421 3929; x_wconf 86' lang='lat' dir='ltr'><strong>stabilierint</strong></span> <span class='ocrx_word' id='word_1_281' title='bbox 437 3860 609 3949; x_wconf 78' lang='lat' dir='ltr'><strong>theologia</strong></span> <span class='ocrx_word' id='word_1_282' title='bbox 629 3860 757 3944; x_wconf 88' lang='lat' dir='ltr'><strong>nervis,</strong></span> <span class='ocrx_word' id='word_1_283' title='bbox 780 3868 813 3927; x_wconf 92' lang='lat' dir='ltr'><strong>et</strong></span> <span class='ocrx_word' id='word_1_284' title='bbox 830 3859 1058 3928; x_wconf 68' lang='lat' dir='ltr'><strong>hereticorum</strong></span> <span class='ocrx_word' id='word_1_285' title='bbox 1076 3860 1243 3928; x_wconf 91' lang='lat' dir='ltr'><strong>andaciam</strong></span> <span class='ocrx_word' id='word_1_286' title='bbox 1266 3861 1449 3928; x_wconf 87' lang='lat' dir='ltr'><strong>retuderiut</strong></span> <span class='ocrx_word' id='word_1_287' title='bbox 1470 3859 1678 3929; x_wconf 88' lang='lat' dir='ltr'><strong>solidioribus</strong></span> 
     </span>
     <span class='ocr_line' id='line_1_29' title="bbox 104 3982 1674 4077; baseline 0.001 -26"><span class='ocrx_word' id='word_1_288' title='bbox 104 3984 223 4052; x_wconf 87' lang='lat' dir='ltr'><strong>artibus</strong></span> <span class='ocrx_word' id='word_1_289' title='bbox 237 4036 248 4071; x_wconf 89' lang='lat'><strong>,</strong></span> <span class='ocrx_word' id='word_1_290' title='bbox 263 3985 480 4077; x_wconf 89' lang='lat' dir='ltr'><strong>pressiorique</strong></span> <span class='ocrx_word' id='word_1_291' title='bbox 494 3984 744 4075; x_wconf 83' lang='lat' dir='ltr'><strong>argumentandi</strong></span> <span class='ocrx_word' id='word_1_292' title='bbox 757 4005 892 4072; x_wconf 83' lang='lat' dir='ltr'><strong>generc;</strong></span> <span class='ocrx_word' id='word_1_293' title='bbox 908 3982 1019 4051; x_wconf 83' lang='lat' dir='ltr'><strong>divine</strong></span> <span class='ocrx_word' id='word_1_294' title='bbox 1037 3983 1169 4073; x_wconf 88' lang='lat' dir='ltr'><strong>quidem</strong></span> <span class='ocrx_word' id='word_1_295' title='bbox 1183 3992 1215 4051; x_wconf 89' lang='lat' dir='ltr'><strong>et</strong></span> <span class='ocrx_word' id='word_1_296' title='bbox 1228 3992 1468 4074; x_wconf 88' lang='lat' dir='ltr'><strong>peropportune</strong></span> <span class='ocrx_word' id='word_1_297' title='bbox 1480 3984 1601 4053; x_wconf 88' lang='lat' dir='ltr'><strong>lactum</strong></span> <span class='ocrx_word' id='word_1_298' title='bbox 1615 3993 1674 4069; x_wconf 90' lang='lat' dir='ltr'><strong>est,</strong></span> 
     </span>
     <span class='ocr_line' id='line_1_30' title="bbox 105 4107 1675 4202; baseline 0.004 -28"><span class='ocrx_word' id='word_1_299' title='bbox 105 4117 141 4174; x_wconf 88' lang='lat' dir='ltr'><strong>ut</strong></span> <span class='ocrx_word' id='word_1_300' title='bbox 164 4108 216 4177; x_wconf 91' lang='lat' dir='ltr'><strong>bis</strong></span> <span class='ocrx_word' id='word_1_301' title='bbox 232 4108 481 4179; x_wconf 88' lang='lat' dir='ltr'><strong>luctuosissimis</strong></span> <span class='ocrx_word' id='word_1_302' title='bbox 499 4110 715 4202; x_wconf 79' lang='lat' dir='ltr'><strong>temporibus,</strong></span> <span class='ocrx_word' id='word_1_303' title='bbox 735 4107 856 4199; x_wconf 86' lang='lat' dir='ltr'><strong>quibus</strong></span> <span class='ocrx_word' id='word_1_304' title='bbox 878 4107 1090 4179; x_wconf 75' lang='lat' dir='ltr'><strong>nobilissimae</strong></span> <span class='ocrx_word' id='word_1_305' title='bbox 1113 4111 1289 4201; x_wconf 72' lang='lat' dir='ltr'><strong>provinciae</strong></span> <span class='ocrx_word' id='word_1_306' title='bbox 1309 4112 1389 4180; x_wconf 91' lang='lat' dir='ltr'><strong>olim</strong></span> <span class='ocrx_word' id='word_1_307' title='bbox 1411 4112 1488 4181; x_wconf 87' lang='lat' dir='ltr'><strong>fidei</strong></span> <span class='ocrx_word' id='word_1_308' title='bbox 1511 4111 1675 4181; x_wconf 78' lang='lat' dir='ltr'><strong>catholica</strong></span> 
     </span>
     <span class='ocr_line' id='line_1_31' title="bbox 105 4231 1676 4327; baseline 0.004 -28"><span class='ocrx_word' id='word_1_309' title='bbox 105 4232 205 4319; x_wconf 84' lang='lat' dir='ltr'><strong>gloria</strong></span> <span class='ocrx_word' id='word_1_310' title='bbox 213 4232 462 4320; x_wconf 70' lang='lat' dir='ltr'><strong>florentissimas,</strong></span> <span class='ocrx_word' id='word_1_311' title='bbox 473 4232 659 4315; x_wconf 84' lang='lat' dir='ltr'><strong>Germania,</strong></span> <span class='ocrx_word' id='word_1_312' title='bbox 671 4231 804 4321; x_wconf 79' lang='lat' dir='ltr'><strong>Anglia,</strong></span> <span class='ocrx_word' id='word_1_313' title='bbox 813 4232 977 4318; x_wconf 73' lang='lat' dir='ltr'><strong>Belgium,</strong></span> <span class='ocrx_word' id='word_1_314' title='bbox 989 4236 1265 4327; x_wconf 87' lang='lat' dir='ltr'><strong>etamplissimum</strong></span> <span class='ocrx_word' id='word_1_315' title='bbox 1275 4236 1390 4307; x_wconf 75' lang='lat' dir='ltr'><strong>Gallica</strong></span> <span class='ocrx_word' id='word_1_316' title='bbox 1400 4260 1552 4327; x_wconf 80' lang='lat' dir='ltr'><strong>regnum,</strong></span> <span class='ocrx_word' id='word_1_317' title='bbox 1562 4239 1676 4307; x_wconf 90' lang='lat' dir='ltr'><strong>tandiu</strong></span> 
     </span>
     <span class='ocr_line' id='line_1_32' title="bbox 110 4354 1675 4453; baseline 0.006 -31"><span class='ocrx_word' id='word_1_318' title='bbox 110 4354 265 4426; x_wconf 77' lang='lat' dir='ltr'><strong>haeresum</strong></span> <span class='ocrx_word' id='word_1_319' title='bbox 278 4358 539 4450; x_wconf 86' lang='lat' dir='ltr'><strong>tempestatibus,</strong></span> <span class='ocrx_word' id='word_1_320' title='bbox 560 4357 824 4447; x_wconf 86' lang='lat' dir='ltr'><strong>turbulentisque</strong></span> <span class='ocrx_word' id='word_1_321' title='bbox 837 4356 991 4425; x_wconf 85' lang='lat' dir='ltr'><strong>fluctibns</strong></span> <span class='ocrx_word' id='word_1_322' title='bbox 1004 4358 1183 4447; x_wconf 81' lang='lat' dir='ltr'><strong>agitantur,</strong></span> <span class='ocrx_word' id='word_1_323' title='bbox 1198 4368 1230 4427; x_wconf 91' lang='lat' dir='ltr'><strong>et</strong></span> <span class='ocrx_word' id='word_1_324' title='bbox 1243 4360 1469 4430; x_wconf 81' lang='lat' dir='ltr'><strong>haeretiearum</strong></span> <span class='ocrx_word' id='word_1_325' title='bbox 1483 4363 1675 4453; x_wconf 91' lang='lat' dir='ltr'><strong>opinionum</strong></span> 
     </span>
     <span class='ocr_line' id='line_1_33' title="bbox 107 4480 1674 4574; baseline 0.006 -32"><span class='ocrx_word' id='word_1_326' title='bbox 107 4480 266 4550; x_wconf 77' lang='lat' dir='ltr'><strong>amoribus</strong></span> <span class='ocrx_word' id='word_1_327' title='bbox 278 4483 372 4573; x_wconf 91' lang='lat' dir='ltr'><strong>quasi</strong></span> <span class='ocrx_word' id='word_1_328' title='bbox 386 4483 564 4552; x_wconf 88' lang='lat' dir='ltr'><strong>tribunitiis</strong></span> <span class='ocrx_word' id='word_1_329' title='bbox 578 4484 744 4553; x_wconf 84' lang='lat' dir='ltr'><strong>furoribus</strong></span> <span class='ocrx_word' id='word_1_330' title='bbox 757 4482 1001 4567; x_wconf 90' lang='lat' dir='ltr'><strong>concutiuntur,</strong></span> <span class='ocrx_word' id='word_1_331' title='bbox 1016 4483 1177 4574; x_wconf 90' lang='lat' dir='ltr'><strong>optimum</strong></span> <span class='ocrx_word' id='word_1_332' title='bbox 1195 4486 1351 4553; x_wconf 78' lang='lat' dir='ltr'><strong>doctrina</strong></span> <span class='ocrx_word' id='word_1_333' title='bbox 1362 4485 1529 4553; x_wconf 77' lang='lat' dir='ltr'><strong>catholica</strong></span> <span class='ocrx_word' id='word_1_334' title='bbox 1545 4484 1674 4570; x_wconf 74' lang='lat' dir='ltr'><strong>domm,</strong></span> 
     </span>
     <span class='ocr_line' id='line_1_34' title="bbox 109 4605 1677 4705; baseline 0.004 -31"><span class='ocrx_word' id='word_1_335' title='bbox 109 4605 146 4673; x_wconf 91' lang='lat' dir='ltr'><strong>ad</strong></span> <span class='ocrx_word' id='word_1_336' title='bbox 159 4606 295 4677; x_wconf 79' lang='lat' dir='ltr'><strong>haereses</strong></span> <span class='ocrx_word' id='word_1_337' title='bbox 306 4611 553 4700; x_wconf 84' lang='lat' dir='ltr'><strong>restinguendos</strong></span> <span class='ocrx_word' id='word_1_338' title='bbox 566 4613 851 4682; x_wconf 86' lang='lat' dir='ltr'><strong>instructissimum</strong></span> <span class='ocrx_word' id='word_1_339' title='bbox 865 4613 901 4681; x_wconf 94' lang='lat' dir='ltr'><strong>in</strong></span> <span class='ocrx_word' id='word_1_340' title='bbox 915 4614 1016 4682; x_wconf 87' lang='lat' dir='ltr'><strong>aciem</strong></span> <span class='ocrx_word' id='word_1_341' title='bbox 1035 4612 1264 4681; x_wconf 87' lang='lat' dir='ltr'><strong>Sanctissimns</strong></span> <span class='ocrx_word' id='word_1_342' title='bbox 1280 4614 1371 4682; x_wconf 80' lang='lat' dir='ltr'><strong>bom.</strong></span> <span class='ocrx_word' id='word_1_343' title='bbox 1387 4612 1478 4681; x_wconf 89' lang='lat' dir='ltr'><strong>Nost.</strong></span> <span class='ocrx_word' id='word_1_344' title='bbox 1502 4613 1542 4704; x_wconf 73' lang='lat' dir='ltr'><strong>(d)</strong></span> <span class='ocrx_word' id='word_1_345' title='bbox 1557 4613 1677 4705; x_wconf 88' lang='lat' dir='ltr'><strong>perdu-</strong></span> 
     </span>
     <span class='ocr_line' id='line_1_35' title="bbox 109 4734 1677 4833; baseline 0.008 -35"><span class='ocrx_word' id='word_1_346' title='bbox 109 4739 200 4800; x_wconf 87' lang='lat' dir='ltr'><strong>ceret.</strong></span> <span class='ocrx_word' id='word_1_347' title='bbox 214 4734 245 4803; x_wconf 92' lang='lat' dir='ltr'><strong>Is</strong></span> <span class='ocrx_word' id='word_1_348' title='bbox 254 4734 342 4803; x_wconf 88' lang='lat' dir='ltr'><strong>enim</strong></span> <span class='ocrx_word' id='word_1_349' title='bbox 355 4788 364 4821; x_wconf 95' lang='lat'><strong>,</strong></span> <span class='ocrx_word' id='word_1_350' title='bbox 377 4760 398 4805; x_wconf 92' lang='lat' dir='ltr'><strong>a</strong></span> <span class='ocrx_word' id='word_1_351' title='bbox 410 4737 516 4827; x_wconf 91' lang='lat' dir='ltr'><strong>prima</strong></span> <span class='ocrx_word' id='word_1_352' title='bbox 529 4746 640 4822; x_wconf 85' lang='lat' dir='ltr'><strong>aetate,</strong></span> <span class='ocrx_word' id='word_1_353' title='bbox 655 4738 827 4829; x_wconf 76' lang='lat' dir='ltr'><strong>theologica</strong></span> <span class='ocrx_word' id='word_1_354' title='bbox 840 4742 956 4810; x_wconf 89' lang='lat' dir='ltr'><strong>studiis</strong></span> <span class='ocrx_word' id='word_1_355' title='bbox 966 4763 1094 4833; x_wconf 88' lang='lat' dir='ltr'><strong>semper</strong></span> <span class='ocrx_word' id='word_1_356' title='bbox 1105 4741 1233 4827; x_wconf 85' lang='lat' dir='ltr'><strong>lloruit,</strong></span> <span class='ocrx_word' id='word_1_357' title='bbox 1249 4749 1442 4833; x_wconf 90' lang='lat' dir='ltr'><strong>tantumque</strong></span> <span class='ocrx_word' id='word_1_358' title='bbox 1458 4742 1493 4809; x_wconf 92' lang='lat' dir='ltr'><strong>iu</strong></span> <span class='ocrx_word' id='word_1_359' title='bbox 1511 4743 1588 4833; x_wconf 86' lang='lat' dir='ltr'><strong>ipsis</strong></span> <span class='ocrx_word' id='word_1_360' title='bbox 1604 4765 1677 4833; x_wconf 82' lang='lat' dir='ltr'><strong>pro</strong></span> 
     </span>
     <span class='ocr_line' id='line_1_36' title="bbox 109 4852 1678 4958; baseline 0.009 -38"><span class='ocrx_word' id='word_1_361' title='bbox 109 4852 190 4941; x_wconf 89' lang='lat' dir='ltr'><strong>lecit,</strong></span> <span class='ocrx_word' id='word_1_362' title='bbox 204 4866 242 4925; x_wconf 87' lang='lat' dir='ltr'><strong>ut</strong></span> <span class='ocrx_word' id='word_1_363' title='bbox 254 4880 350 4928; x_wconf 88' lang='lat' dir='ltr'><strong>nemo</strong></span> <span class='ocrx_word' id='word_1_364' title='bbox 368 4882 468 4928; x_wconf 88' lang='lat' dir='ltr'><strong>unam</strong></span> <span class='ocrx_word' id='word_1_365' title='bbox 487 4862 632 4953; x_wconf 87' lang='lat' dir='ltr'><strong>aliquam</strong></span> <span class='ocrx_word' id='word_1_366' title='bbox 652 4871 718 4931; x_wconf 91' lang='lat' dir='ltr'><strong>tam</strong></span> <span class='ocrx_word' id='word_1_367' title='bbox 732 4864 870 4954; x_wconf 83' lang='lat' dir='ltr'><strong>perfecte</strong></span> <span class='ocrx_word' id='word_1_368' title='bbox 887 4866 1053 4934; x_wconf 89' lang='lat' dir='ltr'><strong>scientiam</strong></span> <span class='ocrx_word' id='word_1_369' title='bbox 1066 4864 1231 4949; x_wconf 89' lang='lat' dir='ltr'><strong>didicerit,</strong></span> <span class='ocrx_word' id='word_1_370' title='bbox 1245 4888 1345 4956; x_wconf 87' lang='lat' dir='ltr'><strong>quam</strong></span> <span class='ocrx_word' id='word_1_371' title='bbox 1360 4865 1415 4933; x_wconf 86' lang='lat' dir='ltr'><strong>ille</strong></span> <span class='ocrx_word' id='word_1_372' title='bbox 1433 4865 1582 4933; x_wconf 89' lang='lat' dir='ltr'><strong>omnium</strong></span> <span class='ocrx_word' id='word_1_373' title='bbox 1595 4888 1678 4958; x_wconf 85' lang='lat' dir='ltr'><strong>prae-</strong></span> 
     </span>
     <span class='ocr_line' id='line_1_37' title="bbox 110 4980 1678 5081; baseline 0.007 -35"><span class='ocrx_word' id='word_1_374' title='bbox 110 4980 290 5052; x_wconf 80' lang='lat' dir='ltr'><strong>callentium</strong></span> <span class='ocrx_word' id='word_1_375' title='bbox 302 4983 547 5076; x_wconf 88' lang='lat' dir='ltr'><strong>disciplinarum</strong></span> <span class='ocrx_word' id='word_1_376' title='bbox 560 4986 778 5075; x_wconf 85' lang='lat' dir='ltr'><strong>cognitionem</strong></span> <span class='ocrx_word' id='word_1_377' title='bbox 788 4991 990 5081; x_wconf 87' lang='lat' dir='ltr'><strong>estadeptus.</strong></span> <span class='ocrx_word' id='word_1_378' title='bbox 1003 4989 1197 5057; x_wconf 88' lang='lat' dir='ltr'><strong>Divinarum</strong></span> <span class='ocrx_word' id='word_1_379' title='bbox 1211 4997 1319 5056; x_wconf 89' lang='lat' dir='ltr'><strong>autem</strong></span> <span class='ocrx_word' id='word_1_380' title='bbox 1334 5011 1444 5057; x_wconf 91' lang='lat' dir='ltr'><strong>rerum</strong></span> <span class='ocrx_word' id='word_1_381' title='bbox 1453 4990 1632 5074; x_wconf 88' lang='lat' dir='ltr'><strong>seientiam,</strong></span> <span class='ocrx_word' id='word_1_382' title='bbox 1646 5001 1678 5058; x_wconf 88' lang='lat' dir='ltr'><strong>et</strong></span> 
     </span>
     <span class='ocr_line' id='line_1_38' title="bbox 111 5101 1674 5208; baseline 0.008 -41"><span class='ocrx_word' id='word_1_383' title='bbox 111 5101 241 5208; x_wconf 34' lang='lat' dir='ltr'><strong>illa&#39;ipsa</strong></span> <span class='ocrx_word' id='word_1_384' title='bbox 252 5109 372 5196; x_wconf 87' lang='lat' dir='ltr'><strong>studia,</strong></span> <span class='ocrx_word' id='word_1_385' title='bbox 388 5134 463 5201; x_wconf 76' lang='lat' dir='ltr'><strong>quae</strong></span> <span class='ocrx_word' id='word_1_386' title='bbox 476 5119 553 5180; x_wconf 91' lang='lat' dir='ltr'><strong>sunt</strong></span> <span class='ocrx_word' id='word_1_387' title='bbox 565 5110 740 5180; x_wconf 87' lang='lat' dir='ltr'><strong>christiano</strong></span> <span class='ocrx_word' id='word_1_388' title='bbox 753 5112 887 5183; x_wconf 91' lang='lat' dir='ltr'><strong>homine</strong></span> <span class='ocrx_word' id='word_1_389' title='bbox 900 5115 1013 5204; x_wconf 77' lang='lat' dir='ltr'><strong>digna,</strong></span> <span class='ocrx_word' id='word_1_390' title='bbox 1026 5115 1071 5182; x_wconf 88' lang='lat' dir='ltr'><strong>sic</strong></span> <span class='ocrx_word' id='word_1_391' title='bbox 1084 5123 1169 5183; x_wconf 89' lang='lat' dir='ltr'><strong>reete</strong></span> <span class='ocrx_word' id='word_1_392' title='bbox 1181 5114 1291 5199; x_wconf 89' lang='lat' dir='ltr'><strong>novit,</strong></span> <span class='ocrx_word' id='word_1_393' title='bbox 1305 5121 1419 5181; x_wconf 90' lang='lat' dir='ltr'><strong>utnon</strong></span> <span class='ocrx_word' id='word_1_394' title='bbox 1432 5114 1612 5182; x_wconf 89' lang='lat' dir='ltr'><strong>modocum</strong></span> <span class='ocrx_word' id='word_1_395' title='bbox 1622 5113 1674 5200; x_wconf 90' lang='lat' dir='ltr'><strong>iis,</strong></span> 
     </span>
    </p>
   </div>
   <div class='ocr_carea' id='block_1_5' title="bbox 143 5327 337 5396">
    <p class='ocr_par' dir='ltr' id='par_1_7' title="bbox 143 5327 337 5396">
     <span class='ocr_line' id='line_1_39' title="bbox 143 5327 337 5396; baseline 0.041 -20"><span class='ocrx_word' id='word_1_396' title='bbox 143 5327 151 5360; x_wconf 93' lang='lat'><strong>¹</strong></span> <span class='ocrx_word' id='word_1_397' title='bbox 163 5328 240 5391; x_wconf 79' lang='lat' dir='ltr'><strong>Cant,</strong></span> <span class='ocrx_word' id='word_1_398' title='bbox 256 5342 301 5396; x_wconf 84' lang='lat'><strong>111,</strong></span> <span class='ocrx_word' id='word_1_399' title='bbox 315 5336 337 5384; x_wconf 82' lang='lat' dir='ltr'><strong>l.</strong></span> 
     </span>
    </p>
   </div>
   <div class='ocr_carea' id='block_1_6' title="bbox 116 5440 1675 5570">
    <p class='ocr_par' dir='ltr' id='par_1_8' title="bbox 116 5440 1675 5570">
     <span class='ocr_line' id='line_1_40' title="bbox 116 5440 1675 5570; baseline 0.003 -75"><span class='ocrx_word' id='word_1_400' title='bbox 116 5440 176 5560; x_wconf 41' lang='lat' dir='ltr'><strong>wip)</strong></span> <span class='ocrx_word' id='word_1_401' title='bbox 192 5445 456 5570; x_wconf 50' lang='lat' dir='ltr'><strong>{qucurqqeblepebopm-</strong></span> <span class='ocrx_word' id='word_1_402' title='bbox 468 5451 663 5515; x_wconf 71' lang='lat' dir='ltr'><strong>quinquaqinta,</strong></span> <span class='ocrx_word' id='word_1_403' title='bbox 679 5452 744 5516; x_wconf 68' lang='lat' dir='ltr'><strong>‘ruod</strong></span> <span class='ocrx_word' id='word_1_404' title='bbox 757 5459 793 5504; x_wconf 82' lang='lat' dir='ltr'><strong>ert</strong></span> <span class='ocrx_word' id='word_1_405' title='bbox 808 5459 893 5505; x_wconf 81' lang='lat' dir='ltr'><strong>contro</strong></span> <span class='ocrx_word' id='word_1_406' title='bbox 909 5470 990 5505; x_wconf 77' lang='lat' dir='ltr'><strong>aarum</strong></span> <span class='ocrx_word' id='word_1_407' title='bbox 1004 5453 1119 5505; x_wconf 80' lang='lat' dir='ltr'><strong>lectiones</strong></span> <span class='ocrx_word' id='word_1_408' title='bbox 1138 5454 1293 5514; x_wconf 81' lang='lat' dir='ltr'><strong>Br&#39;bliorum,</strong></span> <span class='ocrx_word' id='word_1_409' title='bbox 1313 5456 1338 5502; x_wconf 87' lang='lat' dir='ltr'><strong>r&#39;n</strong></span> <span class='ocrx_word' id='word_1_410' title='bbox 1353 5468 1502 5519; x_wconf 81' lang='lat' dir='ltr'><strong>quocumque</strong></span> <span class='ocrx_word' id='word_1_411' title='bbox 1514 5454 1607 5518; x_wconf 80' lang='lat' dir='ltr'><strong>scriptu</strong></span> <span class='ocrx_word' id='word_1_412' title='bbox 1625 5454 1675 5502; x_wconf 82' lang='lat' dir='ltr'><strong>sint</strong></span> 
     </span>
     <span class='ocr_line' id='line_1_41' title="bbox 163 5521 439 5569; baseline 0.022 -5"><span class='ocrx_word' id='word_1_413' title='bbox 163 5528 200 5562; x_wconf 85' lang='lat' dir='ltr'><strong>mu</strong></span> <span class='ocrx_word' id='word_1_414' title='bbox 211 5530 232 5566; x_wconf 86' lang='lat' dir='ltr'><strong>c.</strong></span> <span class='ocrx_word' id='word_1_415' title='bbox 245 5543 275 5554; x_wconf 92' lang='lat'><em>-</em></span> <span class='ocrx_word' id='word_1_416' title='bbox 317 5521 352 5568; x_wconf 80' lang='lat' dir='ltr'><strong>&#39;rx</strong></span> <span class='ocrx_word' id='word_1_417' title='bbox 364 5534 393 5569; x_wconf 88' lang='lat' dir='ltr'><strong>us</strong></span> <span class='ocrx_word' id='word_1_418' title='bbox 433 5556 439 5569; x_wconf 87' lang='lat'>.</span> 
     </span>
    </p>
   </div>
   <div class='ocr_carea' id='block_1_7' title="bbox 0 0 2078 6292">
    <p class='ocr_par' dir='ltr' id='par_1_9' title="bbox 0 0 2078 6292">
     <span class='ocr_line' id='line_1_42' title="bbox 0 0 2078 6292; baseline 0 0"><span class='ocrx_word' id='word_1_419' title='bbox 0 0 2078 6292; x_wconf 95' lang='lat' dir='ltr'><strong> </strong></span> 
     </span>
    </p>
   </div>
  </div>
 </body>
</html>
