4100 6300
896 453 1207 525 SENTENTIARUM
1225 458 1342 526 LIBER
1361 460 1387 527 1.

887 809 1384 920 nrunarmuua
1481 951 1489 962 ‚
1661 943 1663 950 t

358 1043 364 1050 ’
542 1062 658 1258 un
716 1059 1172 1195 ursrnnro
1233 1059 1740 1196 rerurrarrs
1846 1253 1849 1264 ,

948 1413 1278 1512 DISTINCTIO
1311 1415 1330 1508 1

467 1650 506 1697 DE
532 1649 668 1700 mma
691 1599 833 1706 QUAlUOll
854 1649 1025 1713 multotum,
1051 1649 1135 1706 QUAM
1157 1649 1300 1698 VENATUR
1318 1650 1375 1695 PER
1396 1648 1620 1697 ulsrrocrloaus
1642 1648 1810 1720 ΩΠΔΒΒΔΠ,

858 1754 897 1800 ΕΤ
919 1754 1163 1802 EXPLICATIONEM
1185 1755 1255 1819 U'ss,
1280 1755 1319 1800 ET
1339 1754 1421 1802 faur.

245 1978 329 2023 Dm„
387 1936 535 2022 Veteris,
550 1959 588 2005 aa
601 1958 696 2006 novae
710 1933 792 2027 legis
805 1933 1040 2006 continentiam
1053 1934 1205 2025 diligenti
1218 1935 1373 2026 indagine
1387 1935 1486 2004 etiam
1499 1943 1598 2028 atque
1611 1935 1712 2006 etiam
1724 1931 1931 2003 considerau-

245 2041 308 2159 ζᾞξ,
342 2053 432 2122 tibus
450 2051 561 2139 nohis,
576 2052 701 2145 praevia
720 2052 780 2121 Dei
798 2051 919 2142 gratia,
935 2051 1082 2121 innotuit
1100 2074 1199 2122 saerae
1217 2053 1347 2146 paginae
1367 2059 1542 2121 tractatum
1564 2052 1649 2120 cirea
1667 2074 1737 2137 res,
1760 2049 1818 2118 ael
1843 2048 1930 2138 signa

222 2166 329 2270 {jffiuffi
341 2170 506 2263 praecipue
519 2171 653 2239 versari.
671 2170 714 2239 Ut
732 2170 822 2238 enim
839 2169 990 2259 egregius
1014 2168 1128 2239 doctor
1145 2169 1354 2259 Augustinus
1371 2169 1418 2238 ait
1430 2168 1466 2237 in
1485 2167 1570 2238 libro
1589 2167 1630 2238 de
1641 2165 1808 2236 Doctrina
1824 2164 1929 2235 Chris·

222 2288 328 2335 ffi¹³⁸⁵⁰¹¹⁶
342 2287 440 2356 tiana
455 2292 465 2327 ¹
480 2311 491 2352 .·
513 2313 530 2353 a
544 2284 659 2355 Omnis
671 2285 820 2357 doctrina
837 2286 891 2355 vel
904 2309 1016 2355 rerum
1031 2293 1095 2372 est,
1110 2287 1163 2356 vel
1182 2287 1365 2376 signorum.
1380 2311 1399 2352 a
1418 2285 1481 2358 Sed
1500 2307 1552 2354 res
1571 2284 1670 2355 etiam
1688 2306 1748 2376 per
1761 2283 1859 2372 signa
1872 2280 1930 2350 dis·

341 2411 475 2474 cuntur.
494 2403 631 2497 Proprie
649 2412 761 2473 autem
775 2402 832 2474 hia
844 2425 899 2472 res
916 2403 1144 2495 appellantur,
1165 2425 1241 2496 qum
1260 2426 1329 2472 non
1346 2402 1388 2471 ad
1408 2401 1664 2492 significandum
1685 2399 1819 2494 aliquid
1843 2398 1929 2468 adhi-

342 2518 481 2604 bentur3
497 2519 592 2609 signa
605 2542 696 2606 vero,
708 2542 852 2611 quorum
863 2543 943 2587 usus
956 2519 1049 2588 estin
1061 2518 1290 2609 significando.
1306 2522 1429 2589 Eorum
1439 2527 1549 2588 autem
1559 2517 1673 2610 aliqua
1683 2524 1775 2603 sunt,
1787 2538 1930 2610 quorum

342 2636 452 2704 omnis
469 2657 550 2704 usus
565 2644 613 2704 est
630 2636 667 2704 iu
687 2635 919 2729 significando,
936 2656 1003 2704 non
1022 2635 1060 2703 in
1076 2633 1288 2727 justificando
1295 2661 1305 2721 ;
1325 2634 1449 2726 quibus
1465 2656 1533 2703 non
1553 2634 1698 2718 utimur,
1719 2631 1786 2702 nisi
1806 2631 1928 2723 aliquid

342 2749 553 2842 significandi
566 2751 690 2841 gratia,
706 2761 745 2820 ut
759 2752 872 2844 aliqua
885 2759 1087 2822 sacramenta
1100 2752 1237 2842 legalia3
1253 2751 1335 2837 alia,
1350 2773 1427 2843 quae
1439 2774 1509 2821 non
1527 2751 1636 2821 solum
1653 2750 1862 2840 significant,
1877 2747 1928 2818 aad

342 2868 519 2937 conferunt
531 2868 620 2960 quod
634 2868 726 2937 intus
739 2868 891 2959 adjuvet,
907 2868 992 2937 sient
1004 2868 1421 2959 evangelica'sacramenta.
1436 2868 1487 2936 Ex
1505 2889 1574 2961 quo
1586 2873 1696 2960 aperte
1712 2866 1925 2956 intelligitur,

345 3003 421 3076 qnae
435 2983 493 3080 hic¹
502 2983 712 3077 appellentur
723 2984 838 3074 signa3
853 3005 905 3053 res
918 2984 985 3054 illm
1000 2983 1164 3071 videlicet,
1175 3007 1250 3077 qnae
1265 2985 1305 3053 ad
1315 2983 1570 3074 significandum
1579 2982 1706 3076 aliquid
1717 2981 1924 3051 adhibentur.

345 3097 451 3171 Omne
464 3099 709 3192 igitursignum
719 3101 815 3171 etiam
828 3121 879 3170 res
892 3101 1004 3195 aliqua
1017 3108 1085 3171 est:
1102 3101 1220 3185 «Quod
1230 3101 1319 3172 enim
1332 3101 1493 3171 uultures
1505 3109 1564 3189 est,
1577 3100 1659 3170 utin
1671 3097 1786 3170 eodem
1800 3101 1927 3189 Augus·

352 3218 444 3286 tinus
456 3219 503 3287 ait
515 3224 539 3306 ¹,
555 3218 692 3288 omnino
707 3218 791 3287 nilril
803 3227 891 3288 est.»
906 3218 981 3288 Non
992 3228 1102 3288 autem
1117 3241 1300 3289 econverso
1315 3220 1356 3311 (o)
1373 3219 1481 3289 omnis
1493 3242 1545 3288 res
1554 3220 1690 3310 signum
1700 3224 1760 3307 est,
1772 3218 1926 3311 quianon
2031 3234 2032 3305 t

346 3334 522 3404 adhibetur
540 3336 581 3433 ad
601 3334 856 3427 significandum
881 3334 1021 3430 aliquid.
1046 3336 1197 3430 Cumque
1220 3336 1272 3407 his
1297 3337 1476 3409 intenderit
1498 3337 1728 3427 theologorum
1753 3335 1925 3429 speculatio
2031 3320 2032 3327 ἵ

343 3451 508 3545 studiosa,
530 3461 629 3547 atque
644 3453 803 3540 modesta,
824 3453 972 3522 divinam
987 3452 1192 3547 Scriptorum
1205 3453 1346 3524 formam
1359 3455 1582 3548 praescriptam
1599 3453 1636 3523 in
1652 3452 1804 3522 doctrina
1823 3464 1925 3521 tenere

344 3567 502 3657 advertet.
518 3568 565 3639 De
578 3568 630 3639 his
643 3590 721 3660 ergo
733 3568 830 3639 nohis
842 3569 970 3643 aditum
989 3569 1031 3639 ad
1046 3593 1098 3639 res
1115 3569 1245 3640 divinas
1258 3571 1467 3664 aliquatenus
1481 3569 1733 3661 intelligendas,
1748 3568 1818 3637 Deo
1831 3569 1922 3652 duce,

344 3685 471 3778 aperire
484 3686 689 3777 volentibus,
704 3686 931 3757 disserendum
943 3694 993 3756 est
1007 3712 1015 3755 :
1032 3696 1065 3756 et
1077 3687 1223 3781 primum
1236 3688 1276 3757 de
1290 3688 1389 3757 rebus
1398 3740 1408 3776 ,
1424 3697 1535 3781 postea
1547 3686 1590 3756 de
1601 3685 1705 3779 signis
1716 3684 1921 3756 disseremus.

242 3834 286 3865 m
304 3835 329 3867 u·
385 3802 511 3892 Idergo
520 3803 557 3872 in
566 3802 664 3871 rebus
673 3801 947 3873 considerandum
956 3809 1016 3890 est,
1029 3813 1067 3873 ut
1077 3803 1114 3875 ia
1123 3803 1237 3875 eodem
1247 3804 1457 3896 Augustinus
1468 3804 1514 3873 ait
1524 3807 1548 3891 ³,
1560 3801 1743 3897 quodures
1755 3801 1921 3887 aliassnnt,

230 3895 296 3994 iia.
344 3919 658 4011 quibuslruendum
673 3926 738 4006 est;
752 3918 846 4005 alim,
860 3919 984 4012 quibus
997 3919 1157 3991 utendum
1172 3929 1236 4008 est;
1251 3920 1326 3991 alim
1337 3975 1347 4009 ,
1363 3943 1439 4014 qnae
1458 3921 1618 3993 truantur
1630 3928 1663 3988 et
1683 3926 1840 3989 utuntur.
1860 3918 1923 3988 Ille

342 4035 465 4128 quihus
478 4035 658 4105 fruendum
672 4044 735 4124 est,
751 4059 811 4105 nos
820 4035 935 4108 beatos
946 4036 1084 4107 faciunt.
1099 4037 1173 4106 Istis
1191 4038 1314 4131 quibus
1332 4038 1494 4111 utendum
1508 4045 1575 4125 est,
1592 4037 1761 4109 ananus
1773 4036 1816 4105 ad
1829 4034 1924 4106 banu-

341 4152 490 4223 tudinem
501 4205 512 4239 ‚
526 4152 740 4245 adjuramur,
757 4161 789 4222 et
801 4152 896 4246 quasi
909 4152 1203 4243 adminiculamur,
1219 4163 1258 4225 ut
1270 4155 1312 4227 ad
1325 4155 1400 4225 illas
1415 4177 1483 4241 res,
1496 4177 1574 4248 qum
1587 4176 1647 4224 nos
1659 4154 1773 4224 heatus
1786 4152 1924 4239 faciunt,

342 4268 528 4363 pervenire,
543 4268 657 4362 eisque
669 4269 830 4339 inhaerere
843 4270 1016 4363 passimus.
1032 4271 1098 4341 Res
1113 4272 1152 4364 (b)
1170 4294 1249 4342 vero
1264 4296 1338 4365 quae
1352 4272 1525 4359 fruuntur,
1537 4278 1732 4357 etutuntur,
1744 4292 1923 4341 nossemus

342 4386 438 4481 quasi
452 4386 539 4457 inter
555 4394 710 4481 utrasque
729 4388 911 4476 constituti,
925 4396 958 4457 et
970 4389 1081 4478 angeli
1094 4397 1126 4458 et
1139 4389 1253 4459 sanati.
1269 4386 1352 4459 Frui
1364 4397 1489 4477 autem,
1504 4397 1554 4458 est
1565 4411 1678 4459 amora
1695 4387 1864 4458 alieniorei
1879 4387 1927 4457 in·¹

341 4504 467 4575 haerere
480 4513 656 4598 propterse
668 4505 790 4598 ipsam3
802 4506 952 4592 mirera,
967 4504 1001 4574 id
1015 4505 1105 4598 quod
1119 4505 1154 4576 in
1163 4528 1263 4575 usum
1275 4507 1416 4594 venerit,
1427 4504 1549 4575 reform
1560 4504 1603 4576 ad
1616 4504 1833 4574 obtinendum
1846 4503 1923 4574 illud

340 4645 408 4714 quo
423 4621 602 4691 fruendum
616 4629 664 4690 cst
679 4647 688 4690 :
704 4621 786 4691 alias
797 4620 890 4691 abuti
902 4628 963 4709 est,
977 4644 1046 4691 non
1059 4623 1109 4691 uti
1126 4647 1135 4692 t
1150 4645 1229 4692 nam
1242 4645 1324 4692 usus
1335 4622 1472 4692 illicitus
1486 4623 1621 4709 abusus,
1632 4621 1686 4691 vel
1694 4621 1810 4691 abusio
1824 4620 1923 4691 nomi-

340 4739 415 4808 nari
428 4738 525 4808 debet
536 4752 589 4809 ⁸...
602 4742 665 4809 Res
677 4738 782 4829 igitur
793 4736 916 4832 quibus
928 4737 1107 4808 fruendum
1121 4748 1180 4828 est,
1197 4751 1276 4808 sunt
1289 4739 1399 4828 Pater,
1415 4746 1448 4808 et
1459 4738 1577 4828 Filius,
1589 4744 1621 4808 et
1630 4738 1774 4832 Spiritus
1785 4747 1919 4808 sanctus.

339 4854 463 4928 Eadem
476 4862 586 4925 tamen
599 4854 744 4924 Trinitas
757 4854 909 4948 quaedam
923 4877 1054 4925 summa
1066 4878 1118 4925 res
1131 4864 1190 4946 est,
1206 4857 1458 4951 communisque
1472 4855 1628 4926 omnibus
1640 4842 1828 4926 fruentibus
1839 4852 1921 4941 ea,si

339 4980 450 5043 tamen
469 4995 522 5041 res
533 4971 599 5041 diei
612 4970 724 5058 debet,
740 4979 772 5040 et
783 4993 853 5041 non
865 4993 979 5043 rerum
997 4973 1148 5043 omnium
1161 4996 1275 5060 causa,
1290 4973 1319 5042 si
1338 4980 1450 5043 tamen
1468 4980 1500 5043 et
1519 4973 1820 5044 causationem
1833 4970 1919 5041 faede

338 5096 445 5184 potest
463 5087 607 5159 inveniri
626 5110 767 5177 nomen,
788 5088 879 5183 quod
900 5096 1000 5159 tantae
1018 5090 1220 5173 excellentiae
1235 5091 1426 5180 conveniat,
1445 5091 1511 5160 nisi
1530 5090 1620 5185 qnod
1638 5090 1760 5162 melius
1775 5088 1917 5160 dicitnr:
2028 5120 2029 5153 i

371 5235 552 5358 affingunt,
562 5233 599 5284 oe
611 5232 698 5284 Doctr.
711 5232 818 5297 Christ,
826 5233 873 5286 lib.
884 5234 912 5299 1,
927 5247 951 5285 c.
962 5236 1050 5285 11.-³
1061 5235 1117 5289 Lib.
1132 5239 1157 5288 et
1170 5236 1220 5287 loc.
1232 5234 1276 5288 cit.
1285 5235 1337 5275 -⁸
1347 5237 1384 5288 De
1398 5236 1483 5287 Doctr.
1496 5234 1655 5301 coeremita.
1667 5237 1694 5301 Ι,
1708 5250 1731 5288 c.
1742 5246 1781 5301 ιιι,
1793 5249 1819 5286 n.
1831 5236 1845 5285 3
1859 5238 1885 5285 et
1896 5234 1916 5284 t.

337 5331 368 5345 -·
456 5343 474 5367 .,
488 5320 512 5359 c.
523 5316 550 5356 v.

373 5396 405 5459 (at
422 5396 483 5448 Cat.
503 5394 566 5446 edit.
581 5393 725 5446 dirarum-
735 5395 769 5459 (b)
783 5395 868 5448 Aliter
886 5394 960 5448 tabet
977 5396 1094 5463 loquat,
1109 5401 1128 5449 t.
1147 5409 1177 5449 111
1182 5436 1191 5463 ,
1205 5397 1253 5449 rot.
1266 5402 1294 5449 21
1312 5398 1321 5462 t
1330 5397 1401 5449 Edit.
1417 5396 1547 5462 deremet:
1562 5400 1710 5451 «Nosvero
1724 5398 1768 5465 qui
1780 5396 1917 5449 tmimnret

342 5466 447 5535 utimur,
461 5466 529 5522 iuter
541 5469 663 5535 unusque
674 5466 817 5533 commori,
830 5466 853 5521 si
865 5466 903 5520 ets
911 5468 1039 5537 quihus»
1054 5473 1119 5535 etc.;
1133 5483 1175 5522 uec
1188 5467 1262 5520 tabet
1277 5472 1303 5521 et
1316 5468 1400 5535 augeli
1413 5472 1439 5521 et
1449 5469 1540 5522 sancti
