4100 6300
427 459 486 521 320
993 455 1303 522 SENTENTIARUM
1323 456 1398 522 LlB.
1421 457 1446 522 Ι.

335 596 396 647 0¹²⁰d
472 591 549 659 Haee
572 600 682 659 autem
700 612 774 681 quae
796 589 850 657 hic
864 589 1033 678 dicuntur,
1048 592 1124 660 licet
1136 593 1173 659 in
1186 592 1346 660 sermonis
1359 591 1532 683 superficie
1547 590 1678 682 aliquid
1690 613 1710 659 a
1720 591 1777 661 fide
1789 595 1916 671 Quanta

317 670 413 793 pidia·
427 730 542 776 sonare
564 707 757 792 videantur,
779 728 856 775 sane
879 716 990 776 minen
1011 707 1153 797 intelligi
1167 716 1308 799 queunt,
1324 708 1484 801 piumque
1498 708 1653 776 lectorem
1671 716 1760 800 atque
1772 708 1917 786 intellectura
1971 749 1972 752 ¹

321 783 413 900 'illim
428 823 612 915 plurimum
634 822 828 912 efflagitant.
844 824 882 892 In
896 848 1043 916 quorum
1064 825 1328 917 explanationem
1346 825 1480 893 mallem
1495 825 1596 892 silens
1609 824 1690 892 alios
1705 824 1813 910 audire,
1828 833 1919 920 quarab
1971 815 1972 842 ¹

308 908 414 1023 aiiimii
427 939 557 1032 quendo
571 939 741 1008 malevolis
754 940 946 1009 detrahendi
960 941 1161 1010 occasionem
1183 951 1349 1032 praestare.
1373 941 1538 1010 Videntur
1557 949 1666 1009 tamen
1689 940 1764 1008 mibi
1783 943 1819 1009 ita
1832 967 1920 1034 poea-

308 1036 414 1140 3ξῖΞῇ
427 1056 509 1147 cipi,
534 1079 608 1124 cum
632 1055 679 1124 ait
694 1081 701 1123 :
717 1056 908 1126 Substantia
929 1066 977 1126 est
999 1074 1193 1142 commune,
1210 1068 1243 1126 et
1266 1057 1449 1150 hypostasis
1471 1065 1519 1124 cst
1541 1056 1745 1149 particulare.
1767 1057 1920 1130 Nanitaler

426 1172 558 1264 accipit,
573 1195 648 1240 cum
669 1171 710 1240 de
723 1171 790 1239 Deo
804 1173 971 1258 dicuntur,
992 1181 1030 1241 ut
1044 1175 1250 1266 accipiuntur
1262 1174 1297 1241 in
1312 1173 1536 1265 philosophica
1549 1171 1731 1265 disciplina.
1746 1172 1801 1241 Sed
1811 1177 1921 1265 persimili

424 1289 573 1357 tudinem
587 1310 701 1357 eorum
718 1311 792 1381 quae
805 1312 825 1356 a
839 1288 1040 1381 philosophis
1054 1289 1223 1375 dicuntur,
1241 1290 1371 1357 locutus
1384 1298 1450 1375 est,
1471 1298 1508 1357 ut
1521 1289 1607 1357 sicut
1627 1289 1674 1356 ibi
1687 1312 1835 1358 commune
1845 1291 1922 1358 valui

422 1405 547 1473 versele
561 1405 694 1489 dicitur,
711 1405 800 1497 quod
819 1405 1013 1497 predicatur
1032 1407 1073 1475 de
1095 1406 1247 1497 pluribus
1253 1434 1262 1495 ;
1288 1405 1484 1496 particulare
1498 1427 1596 1490 vero,
1620 1406 1670 1473 vel
1687 1404 1921 1498 individuumque

420 1520 462 1588 de
485 1545 552 1590 uno
572 1521 641 1589 solo
659 1546 666 1588 :
683 1522 727 1589 ita
744 1520 814 1589 haec
833 1522 971 1591 essentia
983 1522 1098 1591 divina
1111 1523 1197 1591 dicta
1210 1531 1258 1591 est
1272 1522 1470 1603 universale,
1487 1523 1567 1614 quia
1581 1522 1622 1590 de
1636 1522 1780 1590 omnibus
1796 1524 1922 1612 marubi

421 1637 505 1723 mul,
522 1637 606 1706 etde
620 1637 947 1728 singulisseparatim
970 1637 1109 1725 dicitur;
1133 1639 1329 1730 particulare
1352 1661 1431 1706 vero
1452 1637 1587 1727 singula
1609 1637 1759 1730 qualibet
1776 1660 1921 1730 personum

422 1755 502 1845 quia
515 1777 574 1822 nec
588 1755 627 1822 de
642 1756 716 1824 aliis
734 1757 964 1841 communiter,
984 1778 1044 1824 nec
1064 1755 1105 1823 de
1126 1755 1239 1847 aliqua
1261 1755 1404 1823 aliarum
1417 1754 1633 1844 singulariter
1655 1756 1837 1848 predicatur.
1848 1755 1923 1844 Prope

421 1871 672 1940 similitudinem
687 1894 764 1961 ergo
775 1871 1027 1963 predicationis,
1045 1872 1261 1941 substantiam
1276 1871 1336 1940 Dei
1351 1872 1435 1940 dixit
1448 1871 1649 1956 universale,
1665 1885 1696 1941 et
1709 1873 1925 1964 personaspuuin-

420 1987 518 2073 laria,
540 1988 593 2056 vel
611 1988 795 2057 individua.
818 1988 954 2080 Propter
976 1988 1038 2056 hoc
1059 1988 1146 2056 idem
1166 1988 1314 2056 eamdem
1333 1987 1483 2057 divinam
1502 1987 1677 2056 essentiam
1698 1986 1926 2077 dixitcssespcrica

419 2126 629 2173 communem
643 2112 673 2171 et
687 2104 985 2195 circumplectivam
1007 2103 1167 2172 similium
1186 2103 1291 2195 specie
1304 2126 1535 2196 personarum,
1558 2104 1658 2196 quia,
1682 2104 1761 2172 sicut
1780 2104 1836 2171 hac
1851 2103 1924 2192 specie

302 2313 303 2316 Ἴ
420 2220 530 2307 homo,
547 2222 586 2289 de
606 2221 675 2289 suis
698 2221 894 2313 predicatur
917 2220 1119 2306 individuis,
1136 2221 1228 2288 velut
1240 2220 1281 2288 de
1294 2220 1413 2307 Petro,
1429 2229 1462 2290 et
1474 2220 1592 2306 Panlo,
1608 2230 1642 2289 et
1656 2221 1740 2306 aliis,
1755 2219 1860 2289 amiota
1871 2217 1926 2308 spur

360 2343 366 2356 ‘
421 2337 600 2422 differunt,
625 2337 681 2405 sed
703 2337 905 2406 conveniunt
927 2360 985 2430 per
1009 2338 1137 2423 omnia;
1161 2337 1208 2405 ita
1229 2337 1316 2406 Deus
1333 2337 1373 2406 de
1388 2337 1494 2404 tribus
1507 2337 1705 2429 praedicatur
1718 2333 1926 2427 personisquair

422 2454 596 2522 divinitate
609 2477 676 2523 non
691 2454 860 2539 differunt,
876 2455 932 2523 sed
947 2476 1006 2546 per
1018 2454 1132 2523 omnia
1146 2455 1360 2523 conveniunt.
1380 2454 1474 2522 Hanc
1493 2476 1572 2543 ergo
1586 2453 1820 2521 similitudinem
1837 2451 1894 2516 inter
1904 2470 1928 2512 ra

422 2570 653 2662 sempiternas,
672 2579 704 2639 et
722 2593 773 2639 res
793 2572 1008 2662 temporales,
1030 2571 1234 2662 perpendens
1256 2570 1415 2656 loannes,
1432 2571 1693 2639 universalitatis
1704 2578 1733 2637 et
1746 2560 1929 2659 particularitate

421 2687 569 2770 nomina,
585 2708 660 2777 quae
674 2688 772 2756 rebus
785 2687 1020 2778 temporalibus
1034 2687 1165 2778 proprie
1178 2688 1391 2773 conveniunt,
1407 2687 1448 2755 ad
1463 2710 1514 2755 res
1528 2697 1669 2755 aeternas
1681 2684 1843 2766 transtulit;
1855 2683 1929 2766 tuga

423 2802 512 2870 tinus
525 2824 615 2886 vero,
631 2803 789 2894 majorem
803 2802 917 2871 videns
931 2802 1251 2888 dissimilitudinem,
1278 2827 1379 2894 quam
1404 2802 1656 2872 similitudinem
1672 2856 1681 2888 ,
1701 2802 1779 2870 iuter
1795 2821 1837 2867 res
1852 2793 1929 2888 prebe

424 2926 484 3004 tas,
500 2919 541 2988 ab
556 2918 747 2987 excellentia
761 2919 931 2987 Trinitatis
944 2919 1099 3010 praedicta
1113 2919 1249 2986 nomina
1263 2917 1415 2988 removit.

325 3056 409 3111 raquo
469 3034 564 3115 Quod
597 3042 706 3103 autem
732 3035 875 3103 Joannes
902 3035 981 3102 dicit
1005 3035 1195 3127 hypostases
1226 3034 1360 3103 differre
1383 3057 1545 3120 numero,
1565 3058 1634 3104 non
1663 3045 1791 3115 natura,
1804 3031 1832 3098 iu
1845 3022 1930 3115 coquel

318 3132 396 3223 lilii
423 3173 490 3219 nou
513 3151 644 3220 differre
662 3161 782 3220 natura
805 3151 873 3239 ait,
891 3152 1060 3221 verissime
1079 3160 1110 3220 et
1127 3152 1198 3219 sine
1219 3153 1375 3243 scrupulo
1394 3152 1559 3244 loquitur3
1587 3152 1677 3245 quod
1698 3173 1770 3219 vero
1781 3141 1930 3217 dicitdilem

307 3255 409 3297 personas

312 3303 400 3348 anm,
420 3290 574 3354 numero,
590 3268 772 3337 cavendum
791 3276 839 3336 est
858 3268 1038 3360 quomodo
1060 3267 1276 3357 intelligatur.
1293 3267 1439 3337 Diversis
1451 3268 1540 3337 enim
1555 3268 1662 3337 modis
1670 3262 1892 3351 dicunturaliqut
1899 3256 1931 3323 lil-

311 3380 408 3411 ΜΘΝ·
423 3385 508 3453 ferre
521 3408 672 3455 numero.

314 3527 396 3600 ouran
467 3501 630 3570 [licuntur
648 3500 737 3570 enim
765 3501 878 3592 aliqua
892 3500 1024 3599 differre
1045 3524 1200 3586 numero,
1226 3503 1359 3593 quaudo
1375 3503 1421 3571 ita
1437 3502 1614 3587 differunt,
1638 3511 1676 3570 ut
1689 3501 1747 3568 hoc
1765 3519 1821 3566 non
1838 3495 1867 3561 sit
1875 3486 1929 3565 tut

311 3592 410 3695 diditi,
423 3641 482 3687 nec
495 3617 622 3709 aliquid
636 3617 725 3709 quod
736 3617 822 3686 illud
836 3625 896 3702 est,
912 3616 964 3685 vel
979 3617 1014 3685 in
1029 3617 1100 3708 ipso
1114 3625 1163 3685 est
1178 3642 1185 3685 :
1202 3619 1346 3709 qualiter
1359 3618 1518 3687 differunt
1532 3617 1702 3703 Socrates,
1718 3625 1748 3684 et
1762 3614 1849 3694 Plato,
1863 3621 1884 3675 et
1897 3606 1930 3671 lv

311 3716 408 3833 ‚fflss
419 3734 585 3826 jusmodi,
606 3757 680 3827 quae
699 3734 787 3826 apud
802 3733 1014 3825 philosophos
1030 3733 1186 3802 dicuntur
1199 3733 1385 3820 individua,
1403 3734 1451 3804 vcl
1468 3735 1684 3827 particularia
1700 3733 1803 3824 :juxta
1813 3740 1930 3820 quante*r

303 3844 409 3947 “332¹''
423 3850 504 3918 dum
518 3873 585 3918 non
599 3859 735 3941 possunt
747 3849 810 3919 dici
824 3857 889 3918 tres
903 3872 1050 3940 personae
1064 3849 1198 3917 differre
1216 3872 1367 3919 numero.
1385 3851 1548 3919 Dicuntur
1562 3872 1695 3943 quoque
1706 3847 1823 3917 differre
1835 3856 1926 3913 nauca

314 3981 400 4074 m
423 3988 498 4058 quae
512 3965 548 4033 in
561 3966 824 4051 enumeratione,
842 3967 910 4033 sive
930 3967 1194 4058 computatione,
1210 3988 1279 4034 non
1300 3966 1362 4035 sibi
1382 3967 1627 4058 adjunguntur,
1643 3966 1699 4035 sed
1713 3951 1928 4034 serenante

316 4095 398 4167 pomer
423 4089 617 4168 cernuntur,
633 4090 671 4150 ut
685 4105 760 4150 eum
773 4082 813 4151 de
827 4082 995 4175 aliquibus
1010 4082 1110 4150 rebus
1122 4082 1293 4173 loquentes
1315 4083 1467 4169 dicimus,
1483 4107 1562 4167 erto,
1579 4083 1669 4167 duce,
1686 4095 1765 4150 tres:
1778 4088 1804 4147 et
1816 4069 1928 4144 mrim

307 4170 409 4276 ‘filii'
423 4199 514 4267 bunc
525 4198 662 4266 modum
675 4197 758 4266 forte
772 4199 855 4267 dixit
865 4197 1009 4267 loannes
1017 4198 1221 4291 hypostases,
1237 4198 1270 4265 id
1284 4206 1332 4267 est
1345 4222 1513 4290 personas,
1523 4198 1659 4267 differre
1671 4219 1807 4267 numero.
1818 4193 1929 4260 Pomm

303 4285 369 4327 mi*
424 4314 512 4383 euim
526 4314 644 4401 dicere,
663 4314 793 4383 «Pater
810 4324 858 4383 est
872 4336 972 4401 unus,
989 4341 1008 4382 o
1025 4323 1058 4385 et
1075 4315 1202 4382 «Pater
1213 4322 1247 4382 et
1258 4314 1362 4382 Filius
1375 4323 1450 4383 sunt
1463 4315 1575 4401 duo,n
1594 4324 1627 4382 et
1645 4342 1664 4379 a
1676 4314 1776 4398 Pater,
1788 4318 1814 4379 et
1823 4304 1927 4381 trinu

424 4431 567 4523 Spiritus
584 4439 715 4500 sauctus
737 4440 815 4500 sunt
832 4438 914 4517 tres;
940 4457 957 4497 »
982 4432 1133 4500 etitem:
1161 4458 1178 4496 a
1201 4431 1279 4499 Haec
1295 4453 1433 4522 persona
1453 4440 1501 4499 est
1522 4453 1606 4515 una,
1624 4458 1644 4496 n
1663 4440 1694 4499 et
1710 4420 1929 4497 «nauium

423 4548 518 4634 duae3
533 4576 550 4615 r
567 4556 600 4617 et
618 4548 730 4633 «haec,
746 4556 779 4615 et
792 4547 863 4635 illa,
878 4556 911 4616 et
923 4546 988 4616 alia
1001 4554 1079 4615 sunt
1094 4555 1170 4614 tres.
1187 4572 1204 4611 a
1222 4545 1479 4616 Convenientius
1491 4555 1600 4615 tamen
1619 4555 1686 4616 tres
1704 4546 1765 4615 itta
1776 4548 1929 4635 persoutptt

424 4664 618 4757 prietatibus
634 4673 762 4734 tantum
786 4663 946 4753 distingui
965 4664 1124 4732 dicuntur
1139 4688 1146 4729 :
1163 4661 1204 4731 de
1222 4686 1365 4754 quarum
1379 4662 1587 4731 distinctione
1604 4663 1777 4731 secundm
1790 4652 1927 4750 propritltlss

423 4780 622 4873 insequenti
636 4793 645 4824 ¹
661 4780 863 4850 tractabitur.
880 4780 976 4849 Nunc
990 4802 1069 4848 vero
1081 4778 1123 4847 ad
1134 4778 1312 4870 incoeptum
1327 4779 1498 4847 redeamus
1513 4831 1521 4865 ,
1537 4801 1614 4870 quae
1629 4780 1716 4848 dicta
1728 4770 1927 4861 surrepente

424 4904 463 4966 ut
473 4898 593 4991 saepius
606 4897 766 4966 versando
779 4896 977 4966 familiarius
992 4896 1212 4964 innotescant.
1270 4907 1272 4912 '

330 5042 392 5095 onor
467 5012 645 5082 Sciendum
659 5020 708 5082 est
720 5036 798 5103 ergo
816 5038 833 5078 a
848 5021 970 5083 tantm
984 5012 1208 5104 equalitatem
1222 5033 1290 5079 esse
1304 5011 1340 5080 in
1351 5011 1521 5098 Trinitate,
1533 5018 1570 5080 ut
1579 5012 1628 5082 ait
1636 5009 1819 5102 Augustinus
1826 5003 1853 5069 in
1859 5002 1925 5064 ortu

304 5116 411 5211 iiiiii
424 5130 508 5199 libro
522 5128 563 5198 de
578 5131 740 5199 Trinitate
747 5131 769 5213 ²,
785 5139 824 5198 ut
842 5151 909 5198 non
926 5128 1035 5198 solum
1048 5128 1148 5197 Pater
1163 5126 1285 5195 nonsit
1299 5126 1403 5219 major
1414 5151 1516 5221 quam
1528 5128 1647 5214 Filius,
1661 5126 1716 5197 scd
1729 5148 1781 5194 nec
1791 5102 1926 5189 Paertlll'

305 5228 412 5347 ξιᾚζξ
425 5246 490 5316 lius
512 5246 611 5316 simul
631 5246 738 5339 majus
756 5244 883 5338 aliquid
902 5254 981 5314 sunt
993 5267 1095 5338 quam
1113 5242 1256 5337 Spiritus
1273 5253 1416 5331 sanctus,
1431 5252 1490 5314 aut
1502 5245 1667 5337 quaelibet
1679 5261 1800 5336 persona
1812 5216 1924 5303 nauali

460 5458 542 5510 ¹orat
555 5470 628 5512 nn.
638 5484 670 5496 -
680 5459 774 5523 uua,
788 5457 818 5508 re
828 5458 928 5523 renea,
943 5458 988 5510 uo.
999 5457 1066 5523 vm,
1076 5457 1103 5508 u
1118 5470 1231 5522 poam,
1244 5444 1272 5507 ιἰ.
1287 5461 1311 5509 1.
