4100 6300
683 495 872 563 DISTINCT.
894 494 1030 560 XXXIII.
1570 497 1631 562 523

38 681 54 693 .,
77 634 238 717 m3rquia
255 649 314 716 per
332 633 438 716 primo
458 634 610 717 importat
628 633 801 697 causalita-
858 632 996 696 cendum
1023 632 1109 713 quod
1129 634 1283 697 nanuum
1310 631 1385 696 dicit
1403 632 1549 715 proprie,
1575 634 1631 698 sed

52 722 396 825 erespcctueffectus,
405 747 437 805 et
445 742 648 824 postmodum
656 744 802 823 respectu
858 740 1157 818 subauctoritatam,
1188 757 1262 821 quae
1292 740 1442 823 importat
1474 742 1630 805 rationem

46 832 146 933 {ara
857 849 1041 931 uiuasque,
1061 852 1220 931 mutum
1242 848 1282 911 aa
1305 848 1385 912 illud
1406 849 1492 931 quot
1515 852 1564 912 est
1584 849 1629 912 iu

36 1020 46 1039 ,
79 962 106 1020 1.
131 955 178 1020 ud
204 952 281 1016 illud
306 971 384 1034 ergo
409 953 495 1036 quod
522 954 626 1036 primo
653 952 800 1035 objicitur
857 954 1088 1037 completionis.

35 1052 49 1117 s
69 1064 120 1127 rod
140 1060 195 1144 qui
216 1064 365 1142 operatur
384 1078 441 1142 per
459 1059 600 1141 aliquem
617 1050 724 1143 'potest
744 1076 801 1141 per
897 1062 988 1139 Quod
1014 1061 1164 1143 objicitur
1190 1061 1277 1144 quod
1301 1061 1381 1130 Filio
1406 1062 1631 1144 appropriatur
1645 1071 1746 1130 templ.

43 1170 59 1180 ““
71 1189 139 1244 um,
155 1167 324 1232 dicendum
337 1166 422 1248 quod
439 1166 554 1229 falsum
569 1170 632 1243 est,
648 1166 724 1248 quia
739 1166 801 1228 hoc
856 1169 982 1252 operari
994 1187 1053 1251 per
1066 1168 1191 1250 ipsum3
1212 1166 1370 1249 Respond.
1386 1168 1472 1250 quod
1490 1170 1630 1250 operatio

29 1278 46 1361 J
55 1286 99 1341 'ru
111 1278 156 1339 est
168 1273 253 1356 quod
274 1267 389 1335 habeat
407 1273 583 1355 potentiam
597 1273 638 1335 ab
660 1272 731 1352 illo,
746 1272 800 1337 sed
856 1281 904 1340 est
923 1295 980 1360 per
993 1277 1161 1352 virtutem,
1176 1280 1208 1339 et
1221 1277 1324 1339 virtus
1337 1275 1562 1358 appropriatur
1576 1275 1632 1340 Fi-

29 1388 42 1393 ”
64 1385 117 1449 rod
131 1384 245 1447 habeat
262 1383 436 1466 potentiam
451 1401 526 1446 cum
540 1382 594 1445 illo
612 1382 796 1459 indivisam,
854 1386 910 1461 lin,
921 1385 1136 1463 sicutdicitur,
1153 1384 1631 1451 meermannianam-

63 1493 126 1555 ,dat
138 1490 185 1554 illi
198 1509 289 1573 posse
307 1513 315 1553 :
330 1490 401 1553 ideo
414 1507 472 1572 per
486 1488 578 1552 illum
591 1491 754 1571 operatur,
768 1492 800 1551 et
855 1493 958 1557 motus
972 1493 1030 1557 Dei
1042 1495 1213 1568 uirtutem,
1228 1498 1258 1558 et
1273 1493 1329 1557 Dei
1344 1493 1551 1572 septentiam.
1569 1492 1630 1555 Ra-

29 1581 94 1663 ⁸‘pn
107 1601 208 1680 potest
221 1597 289 1659 sine
303 1595 368 1658 illo.
855 1599 900 1661 tio
922 1604 1033 1662 autem
1054 1619 1153 1682 quare
1169 1600 1274 1663 virtus
1294 1598 1374 1662 Filio
1394 1600 1627 1682 approprietur,

71 1713 100 1771 t.
114 1706 162 1769 Ad
181 1704 261 1767 illud
277 1702 361 1785 quod
378 1701 537 1783 oincitur,
554 1700 641 1782 quod
659 1718 725 1763 non
737 1699 799 1762 dit·
855 1708 917 1783 est,
932 1706 1009 1787 quia
1021 1706 1127 1769 virtus
1143 1710 1191 1770 est
1205 1705 1359 1769 ultimum
1377 1705 1546 1786 potentia,
1561 1707 1629 1771 sive

33 1804 47 1843 ἶ·
61 1818 89 1876 rt
112 1810 252 1895 operatio
269 1814 301 1873 et
319 1807 459 1891 potentia
480 1807 515 1869 iu
532 1806 611 1883 Deo,
627 1806 799 1870 dicendum
855 1813 903 1874 est
913 1812 1054 1893 potentia
1066 1812 1213 1876 nltimata
1226 1832 1235 1875 ε
1248 1812 1401 1893 quoniam
1413 1812 1516 1892 igitur
1527 1810 1630 1876 Filius

57 1921 236 1984 uodverum
243 1924 290 1980 est
297 1914 630 1999 percomporationem
637 1913 677 1976 od
684 1912 796 1991 Deum
854 1919 1041 2001 producitur
1060 1939 1080 1983 a
1100 1919 1192 1984 Patre
1212 1919 1389 1983 secundum
1410 1919 1630 1983 omnimodam

56 2028 133 2090 ttiert
152 2028 263 2088 autem
277 2028 436 2106 quantum
456 2020 496 2084 ad
509 2019 658 2084 effectum
677 2037 798 2083 conno-
853 2026 1079 2108 pertectioucm
1102 2029 1274 2109 potante,
1300 2026 1376 2109 quia
1400 2044 1556 2107 generare
1582 2032 1630 2091 est

54 2138 139 2196 cum.
854 2133 1100 2213 actusperiactae
1113 2133 1628 2216 potentiae:periectumestenim

36 2266 44 2291 ι
68 2243 96 2301 3.
109 2238 158 2301 Ad
169 2236 250 2299 illud
261 2235 347 2317 quod
359 2233 519 2316 objicitur,
532 2233 619 2315 quod
631 2236 795 2317 sequitur:
854 2239 1125 2321 unumquodque,
1140 2239 1267 2321 quomo
1281 2243 1384 2321 potest
1396 2257 1551 2320 generare
1566 2240 1628 2303 tale
1700 2268 1702 2275 ⁴

60 2343 155 2407 Novit
167 2362 226 2427 per
239 2342 369 2420 Filium,
393 2360 487 2420 ergo,
502 2344 579 2418 etc.;
597 2362 612 2399 a
627 2340 798 2407 dicendum
853 2344 947 2425 quale
968 2345 1075 2427 ipsum
1094 2351 1140 2409 est
1156 2368 1163 2408 :
1178 2345 1254 2426 quia
1273 2344 1375 2426 igitur
1392 2343 1494 2407 Filius
1516 2344 1628 2426 accipit

34 2451 108 2515 uod
130 2469 199 2514 non
217 2452 265 2514 est
283 2448 385 2512 simile
404 2449 443 2512 de
465 2464 571 2524 nosse,
591 2452 623 2512 et
644 2454 796 2532 operari:
852 2450 1028 2532 potentiam
1042 2450 1237 2533 producendi
1251 2469 1343 2532 aque
1356 2449 1530 2532 perfectum
1545 2450 1626 2514 sicut

29 2618 33 2625 .
48 2557 171 2621 uamvis
181 2557 269 2621 enim
279 2572 371 2621 nosse
382 2556 424 2619 sit
432 2555 568 2620 verbum
578 2557 795 2640 transitivum,
852 2557 920 2639 ipse
933 2561 964 2621 et
978 2557 1070 2622 Pater
1083 2562 1144 2633 est,
1159 2563 1196 2621 ut
1207 2557 1362 2640 Spintum
1376 2562 1537 2635 sanctum;
1553 2558 1624 2622 ideo

46 2682 130 2727 tmen
142 2682 212 2727 non
226 2667 376 2727 connotat
388 2663 537 2726 effectum
549 2662 632 2727 sicut
645 2668 797 2746 operari:
852 2662 955 2727 virtus
975 2665 1005 2728 ei
1028 2664 1253 2746 appropriatur
1268 2686 1276 2727 :
1293 2664 1364 2727 ideo
1384 2664 1500 2728 dicitur
1520 2664 1625 2728 virtus

43 2773 139 2837 tideo
158 2772 344 2855 praepositio
360 2786 499 2852 pernen
518 2775 621 2852 potest
641 2773 797 2854 cumipse
852 2770 971 2849 Patris,
995 2777 1027 2834 et
1046 2770 1233 2852 brachium,
1256 2776 1288 2834 et
1308 2772 1457 2849 dextera,
1479 2775 1512 2834 et
1532 2770 1625 2836 Pater

42 2884 197 2960 nportare
222 2878 505 2942 subauctoritatem
526 2896 535 2940 ε
558 2878 614 2939 ubi
641 2878 727 2941 enim
750 2881 798 2942 est
851 2878 977 2958 operari
992 2897 1049 2958 per
1062 2876 1191 2941 Filium.
1207 2879 1307 2942 Aliter
1322 2883 1425 2961 potest
1439 2878 1520 2956 dici,
1537 2878 1624 2961 quod

39 2987 278 3064 nbauctoritas,
304 2986 435 3048 notatur
460 2983 546 3065 quod
570 2983 691 3066 aliquid
716 2985 797 3048 sita
850 2985 955 3049 virtus
972 2986 1048 3049 dicit
1065 2986 1331 3050 immediatiorcm
1349 2985 1494 3050 ordinem
1509 2985 1549 3049 ad
1569 3004 1624 3048 ac-

42 3093 162 3176 uobus,
179 3097 213 3157 et
226 3092 267 3155 ab
281 3109 348 3156 nno
363 3108 420 3174 per
434 3089 593 3154 altarum:
607 3090 696 3154 etsie
710 3094 797 3174 patet
850 3095 937 3171 tum,
952 3110 1050 3175 quam
1069 3094 1225 3175 potentia,
1242 3095 1318 3176 quia
1336 3093 1477 3176 potentia
1495 3093 1624 3157 ordina-

37 3199 110 3263 tlud.
850 3203 904 3262 tur
913 3199 953 3263 ad
962 3218 1043 3282 opus
1052 3217 1109 3282 per
1119 3199 1498 3282 dispositionem,etFilio
1508 3217 1624 3282 appro-

59 3311 78 3368 t
101 3311 134 3370 et
156 3307 189 3368 5.
214 3305 264 3368 Ad
288 3303 367 3367 illud
390 3302 476 3385 quod
499 3301 660 3383 objicitur,
683 3305 795 3366 utrum
849 3305 973 3388 priatur
984 3306 1250 3387 dispositio:ideo
1258 3307 1439 3388 etpotentia
1451 3306 1623 3389 disposita:

33 3413 100 3478 icat
118 3413 282 3478 rationem
296 3429 417 3490 causae,
434 3410 485 3474 vel
502 3411 722 3488 instrumenti,
744 3411 793 3475 di·
849 3413 938 3476 etsie
951 3413 1185 3493 patentomnia
1198 3414 1343 3496 quaesita.

509 3655 879 3751 DISTINCTIO
913 3656 1136 3750 ΧΧΧΙΙΙ

128 3888 172 3931 nn
196 3884 360 3931 porimens
382 3883 665 3945 sunsmurntmus,
689 3884 728 3928 nr
750 3882 1016 3948 arcemarenses,
1042 3883 1074 3928 ut
1098 3884 1332 3931 comininum
1355 3885 1513 3933 secuuntur

185 3963 191 3966 ’
289 3991 536 4039 coaveumumtn
558 3991 597 4037 nn
619 3990 843 4037 amianarum
864 3993 906 4036 ao
928 3992 1098 4037 nssnnmau
1120 3992 1159 4036 nr
1182 3990 1349 4038 enasorus.

55 4166 140 4236 Post
152 4166 364 4260 supradicta,
380 4167 519 4236 interius
534 4166 733 4235 considerari
747 4175 847 4257 atque
860 4167 1027 4236 subtiliter
1039 4167 1167 4258 inquiri
1186 4175 1323 4259 oportet,
1346 4177 1460 4236 utrum
1476 4169 1623 4260 proprie·
1663 4205 1739 4248 mmm

29 4291 95 4350 ates
108 4305 346 4375 personarum,
362 4284 484 4375 quibus
497 4283 576 4374 ipsa
590 4305 737 4374 persona
750 4283 1023 4369 determinantur,
1040 4284 1106 4352 sint
1119 4283 1199 4375 ipsae
1213 4307 1371 4375 persona,
1389 4292 1421 4352 et
1434 4285 1500 4352 sint
1513 4285 1613 4370 Deus,
1635 4267 1733 4372 Ἥ

28 4401 43 4466 i
59 4414 124 4485 est,
142 4401 262 4468 divina
275 4400 443 4467 Essentia:
459 4421 502 4466 au
515 4399 637 4466 itasint
650 4399 686 4466 in
699 4399 847 4490 personis
856 4452 866 4484 ,
882 4408 1000 4468 utnon
1015 4399 1264 4492 sintpersonae,
1280 4423 1317 4468 ac
1332 4423 1389 4491 per
1405 4400 1465 4468 hoc
1487 4424 1546 4467 nec
1571 4400 1620 4469 di·
1634 4404 1741 4497 mg,

29 4516 91 4584 ina
104 4517 274 4584 Essentia.
290 4515 386 4597 Quod
400 4515 488 4582 anim
503 4515 537 4581 in
548 4515 695 4606 personis
707 4514 771 4581 sint
786 4517 1010 4605 proprietates,
1027 4538 1125 4585 nemo
1138 4514 1279 4583 inficiari
1293 4516 1404 4599 audet,
1419 4539 1495 4584 oum
1510 4522 1620 4607 aperte
1634 4516 1742 4621 222?ssss

28 4633 133 4700 lamet
147 4632 329 4700 auctoritas
342 4632 431 4722 quod
451 4656 469 4696 a
491 4630 526 4697 iu
546 4630 695 4722 personis
714 4641 761 4698 est
779 4632 977 4722 proprietas,
994 4639 1027 4700 et
1048 4632 1085 4700 in
1103 4632 1242 4699 essentia
1256 4632 1364 4698 unitas
1377 4636 1400 4698 ¹.
1422 4657 1440 4697 »
1461 4631 1621 4722 Superius
1634 4611 1742 4745 biiii?

29 4771 150 4841 noque
176 4747 293 4814 multis
314 4745 510 4815 Sanctorum
532 4745 726 4814 testimoniis
747 4748 967 4833 astruximus,
983 4771 1138 4841 personas
1154 4769 1213 4839 per
1231 4747 1443 4839 proprietates
1457 4748 1619 4837 distingui
1635 4763 1741 4809 wenta·

28 4875 110 4957 tque
135 4863 373 4946 determinari,
395 4864 546 4954 ipsasque
559 4863 793 4954 proprietates,
810 4871 876 4931 tres
889 4864 1031 4950 scilicet,
1048 4864 1188 4956 propriis
1203 4864 1421 4955 expressimus
1437 4863 1615 4934 vocabulis.

28 5004 92 5048 um
108 5001 199 5068 ergo
211 4977 422 5069 proprietates
441 4978 518 5068 ipsae
539 4978 580 5045 ab
594 4988 716 5046 aeterno
735 4978 877 5064 tuerint,
893 4980 1015 5069 quihus
1035 4981 1114 5073 ipsa
1135 5002 1278 5072 personae
1299 4980 1563 5048 determinantur
1586 4991 1618 5049 et

28 5097 199 5179 ifferunt3
215 5116 282 5186 quo
297 5092 392 5161 modo
407 5099 524 5177 esseut,
543 5093 570 5160 si
585 5093 620 5160 in
634 5093 681 5161 eis
694 5117 760 5161 non
774 5101 905 5164 esseut?
919 5106 951 5165 et
964 5098 1130 5188 quomodo
1144 5098 1180 5165 in
1194 5098 1241 5164 eis
1255 5105 1380 5180 essent,
1397 5103 1429 5165 et
1452 5097 1532 5188 ipsae
1546 5120 1619 5189 per·

28 5236 96 5281 ›uae
112 5233 191 5279 non
204 5218 323 5294 essent,
338 5210 421 5298 quin
434 5209 480 5275 ibi
491 5217 573 5276 esset
587 5210 834 5301 multiplicitas?
843 5211 1001 5293 Quocirca
1012 5214 1097 5281 sicut
1106 5214 1318 5305 proprietates
1327 5236 1395 5281 esse
1404 5212 1443 5281 iu
1453 5214 1613 5306 personis,

28 5355 45 5398 a
61 5338 98 5396 et
113 5348 176 5395 eas
192 5347 345 5415 personas
358 5347 426 5392 esse
438 5325 654 5393 confitemur:
671 5327 755 5394 sicut
768 5350 867 5419 supra
880 5333 891 5367 ³
905 5331 1098 5399 auctoritate
1112 5330 1314 5421 Hieronymi
1328 5343 1352 5414 ⁴,
1370 5337 1408 5397 ut
1426 5352 1492 5398 non
1506 5329 1618 5421 pigeat

30 5500 40 5535 ¹
55 5500 66 5549 1
86 5498 153 5549 Gor.
170 5496 200 5557 l,
214 5498 252 5546 rt.
262 5521 293 5531 -
303 5494 444 5558 ’Proesctio
456 5495 484 5545 S.
497 5496 638 5546 Trinitatis.
647 5497 699 5534 -i
711 5497 777 5548 Dist.
791 5508 892 5548 niv·-
904 5500 915 5533 ⁸
925 5499 1086 5567 Hieronym,
1105 5501 1182 5566 Eapl.
1200 5500 1314 5566 symbol.
1329 5499 1364 5550 od
1376 5501 1489 5565 nomm,
1505 5501 1580 5565 epist.
1590 5503 1615 5556 l.
