4100 6300
328 449 420 496 mu
800 429 850 494 bu
870 426 1047 494 SCRIPTIS
1067 425 1101 491 S.
1123 425 1441 509 BONAVENTURAE,

329 568 436 635 obitus
449 567 482 633 S.
494 565 646 644 Thomas,
662 571 694 631 et
706 584 781 632 vere
792 565 911 642 sancti,
927 570 957 630 et
971 563 1106 647 gloriosi
1117 562 1243 627 Domini
1255 563 1510 644 Bonaventurae,
1526 582 1666 647 quorum
1678 569 1802 651 primus
1814 570 1923 635 obiiti

330 676 449 753 martii,
464 675 548 740 alius
562 676 633 741 idus
641 674 717 756 iulii
731 675 903 757 sequentis,
918 676 1063 754 tempore
1077 671 1200 735 concilii
1214 672 1372 753 generalis
1386 672 1610 756 Lugdunensis
1622 694 1680 759 per
1693 675 1885 759 Gregorium
1897 677 1924 742 X

330 783 489 849 celebrati.
504 806 519 842 a
538 782 666 847 Accedit
679 780 732 845 Fr.
747 780 883 845 lacobus
898 779 1064 863 Philippus
1077 782 1268 860 cognomine
1281 778 1447 860 Forestus,
1463 783 1566 864 patria
1580 781 1821 865 Bergomensis,
1837 786 1924 851 ordi-

329 892 380 956 nis
392 891 606 956 Eremitarum
622 888 654 953 S.
671 888 865 969 Augustini,
881 887 937 971 qui
952 906 1027 951 cum
1038 905 1169 950 summa
1182 887 1322 951 nominis
1342 889 1522 955 celebritate
1538 891 1649 973 quinto
1662 891 1786 956 decimo
1799 892 1926 958 labente

331 1000 439 1065 seculo
452 999 613 1064 inclaruit.
630 996 667 1061 ln
681 996 911 1062 Chronicorum
925 994 1154 1078 Supplemento
1166 1000 1174 1033 ¹
1189 995 1385 1077 apertissime
1398 1002 1556 1062 memorat
1567 1047 1576 1077 ,
1589 1004 1621 1062 et
1634 1000 1745 1062 asserit
1756 998 1924 1065 bonaven-

331 1112 413 1172 turae
428 1107 568 1189 Scripta,
588 1123 663 1189 quae
679 1123 753 1169 cum
766 1103 908 1167 maximo
920 1101 1028 1167 labore
1044 1103 1142 1168 edidit
1155 1103 1188 1165 in
1203 1107 1343 1183 quatuor
1356 1101 1595 1169 Sententiarum
1609 1105 1729 1170 Libros.
1749 1106 1835 1170 «His
1847 1112 1929 1172 tem-

331 1210 486 1294 poribus,
505 1210 636 1292 icqutt¹
650 1207 695 1275 act
713 1223 837 1273 αηιιιιιιι
856 1208 946 1281 1168,
962 1210 1077 1288 praeter
1096 1210 1294 1273 sanctitatem
1312 1213 1505 1290 maximam,
1520 1214 1616 1277 etiam
1634 1214 1759 1294 ingenii
1776 1216 1883 1296 gratia
1897 1220 1929 1279 et

331 1318 518 1384 auctoritate
536 1316 711 1400 praeditus,
732 1313 928 1378 clarissimus
939 1312 974 1375 iu
987 1317 1053 1377 toto
1068 1313 1150 1380 Orbe
1162 1317 1290 1381 babitus
1303 1322 1371 1382 est:
1391 1319 1448 1401 qui
1461 1337 1529 1402 prae
1544 1320 1655 1383 ceteris
1672 1320 1858 1386 Doctoribus
1872 1321 1925 1386 lu·

333 1425 548 1491 culentissime
558 1428 590 1488 et
598 1424 723 1507 copiose
733 1441 829 1506 super
838 1428 977 1505 quatuor
988 1422 1228 1488 Sententiarum
1239 1425 1337 1489 libros
1346 1425 1480 1508 scripsit.
1493 1447 1509 1486 ιι
1522 1427 1647 1491 Similia
1658 1428 1756 1493 habes
1765 1429 1801 1493 in
1810 1428 1927 1494 Harib-

332 1552 429 1598 mano
443 1530 594 1612 Sebedel,
608 1531 643 1595 in
657 1529 887 1596 Chronicorum
901 1530 1022 1615 Opere,
1037 1530 1078 1595 ad
1091 1535 1214 1594 sextam
1228 1531 1342 1597 mundi
1355 1535 1493 1598 aetabm.

952 1807 1064 1876 Testes
1086 1806 1189 1876 seculi
1210 1807 1303 1878 XVI.

373 2026 510 2092 loannes
521 2044 542 2089 a
553 2023 729 2089 nativitatis
743 2023 814 2087 loco
831 2022 1029 2087 'l‘rithemius
1047 2026 1273 2106 nuncupatus,
1292 2024 1423 2088 natione
1443 2023 1636 2105 Germanus,
1654 2027 1751 2091 abbas
1763 2026 1930 2111 Spanehe-

334 2134 471 2211 mensis,
494 2132 614 2197 ordinis
627 2129 660 2195 S.
674 2129 853 2209 Benedicti,
873 2129 931 2213 qui
946 2130 1168 2212 compluribus
1188 2131 1263 2209 otii,
1286 2131 1474 2214 ingeniique
1492 2132 1543 2197 sui
1561 2135 1779 2198 monumentis
1796 2135 1930 2217 relictis,

334 2241 467 2307 decessit
479 2241 530 2306 die
545 2243 584 2303 13
598 2239 741 2303 decemb.
758 2257 812 2301 an.
827 2240 918 2315 1516,
935 2237 1091 2314 interea,
1106 2255 1180 2319 quae
1191 2236 1425 2303 bonaventurae
1438 2240 1599 2319 attribuit,
1614 2241 1745 2305 collocat
1760 2241 1932 2307 Commen-

281 2384 285 2395 ·
335 2350 416 2413 turia
429 2349 574 2431 ejusdem
590 2362 712 2428 «super
728 2345 924 2424 Sementiua,
938 2345 996 2408 lib.
1011 2343 1063 2424 IV,
1081 2345 1183 2426 princ.
1201 2344 1368 2425 Profunda
1382 2346 1610 2413 Flauiorum.»
1628 2348 1720 2413 Hisce
1734 2369 1830 2432 porro
1844 2351 1934 2415 Com·

336 2456 501 2520 meutariis
520 2471 741 2537 saepenumero
755 2454 859 2517 utitur
876 2452 1013 2517 loannes
1031 2451 1168 2529 Eckius,
1187 2453 1316 2516 natione
1331 2451 1475 2531 Saevus,
1494 2455 1629 2519 malleus
1643 2474 1680 2519 ac
1693 2457 1830 2521 domitor
1847 2457 1933 2521 llar-

335 2562 398 2627 tini
414 2561 563 2639 Lutberi,
583 2559 720 2643 Philippi
734 2558 1005 2637 Melanchthonis,
1027 2556 1213 2636 Pomerani,
1235 2564 1487 2643 ceterorumque
1507 2568 1712 2627 novatorum.
1729 2562 1782 2627 Sic
1796 2564 1886 2628 enim
1900 2565 1934 2628 in

336 2669 621 2753 praedestinationis
641 2667 771 2749 negotio
786 2685 819 2730 se
832 2664 1069 2731 Bonaventurae
1083 2665 1233 2742 credidit,
1249 2671 1288 2729 ut
1300 2667 1333 2729 in
1349 2668 1526 2750 perdifficili
1540 2673 1571 2733 et
1585 2668 1744 2734 salebrosa
1758 2671 1819 2734 hac
1832 2676 1934 2735 mate·

338 2777 405 2854 ria,
421 2779 491 2860 ejus
503 2774 649 2856 vestigiis
663 2774 809 2837 insistere
827 2774 994 2851 maluerit,
1015 2791 1114 2855 quam
1133 2773 1291 2855 theologis
1305 2776 1428 2838 ceteris.
1450 2775 1608 2841 audiatur
1620 2776 1672 2842 vel
1686 2779 1752 2861 ipse
1767 2777 1888 2843 Eckius
1901 2779 1935 2841 iu

338 2884 427 2948 hunc
440 2883 575 2947 modum
588 2881 749 2945 scribens*
763 2904 770 2945 :
788 2904 804 2942 a
818 2881 901 2945 Duos
913 2880 1074 2963 praecipue
1085 2881 1274 2960 venerabor,
1291 2881 1408 2946 Divum
1420 2883 1536 2947 scilicet
1549 2882 1757 2948 Eustachium
1770 2884 1936 2949 Bonaven·

339 2995 467 3069 turam,
482 2995 514 3054 et
525 2988 681 3053 loannem
701 2986 831 3052 Scotum
849 2992 1061 3069 cognomento
1076 2987 1232 3052 Subtilem
1247 3009 1255 3051 ε
1274 3007 1339 3052 non
1357 2994 1466 3053 tamen
1480 3009 1533 3055 eos
1550 2992 1682 3074 perinde
1696 2992 1820 3057 habebo
1832 3011 1870 3057 ae
1883 2994 1935 3076 ly-

339 3098 431 3164 dium
444 3096 601 3181 lapidem,
615 3100 652 3160 ut
666 3096 706 3160 ab
718 3113 831 3160 eorum
843 3096 998 3160 sententia
1015 3095 1060 3178 (si
1075 3095 1119 3160 ita
1131 3095 1238 3162 visum
1249 3097 1364 3179 luerit)
1380 3116 1446 3162 non
1459 3096 1552 3163 liceat
1563 3100 1722 3165 recedere.
1739 3123 1754 3159 ι
1769 3099 1936 3166 baiadus

340 3208 401 3271 tria
420 3204 557 3270 Eckium
577 3202 827 3288 appellavimus,
852 3207 974 3267 utnon
996 3204 1092 3267 modo
1114 3205 1193 3267 tanti
1209 3204 1310 3287 hujus
1331 3205 1393 3270 viri
1415 3207 1597 3270 testimonio
1618 3213 1796 3287 uteremur,
1823 3208 1879 3272 sed
1900 3213 1938 3273 ut

341 3314 438 3378 etiam
455 3313 628 3377 sciolorum
646 3312 860 3395 quorumdam
874 3311 1042 3375 audaciam
1057 3311 1299 3392 frangeremus,
1319 3311 1376 3394 qui
1394 3310 1631 3377 Bonaventurae
1647 3313 1884 3378 Commentario
1896 3315 1937 3377 ir·

339 3421 444 3486 rident
457 3424 489 3484 et
506 3423 681 3502 respuunt,
698 3438 736 3483 ea
750 3419 874 3482 ratione
892 3417 991 3493 ducti,
1009 3418 1095 3499 quod
1110 3419 1232 3481 nudam
1246 3423 1278 3482 et
1295 3418 1514 3484 scholasticam
1530 3422 1754 3502 garrulitatem
1770 3423 1937 3504 complecti

341 3528 482 3593 credant.
502 3526 646 3592 Celerum
664 3544 730 3590 non
744 3526 836 3589 nobis
852 3527 969 3590 desunt
985 3528 1097 3603 testes,
1114 3525 1212 3607 hique
1225 3525 1313 3590 baud
1327 3527 1503 3607 ignobiles,
1521 3528 1579 3611 qui
1596 3528 1831 3593 commentaria
1844 3534 1939 3612 etap-

341 3636 496 3719 probeut,
516 3639 548 3699 et
565 3634 690 3698 Doctori
706 3638 816 3698 nostro
832 3635 993 3696 asserant:
1013 3632 1068 3695 sed
1085 3631 1181 3693 nimis
1196 3631 1333 3713 longum
1350 3633 1463 3698 afferre
1479 3653 1601 3699 omnes.
1616 3634 1686 3700 Jam
1703 3654 1782 3717 ergo
1798 3635 1937 3717 gradum
2042 3715 2043 3732 ἵ

341 3742 495 3807 iaciemus
511 3741 551 3805 ad
568 3742 719 3823 antiquas
737 3738 1047 3805 Commentariorum
1066 3739 1241 3817 editiones,
1260 3740 1472 3823 exemplaria,
1492 3745 1588 3824 atque
1606 3744 1836 3826 manuscripta.

784 3995 934 4090 Antiqua
945 3995 1265 4067 Commentariorum
1277 3998 1488 4090 exemplaria.

384 4226 538 4311 Princeps
562 4225 731 4307 omnium,
759 4230 798 4291 ut
820 4226 1029 4306 arbitramur,
1058 4224 1368 4291 Commentariorum
1400 4226 1496 4292 editio
1523 4225 1659 4292 Tarvisii
1693 4228 1853 4293 elaborata
1880 4229 1938 4293 fuit

345 4354 431 4401 anno
450 4339 541 4411 1171,
566 4353 665 4417 opera
680 4333 825 4416 Magistri
844 4332 998 4398 Hermoni
1018 4332 1234 4398 Lichtenstein
1251 4333 1286 4397 in
1304 4335 1357 4399 iol.
1377 4333 1476 4417 Cujus
1492 4344 1568 4398 sane¹
1585 4334 1739 4399 Editionis
1759 4354 1865 4401 unum
1884 4354 1937 4400 so·

344 4441 479 4526 lamque
494 4443 529 4505 in
548 4440 574 4505 ll
599 4440 834 4506 Sententiarum
859 4440 1024 4524 exemplar
1046 4439 1144 4506 Nobis
1165 4441 1338 4524 superfuit,
1364 4442 1450 4524 quod
1468 4442 1553 4525 apud
1576 4440 1739 4507 Nostrates
1759 4441 1882 4510 Patavii
1901 4443 1937 4506 in

345 4548 540 4615 Bibliotheca
565 4547 599 4613 S.
625 4547 801 4627 Francisci,
820 4554 891 4612 tum
913 4550 1000 4632 apud
1023 4548 1187 4613 Minorilas
1209 4548 1380 4613 Strictioris
1405 4548 1621 4615 Observantiae
1642 4549 1782 4614 Tridenti
1804 4551 1839 4614 in
1856 4548 1933 4614 Bibl.

345 4657 380 4723 S.
400 4656 554 4722 Bernardi
569 4660 726 4721 servatur.
745 4654 916 4738 Exemplar
937 4656 1021 4735 hoc,
1040 4656 1125 4737 quod
1140 4655 1241 4720 nitido
1259 4656 1439 4721 charactere
1455 4661 1621 4721 exaratum
1640 4661 1704 4738 est,
1725 4656 1789 4722 Nos
1807 4658 1936 4740 quidem

346 4769 473 4842 movet,
493 4767 531 4828 ut
548 4764 686 4829 aliorum
705 4762 1013 4828 Commentariorum
1033 4764 1196 4847 ploremus
1207 4767 1378 4847 jacturam.

387 4872 530 4953 Itemque
543 4871 577 4934 in
585 4875 834 4935 commemorata
843 4869 1028 4936 Tridentina
1040 4870 1245 4948 bibliotheca,
1256 4870 1529 4934 Commentarium
1540 4876 1628 4935 extat
1639 4872 1675 4935 in
1685 4870 1710 4935 11
1725 4872 1845 4937 librum
1859 4873 1937 4938 Seu·

345 4980 532 5057 tentiarum,
543 4977 628 5061 quod
638 4997 714 5042 cum
722 4977 793 5041 aliis
803 4977 939 5042 Venetiis
946 4979 1077 5043 fortasse
1086 4977 1212 5043 edidere
1220 4976 1479 5043 Theudoricusde
1489 4977 1708 5060 Reynsburch,
1720 4984 1751 5043 et
1760 4979 1938 5064 Raynaldus

347 5088 386 5153 de
398 5085 590 5167 Novimagio
603 5083 697 5165 Socii,
712 5104 765 5149 an.
783 5089 874 5161 1171,
888 5084 988 5150 iu-iol.
1007 5104 1016 5150 ι
1033 5103 1113 5169 opus
1131 5085 1500 5168 perexcellentissimum.
1518 5085 1551 5151 S.
1572 5084 1756 5168 Theologiae
1775 5086 1937 5152 Doctorem

347 5193 474 5276 Magist.
488 5192 645 5257 Thomam
660 5190 805 5257 Penketh
818 5192 993 5274 Anglicum
1008 5191 1082 5258 Ord.
1097 5191 1157 5257 FP.
1173 5191 1305 5257 Eremit.
1322 5192 1355 5258 S.
1370 5193 1564 5275 sugusani,
1583 5197 1621 5260 tn
1633 5195 1851 5274 famosissimo
1866 5195 1938 5263 Stu-

380 5360 455 5412 ¹Lib.
467 5362 534 5412 11111.
544 5386 575 5396 -
585 5359 667 5424 ’Peg
676 5353 733 5418 211.
742 5384 774 5397 -
782 5360 793 5394 ⁸
802 5359 896 5424 script.
911 5359 1059 5423 ecclesiast,
1070 5360 1115 5412 iol.
1127 5371 1173 5411 cu.

378 5431 426 5481 un
439 5431 616 5496 chrysopraso,
631 5443 677 5481 seu
686 5428 717 5479 cle
728 5427 911 5493 hwarinus,
924 5430 986 5482 edit.
997 5435 1105 5496 Augmt.
1120 5430 1231 5491 vindeb,
1248 5433 1318 5497 1511,
1332 5434 1401 5483 cent.
1410 5444 1431 5496 1,
1445 5434 1494 5482 art.
1506 5435 1530 5496 l,
1543 5443 1630 5485 mxu.
