4100 6300
421 448 480 511 aaa
988 440 1300 530 snoruuuanuu
1320 445 1394 510 un
1418 443 1443 509 1.

319 603 404 660 aspra.
420 582 511 664 ponit
522 579 641 662 aliquid
653 578 688 641 in
700 578 774 657 ileo,
790 577 844 641 scd
856 577 891 641 in
903 579 1019 643 ellectu
1030 598 1038 658 ;
1050 584 1184 644 contra:
1241 584 1337 645 testas
1354 580 1521 645 coercendi
1534 579 1680 644 subditos
1696 603 1703 642 ε
1717 580 1914 654 adoratam

418 709 493 754 cum
507 690 638 753 dicitur:
659 686 771 751 oileus
786 691 833 751 est
845 685 988 766 Creator,
1003 710 1018 745 a
1034 687 1096 751 hoc
1108 687 1188 752 dici·
1241 691 1386 755 essentia.
1401 689 1556 754 Similiter
1571 688 1831 771 Creatorimportat
1837 694 1916 759 mnan

416 803 469 861 tur
486 816 527 861 ex
547 801 702 878 tempora,
723 799 754 858 et
776 812 841 857 non
860 812 916 878 per
936 814 1067 859 causam
1083 814 1091 859 ε
1107 813 1186 875 ergo
1241 796 1413 875 actionem,
1430 816 1506 879 quae
1525 800 1572 860 est
1595 796 1704 860 diiina
1718 798 1918 865 ascomann-

414 904 578 987 responsio
601 904 655 967 illa
674 902 772 967 nulla.
790 901 938 966 Probatio
960 901 1086 967 :Omne
1100 903 1187 985 quod
1242 923 1305 986 que
1318 908 1426 969 tamen
1439 905 1602 987 significat
1622 904 1657 965 in
1674 910 1800 984 respectu
1814 905 1842 967 al
1854 916 1919 969 neae

414 1011 530 1075 dicitur
541 1012 581 1075 de
594 1010 702 1092 aliquo
717 1028 773 1091 per
784 1026 925 1086 causam,
940 1009 979 1073 da
993 1009 1058 1073 alio
1071 1010 1188 1074 dicitur
1240 1029 1311 1075 ram
1327 1029 1335 1072 τ
1351 1018 1382 1077 et
1401 1014 1447 1076 ita
1464 1016 1618 1077 connotat
1630 1016 1765 1074 creatum
1777 1016 1920 1095 ettnprlt

415 1137 472 1200 per
483 1119 670 1199 essentiam,
686 1118 737 1182 vel
749 1118 974 1183 inhaerentiam
995 1120 1075 1184 :sed
1093 1110 1207 1184 drea?
1241 1117 1399 1193 Quoniam
1413 1138 1493 1200 ergo
1506 1118 1595 1201 quod
1614 1118 1753 1199 implicat
1770 1118 1798 1179 in
1814 1137 1839 1181 se
1852 1121 1922 1181 erun

414 1231 465 1291 tor
486 1227 525 1292 de
544 1227 634 1291 nullo
648 1227 710 1291 alio
730 1245 751 1290 a
771 1226 834 1290 ileo
847 1227 976 1308 dicitur3
991 1248 1051 1292 nec
1066 1246 1123 1311 per
1136 1247 1187 1293 es-
1240 1244 1321 1306 gens
1347 1232 1379 1291 et
1402 1225 1644 1304 necessarium,
1668 1223 1922 1289 denominaturtom

415 1335 562 1415 sentiam,
575 1354 635 1399 nec
648 1354 705 1418 per
717 1334 942 1399 inhaerentiam
958 1359 965 1398 :
981 1353 1072 1416 erge,
1085 1343 1144 1401 etc.
1240 1334 1449 1415 contingens:
1461 1332 1611 1396 similiter
1626 1330 1711 1412 quod
1724 1335 1924 1396 annonara

455 1440 535 1505 Item
549 1442 633 1524 quod
648 1441 764 1505 dicitur
777 1442 816 1505 de
825 1442 888 1506 olio
902 1460 958 1524 per
970 1461 1113 1520 causam,
1128 1461 1186 1526 po·
1241 1440 1361 1521 porale,
1376 1444 1483 1504 totum
1495 1438 1724 1504 denominatur
1734 1439 1924 1519 tampadepap

414 1550 475 1611 test
488 1548 597 1612 inferri
613 1568 671 1631 per
685 1551 819 1614 modum
832 1549 1029 1614 habitudinis
1039 1549 1185 1631 causalis,
1241 1548 1290 1609 ter
1320 1551 1470 1610 naturam
1501 1544 1603 1609 totius
1634 1543 1780 1626 copulati,
1801 1544 1861 1626 qnod
1877 1547 1926 1627 pat

414 1658 474 1719 ut:
495 1655 592 1720 ullies
603 1660 651 1721 est
664 1657 711 1721 sol
723 1657 834 1721 lucens
847 1674 945 1739 super
959 1662 1091 1737 terram,
1107 1675 1186 1739 argo
1242 1656 1413 1736 utramque
1425 1656 1572 1736 partem,
1595 1655 1630 1715 et
1650 1650 1817 1714 falsificatur
1830 1656 1925 1732 pam

413 1761 480 1826 dics
493 1766 540 1827 est
554 1782 574 1827 a
586 1763 706 1828 solczo
729 1782 808 1847 ergo
826 1765 854 1828 si
874 1783 931 1846 per
950 1784 1081 1830 causam
1105 1765 1187 1830 Deus
1241 1779 1305 1842 que
1319 1765 1417 1843 parte,
1433 1765 1465 1824 et
1479 1778 1538 1842 pro
1558 1759 1672 1823 altera.
1689 1756 1925 1840 flimoapdua

413 1874 461 1933 est
481 1870 619 1952 Creator,
641 1872 711 1955 pari
734 1874 858 1938 ratione
880 1872 964 1938 Deus
986 1893 1006 1939 a
1028 1880 1184 1953 creatura,
1240 1866 1391 1932 deantur
1402 1867 1443 1951 (α)
1466 1887 1508 1933 8¹
1529 1871 1678 1950 lssfflllore
1698 1883 1760 1929 111111
1778 1865 1867 1928 1111111
1880 1866 1927 1945 ll*

413 1975 495 2040 vele
509 1996 675 2043 converso.
1240 1975 1349 2058 cipalis
1372 1975 1560 2057 significati,
1581 1973 1638 2039 sed
1659 1973 1774 2038 ratione
1789 1972 1927 2036 comati

453 2083 533 2148 ltem
546 2085 632 2168 quod
645 2087 839 2169 praedicatur
852 2087 958 2152 solum
971 2106 1029 2171 per
1042 2104 1184 2164 causam,
1240 2089 1386 2149 creatura
1406 2107 1413 2147 :
1430 2087 1462 2148 et
1476 2102 1533 2166 per
1547 2085 1612 2148 hoc
1631 2087 1739 2165 patant
1755 2086 1861 2164 quanm
1874 2098 1927 2159 up

412 2209 479 2256 non
501 2195 549 2255 est
570 2193 655 2257 idem
675 2194 721 2257 illi
744 2195 866 2277 dequo
890 2196 1083 2279 predicatur
1103 2195 1186 2259 :sed
1241 2197 1350 2257 menta
1378 2192 1555 2275 sequentia.
1591 2188 1818 2254 Conoedendum
1832 2187 1927 2251 mua

412 2317 487 2362 eum
510 2300 646 2365 dicitnr:
667 2301 782 2366 «oeus
800 2308 899 2385 creat,
923 2328 938 2364 a
956 2306 1039 2369 actio
1062 2304 1118 2369 llei
1140 2309 1188 2368 est
1240 2300 1327 2383 quod
1340 2319 1407 2366 nou
1420 2318 1518 2364 omne
1532 2298 1623 2382 quod
1635 2316 1680 2361 ex
1690 2300 1814 2378 tempore
1827 2291 1927 2356 diritate

412 2403 495 2469 Deus
510 2424 518 2468 τ
533 2425 612 2487 ergo
624 2426 691 2472 non
704 2409 898 2492 predicatur
910 2430 967 2494 per
980 2430 1121 2477 causam
1242 2405 1320 2487 Deo,
1334 2407 1452 2472 dicitur
1466 2426 1524 2490 ρετ
1539 2424 1691 2482 causam,
1702 2404 1753 2467 sed
1763 2402 1806 2465 rel
1815 2401 1927 2479 uidua

452 2509 531 2575 item
544 2531 620 2576 cum
634 2514 751 2579 dicitur
764 2516 846 2581 Deus
856 2518 1185 2599 Dominua,.velcon-
1240 2533 1382 2591 causam,
1397 2516 1448 2578 vel
1462 2515 1697 2597 perunionem,
1706 2510 1753 2575 vel
1769 2527 1815 2593 per
1824 2504 1927 2591 quand·

412 2617 543 2696 similis,
567 2619 723 2688 Dominus
745 2640 811 2686 non
832 2625 910 2689 dicit
930 2625 1060 2707 aliquod
1082 2645 1187 2707 genus
1241 2623 1511 2705 comparationem
1526 2623 1567 2687 ad
1583 2620 1756 2704 temporale
1773 2622 1819 2681 :et
1831 2617 1927 2695 aad

412 2742 519 2788 causae
538 2748 546 2788 ε
562 2730 594 2790 et
606 2731 713 2793 tamen
727 2728 842 2794 dicitur
856 2732 895 2795 de
908 2731 972 2797 ileo
988 2755 995 2795 :
1010 2751 1090 2814 ergo
1099 2751 1186 2816 prae·
1241 2731 1362 2793 omnia.

411 2831 494 2896 dicta
506 2835 669 2917 responsio
683 2855 748 2901 non
761 2841 810 2901 est
822 2839 995 2904 sufficiens.
1282 2844 1297 2900 l
1313 2841 1345 2901 et
1357 2841 1388 2900 i.
1409 2835 1460 2901 Ad
1474 2835 1555 2900 illud
1569 2854 1653 2919 ergo
1666 2834 1748 2918 qnod
1759 2830 1872 2913 objicitur
1883 2825 1929 2908 put

1241 2944 1415 3028 temporale
1436 2948 1485 3009 est
1505 2950 1655 3009 creatum
1674 2949 1705 3009 ct
1723 2935 1927 3013 mutabiledtn

1241 3052 1320 3117 dum
1355 3052 1442 3136 quod
1471 3052 1620 3135 loquitur
1654 3053 1693 3117 de
1720 3045 1855 3131 temporali
1872 3042 1929 3125 mut
1980 3042 1981 3107 l

1241 3171 1363 3234 modo:
1384 3169 1489 3234 ethoc
1513 3188 1583 3232 non
1605 3169 1720 3233 dieitm
1736 3161 1929 3239 dedocuisti&
1979 3225 1980 3264 ἐ

414 3267 493 3324 Nihil
507 3271 546 3324 est
559 3268 720 3325 incommodi
734 3269 806 3341 quod
815 3270 847 3326 de
858 3271 927 3336 Deo,
943 3273 992 3343 qui
1004 3277 1117 3332 eternae
1131 3278 1185 3343 est,
1241 3296 1372 3342 eausam
1389 3277 1441 3341 vel
1454 3275 1625 3341 unionem.
1979 3269 1980 3310 ¹

450 3358 547 3462 oltprtu
567 3360 678 3463 nomino
692 3376 739 3463 'ea
762 3364 877 3463 ternpore
902 3361 1046 3465 dicuntur,
1069 3380 1129 3435 pue
1154 3380 1187 3420 eor
1283 3390 1313 3449 3·
1338 3382 1388 3448 Ad
1416 3382 1495 3447 Μ
1523 3384 1615 3464 quod
1638 3382 1777 3465 objicjpur
1798 3376 1860 3461 quod
1875 3387 1927 3436 pm
1978 3415 1979 3422 ,

447 3449 601 3521 pnactpott
623 3452 823 3521 ammiratione
844 3456 985 3508 arentiam
1011 3456 1043 3508 in
1068 3458 1187 3526 respectu

450 3540 488 3595 ad
506 3544 643 3597 menturae
660 3541 827 3624 domicum.

669 3100 924 3172 cunutuslu.

1241 3492 1329 3574 quod
1351 3490 1542 3574 praedicatur
1565 3490 1607 3554 de
1628 3488 1692 3553 lleo
1712 3492 1756 3553 ast
1772 3477 1927 3550 aternmd·
1978 3441 1979 3516 1

1242 3600 1379 3665 cendum
1387 3598 1474 3682 quod
1486 3598 1558 3662 haec
1570 3602 1621 3662 est
1632 3598 1757 3680 duplex,
1767 3594 1926 3677 quicelmus
1977 3643 1978 3720 p

455 3697 549 3782 llesp.
575 3699 615 3763 ad
645 3701 724 3780 Arg.
750 3699 924 3764 [licendum
953 3701 1039 3782 quod
1068 3702 1188 3786 aliquid
1243 3711 1347 3791 potest
1365 3706 1468 3771 teneri
1487 3705 1665 3786 adJective,
1685 3703 1734 3770 vcl
1751 3687 1925 3766 ammirei

418 3805 480 3870 dici
495 3809 696 3888 eracapere,
712 3811 759 3871 est
773 3807 941 3890 dupliciter
956 3829 963 3871 :
980 3810 1188 3893 autquiaip-
1242 3815 1408 3897 adjective,
1424 3813 1560 3878 sicfalsa
1573 3817 1646 3877 ost:
1666 3808 1778 3893 aliquid
1788 3806 1853 3871 euin
1861 3795 1927 3883 μή·
1976 3835 1977 3922 p

415 3931 489 3975 sum
502 3917 551 3976 est
563 3913 747 3996 temporale,
763 3918 821 3977 aut
833 3914 995 3996 quiadicit
1006 3920 1187 3998 respectum
1243 3928 1334 3987 eatur
1345 3922 1383 3986 de
1397 3921 1472 3998 lteo,
1486 3923 1585 4003 cujus
1600 3920 1725 3985 duratio
1737 3917 1840 3980 nonest
1851 3913 1924 3972 etati

414 4019 454 4082 ad
468 4021 654 4102 temporale.
670 4018 778 4084 Primo
798 4021 909 4099 modo,
927 4021 1011 4084 nihil
1032 4023 1185 4104 praedica·
1243 4030 1278 4094 Si
1298 4029 1495 4093 substantive
1509 4077 1518 4109 ,
1533 4046 1615 4092 vera
1628 4032 1690 4102 est,
1704 4030 1734 4088 et
1748 4023 1787 4086 sic
1800 4023 1837 4083 est
1848 4025 1924 4078 aaut&

415 4129 466 4188 tur
486 4126 525 4190 de
539 4125 603 4191 ileo
621 4146 679 4209 per
697 4128 868 4192 essentiam
882 4128 935 4191 vel
955 4146 1011 4209 per
1024 4129 1188 4194 inhaeren-
1244 4138 1351 4202 Omne
1367 4135 1452 4220 quod
1472 4134 1669 4217 predicatur
1687 4132 1723 4197 de
1739 4130 1802 4206 uec,
1816 4111 1925 4196 otaliit

413 4232 512 4312 tiam,
528 4234 609 4298 sicut
621 4234 757 4318 probant
770 4239 908 4317 quatuor
921 4234 1061 4299 rationes
1073 4236 1114 4300 ad
1127 4237 1189 4303 hoc
1243 4251 1419 4310 aeternum.
1444 4243 1508 4309 Nee
1527 4249 1641 4309 tamen
1663 4240 1811 4325 sequihn:
1827 4231 1863 4297 ut
1874 4231 1925 4290 tlt

346 4331 350 4336 ’
413 4339 553 4404 inductae
569 4356 577 4401 :
593 4340 784 4423 praedicatur
797 4345 906 4416 amen
916 4360 974 4424 per
987 4360 1135 4424 causam,
1152 4348 1188 4410 ut
1244 4373 1342 4433 num3
1362 4354 1428 4418 imo
1447 4358 1494 4419 est
1513 4353 1560 4416 ihi
1583 4352 1706 4417 fallacia
1722 4341 1865 4414 accidentis,
1881 4333 1923 4394 911

413 4446 440 4510 si
458 4447 582 4512 dicatur
603 4470 611 4512 :
629 4448 741 4513 «Deus
758 4452 806 4513 est
824 4448 976 4531 patientia
997 4468 1086 4530 mea;
1103 4475 1118 4511 a
1137 4453 1189 4517 vel
1245 4460 1298 4524 hic
1315 4479 1323 4523 z
1341 4460 1491 4525 «Creatio
1505 4464 1553 4523 est
1567 4449 1921 4538 lleus,etlleosostctffl¹'·t

413 4573 470 4638 per
499 4556 672 4634 unionem,
695 4561 731 4620 ut
757 4556 784 4619 si
812 4556 969 4620 dicatur:
998 4558 1116 4624 «Deus
1142 4566 1190 4625 est
1248 4585 1327 4650 ergo
1353 4545 1920 4635 ereadoataetema.»1ainlf²ltt

413 4662 512 4726 homo
528 4686 535 4727 ε
551 4684 566 4722 τ
585 4669 616 4728 et
628 4665 689 4727 hoc
702 4681 769 4727 non
781 4664 874 4746 ponit
892 4667 1122 4748 mutationem,
1137 4669 1189 4734 vel
1250 4675 1370 4758 aliquid
1400 4674 1486 4738 enim
1517 4674 1608 4756 quod
1639 4678 1686 4738 est
1711 4673 1837 4734 aternum
1855 4649 1920 4718 nna

413 4787 481 4833 esse
494 4770 679 4853 temporale,
692 4771 775 4835 circa
786 4770 906 4852 ileum,
922 4773 978 4836 sed
998 4773 1083 4838 circa
1095 4793 1188 4841 crea-
1246 4781 1426 4864 principalis
1448 4779 1645 4862 significati,
1668 4778 1699 4841 id
1714 4763 1920 4852 εεῐ,1]’11111111ιὲ

412 4881 530 4942 turam.
554 4878 626 4943 Alio
645 4880 740 4945 modo
761 4880 879 4944 dieitur
900 4881 1023 4965 aliquid
1046 4898 1096 4972 ca,
1110 4891 1188 4950 tem·
1244 4890 1322 4972 quid
1333 4893 1501 4966 eternum,
1513 4890 1641 4953 ratione
1652 4871 1919 4951 connotatididtut*

410 5001 504 5069 porc,
521 5005 559 5051 eo
579 4987 666 5070 quod
679 4988 718 5052 de
736 4988 860 5052 ratione
883 4989 935 5052 sui
950 4990 1092 5054 nominis
1114 4992 1208 5075 dicit¹
1245 4996 1364 5079 pomle.

413 5087 684 5178 comparationem
698 5095 738 5160 ad
747 5094 869 5178 aliquid
882 5096 1068 5179 temporale,
1081 5102 1118 5162 ut
1130 5099 1191 5165 Do
1285 5108 1316 5166 t.
1331 5102 1380 5167 Ad
1392 5102 1471 5167 illud
1485 5101 1574 5185 quod
1585 5089 1805 5184 objiciturquod
1814 5065 1917 5194 nupti

415 5205 525 5269 minue
545 5206 577 5268 et
594 5204 743 5284 creatum
755 5203 810 5268 sed
822 5206 931 5268 tamen
944 5203 983 5267 de
996 5223 1056 5268 sua
1069 5205 1190 5287 prinei·
1245 5216 1348 5275 estex
1366 5215 1527 5293 tempore,
1542 5209 1655 5292 incipit
1674 5183 1916 5288 dipuidesttidw

414 5312 479 5394 pali
492 5312 724 5394 significatione
737 5314 889 5396 importat
902 5312 1073 5377 essentiam
1089 5335 1096 5377 :
1112 5333 1189 5379 nam
1245 5319 1324 5384 dum
1342 5317 1427 5401 quod
1446 5316 1527 5381 illud
1539 5335 1608 5381 non
1621 5319 1668 5380 est
1679 5314 1712 5377 in
1725 5301 1916 5386 lleopwffl‘

416 5418 573 5487 Dominus
586 5421 736 5504 importat
752 5420 951 5501 dominium,
966 5421 1053 5504 quod
1066 5425 1113 5485 est
1131 5441 1191 5504 po-
1279 5443 1313 5508 (a)
1326 5445 1387 5495 car.
1397 5441 1458 5492 eutr.
1472 5428 1572 5494 odunt
