4100 6300
424 470 484 567 iu
992 491 1305 560 snoruurnnnn
1323 494 1399 561 crs.
1422 495 1446 560 1.

421 636 542 700 tionem
560 634 628 697 sive
639 630 877 696 translationem
895 646 937 693 ex
956 627 1075 693 virtute
1090 646 1188 693 voea-
1244 633 1293 707 et,
1310 630 1346 694 in
1361 634 1522 713 quantum
1544 647 1632 693 unus
1651 628 1758 707 Deus,
1777 631 1821 692 sit
1834 632 1962 701 ircim

422 742 491 806 buli
505 740 659 823 accipere,
674 738 744 802 haec
756 736 870 819 positio
890 735 1014 800 nullam
1028 734 1188 816 dignosci·
1243 737 1373 802 luntatis
1385 740 1512 818 unitas3
1527 739 1563 802 in
1576 743 1743 822 quantrnn
1755 739 1963 820 improuffl

425 853 477 913 tur
496 848 614 912 habere
633 844 827 909 firmitatem.
845 841 884 906 Et
901 842 972 907 ideo
986 842 1116 905 fuerunt
1135 841 1189 904 alii
1243 844 1283 909 sit
1296 845 1470 910 voluntatis
1483 847 1697 923 iocunditas3
1717 846 1965 929 inquanunuu

422 955 480 1037 qui
491 954 640 1018 dixerunt
652 952 737 1035 quod
749 951 810 1016 hoc
823 968 958 1028 nomen,
970 950 1187 1031 principium,
1244 952 1518 1035 improcessibilis,
1544 953 1586 1016 sit
1605 953 1790 1017 voluntatis
1810 972 1870 1017 nm
1883 956 1967 1022 aas

422 1061 573 1143 importat
602 1059 768 1125 notionem
796 1061 832 1122 in
861 1058 1052 1140 adjacentia,
1080 1062 1112 1122 et
1143 1062 1190 1122 est
1244 1059 1458 1136 ditas‚etuna
1471 1061 1662 1125 fracunditas
1672 1061 1968 1146 mortuorunm

421 1186 540 1233 nomen
556 1166 709 1250 adjective
720 1169 864 1243 tantum,
883 1168 916 1228 et
927 1164 997 1229 ideo
1010 1164 1071 1228 hoc
1084 1163 1191 1245 adjec-
1245 1165 1338 1249 cipli:
1352 1167 1524 1231 dicendum
1541 1167 1628 1250 quod
1644 1167 1718 1231 sine
1730 1167 1967 1234 distinctionem

421 1274 526 1338 tivum
550 1272 689 1337 nominis
709 1271 894 1348 numerale,
908 1270 993 1353 quod
1006 1274 1188 1347 estunam,
1244 1272 1420 1338 cedendum
1448 1274 1604 1356 estquod
1633 1273 1732 1339 Pater
1764 1280 1798 1340 ct
1821 1274 1908 1340 lilim
1924 1298 1967 1343 ιι

422 1379 674 1444 caditaratione
686 1378 827 1442 nominis
837 1381 868 1441 et
880 1380 1007 1447 tenetru
1019 1375 1189 1440 adverbia·
1244 1398 1349 1444 unum
1380 1380 1575 1463 principium
1605 1380 1753 1466 Spiritus
1778 1386 1883 1447 meti
1903 1384 1966 1451 Etr

422 1485 513 1563 liter,
532 1490 569 1549 ut
584 1486 625 1548 sit
646 1502 757 1549 sensus
777 1505 785 1548 ι
804 1508 820 1545 u
841 1483 931 1548 Pater
948 1486 981 1547 et
1001 1481 1099 1547 Filius
1114 1486 1192 1546 sunt
1245 1486 1323 1551 illud
1340 1488 1426 1570 qaod
1443 1490 1619 1571 quaeritur,
1640 1508 1745 1572 quam
1762 1492 1906 1556 mimam
1920 1495 1967 1557 dx

423 1609 528 1656 unum
538 1590 749 1674 principium,
762 1589 795 1652 id
805 1592 866 1667 cst,
882 1606 948 1652 uno
961 1589 1057 1652 modo
1070 1588 1191 1670 produ·
1244 1594 1322 1674 hoc,
1335 1596 1421 1677 quod
1436 1601 1485 1660 est
1499 1614 1618 1677 mam,
1638 1597 1729 1661 circa
1745 1598 1969 1681 prindpinmd

424 1702 502 1762 cunt
513 1697 582 1762 sive
602 1697 724 1780 spirant
741 1695 895 1779 Spiritum
914 1700 1072 1760 sanctum.
1091 1716 1106 1754 s
1129 1694 1190 1759 Sed
1244 1703 1382 1767 cendum
1394 1705 1479 1787 quod
1495 1724 1571 1769 cum
1585 1705 1649 1770 hoc
1664 1725 1799 1785 nomen,
1810 1711 1968 1789 prm„

423 1806 575 1889 quoniam
595 1805 656 1870 hoc
678 1823 813 1885 nomen,
832 1805 1050 1887 principium,
1073 1803 1191 1867 desua
1246 1811 1284 1874 de
1296 1810 1442 1892 pluribus
1458 1812 1556 1875 simul
1572 1813 1724 1888 dicatur,
1743 1831 1810 1877 non
1826 1820 1971 1896 mmm

423 1913 624 1996 impositione
649 1915 698 1976 esi
721 1929 840 1975 nomen
872 1909 1128 1985 substantivum,
1154 1912 1191 1972 ut
1245 1935 1303 2000 pro
1312 1935 1465 1999 persona:
1479 1924 1511 1982 et
1523 1937 1598 1982 cum
1610 1920 1736 1984 iterum
1747 1921 1971 2004 dicatrespffl

423 2023 523 2102 patet,
538 2038 604 2085 non
622 2019 749 2085 videtur
766 2018 872 2083 adhuc
885 2018 998 2101 positio
1015 2018 1074 2081 ista
1090 2016 1191 2081 ratio-
1245 2024 1285 2088 ad
1300 2042 1479 2106 personam,
1492 2043 1559 2089 non
1574 2030 1683 2108 potest
1693 2032 1779 2091 stare
1793 2047 1851 2110 pro
1863 2032 1971 2093 mli:

307 2139 408 2196 narres
423 2126 546 2190 nabilis.
568 2125 608 2191 Et
626 2125 698 2190 ideo
714 2126 846 2190 fuerunt
864 2125 950 2189 tertii
966 2124 1023 2206 qui
1041 2123 1191 2188 dixerunt
1245 2148 1324 2211 ergo
1338 2149 1464 2195 neeesse
1474 2132 1624 2214 estquod
1634 2138 1700 2197 stet
1714 2152 1775 2217 pro
1789 2136 1973 2201 nationali:

422 2232 507 2314 quod
518 2232 579 2296 hoc
591 2250 725 2307 nomen,
745 2234 960 2314 principiam,
973 2235 1132 2314 quantum
1144 2235 1192 2295 cst
1245 2254 1323 2318 ergo
1339 2237 1454 2302 dicitur
1473 2257 1482 2301 ε
1500 2262 1516 2300 ι
1538 2238 1634 2303 Pater
1653 2244 1689 2303 et
1708 2240 1808 2305 Filius
1824 2248 1893 2306 arnt
1907 2262 1973 2307 m

422 2338 462 2402 de
478 2356 527 2415 se,
542 2340 602 2402 stat
621 2355 680 2420 pro
694 2339 846 2413 essentia,
866 2343 899 2401 et
913 2338 1072 2418 contingit
1083 2339 1190 2419 ipsum
1245 2345 1447 2428 principium,
1460 2368 1476 2405 s
1489 2364 1591 2412 unum
1604 2347 1685 2411 dicit
1698 2349 1854 2412 unitatem
1866 2351 1973 2423 notiam

422 2462 479 2526 per
491 2444 682 2509 additionem
696 2444 780 2507 trahi
800 2443 840 2508 ad
860 2461 1040 2525 personam.
1056 2443 1095 2508 llt
1116 2463 1191 2509 cum
1245 2454 1279 2515 in
1292 2454 1527 2535 comparatione
1541 2459 1653 2519 tamen
1669 2455 1715 2519 ad
1729 2457 1975 2521 unimammas

422 2552 536 2616 dieitur
553 2574 560 2615 :
579 2550 702 2614 «Pater
715 2555 763 2614 est
780 2550 973 2633 principium
991 2549 1074 2626 Filii,
1091 2575 1107 2609 u
1122 2556 1191 2616 tra-
1244 2564 1276 2622 et
1292 2559 1344 2623 vis
1363 2560 1542 2643 spiratiam,
1560 2561 1645 2626 sicut
1667 2562 1791 2644 patebit
1807 2563 1842 2626 in
1859 2563 1913 2627 aio
1926 2581 1975 2645 pn

421 2660 510 2725 hitur
524 2661 564 2725 ad
577 2677 745 2743 personam
759 2658 874 2737 Patris;
897 2660 1025 2741 wando
1046 2676 1123 2724 vero
1141 2661 1191 2724 di·
1245 2667 1396 2748 blemate,
1416 2674 1453 2734 ut
1465 2674 1552 2753 patet
1568 2689 1611 2734 ex
1627 2672 1803 2754 praedictis.

422 2767 505 2832 citur
524 2785 533 2831 τ
551 2792 567 2829 u
586 2765 678 2832 Pater
697 2771 730 2831 et
745 2766 843 2831 Filius
859 2784 964 2830 unum
980 2770 1058 2830 sunt
1072 2768 1190 2850 princi·
1285 2779 1314 2838 l.
1341 2775 1389 2839 Ad
1415 2776 1495 2841 illud
1518 2778 1606 2859 quod
1634 2780 1793 2860 objicitur
1816 2778 1976 2862 pom

423 2876 513 2958 pium
526 2876 661 2959 Spiritus
674 2875 790 2954 sancti,
806 2896 821 2934 s
840 2878 901 2937 stat
915 2892 973 2957 pro
987 2877 1122 2940 essentia
1139 2879 1191 2943 vel
1244 2881 1330 2964 quod
1345 2883 1406 2946 hoc
1417 2883 1613 2967 principium
1625 2903 1698 2949 non
1714 2890 1766 2950 est
1777 2886 1862 2959 illud,
1873 2886 1977 2949 deu

423 2988 557 3064 natura,
583 2982 792 3065 inquantum
812 2986 920 3049 tamen
942 2986 989 3045 est
1010 2983 1045 3046 in
1066 2983 1192 3049 duabus
1244 2992 1327 3055 trato
1347 2987 1439 3054 Patre
1459 2994 1492 3055 et
1508 2990 1605 3070 Filio;
1628 2993 1819 3075 responderi
1837 2990 1977 3076 poturo
2027 3034 2028 3127 1

424 3088 567 3175 personis
578 3108 587 3153 ι
598 3093 629 3154 et
637 3087 714 3153 illud
725 3087 852 3154 videtur
859 3105 1033 3154 consonare
1040 3089 1190 3156 Anselmo
1245 3095 1366 3178 pliciter
1381 3117 1389 3161 ι
1405 3098 1521 3180 primo,
1535 3098 1622 3181 quod
1637 3117 1709 3164 non
1722 3105 1825 3183 potest
1834 3100 1892 3165 dici
1903 3098 1976 3162 luce

424 3198 540 3263 dicenti
565 3204 594 3276 ¹,
621 3196 707 3279 quod
729 3195 822 3260 Peter
840 3200 872 3260 et
894 3195 993 3260 Filius
1013 3197 1134 3280 spirant
1157 3199 1191 3262 in
1244 3202 1333 3283 illud,
1353 3204 1429 3286 quia
1444 3224 1503 3288 per
1518 3205 1669 3288 regulam
1684 3225 1759 3271 non
1771 3208 1849 3271 cadit
1859 3205 1974 3270 affl

424 3309 581 3388 qnantum
612 3307 746 3386 uterque
776 3304 861 3368 idem
892 3304 985 3369 Deus.
1013 3305 1053 3369 Et
1081 3307 1191 3371 dicunt
1244 3310 1306 3374 nisi
1327 3311 1382 3375 uhi
1401 3315 1449 3376 est
1466 3330 1508 3377 ex
1525 3312 1661 3376 diversis
1680 3314 1791 3377 musis
1806 3315 1878 3377 unio
1894 3332 1904 3375 ε
1919 3329 1975 3393 qm
2026 3265 2027 3344 i

424 3413 510 3496 quod
527 3429 627 3478 unum
645 3412 720 3476 dicit
738 3412 894 3476 unitatem
919 3412 1002 3477 circa
1019 3413 1106 3478 hunc
1127 3418 1192 3480 ter·
1245 3416 1333 3480 niam
1351 3418 1451 3499 igitur
1472 3418 1552 3483 nnio
1568 3419 1762 3483 omnimoda
1774 3425 1821 3483 est
1837 3420 1869 3482 in
1883 3419 1975 3482 nom!

424 3523 549 3587 minum
565 3522 782 3603 principium,
803 3538 869 3583 non
882 3538 1045 3602 personae,
1064 3521 1118 3585 sed
1141 3541 1192 3586 es-
1245 3525 1408 3608 principii,
1428 3526 1474 3591 ita
1488 3526 1576 3609 quod
1595 3545 1664 3590 non
1679 3526 1972 3610 multiplicetnmids
2025 3479 2026 3558 i

422 3629 1188 3713 sentiaevelnaturae‚ulestinduab11spersonis.
1245 3649 1311 3695 non
1328 3637 1375 3696 est
1390 3633 1436 3697 ibi
1456 3633 1519 3698 hoc
1541 3637 1574 3697 et
1587 3633 1681 3697 illud.
1710 3633 1810 3697 Aliter
1830 3639 1920 3716 potest
1935 3631 1973 3692 si

423 3738 483 3804 Sed
509 3738 662 3822 quoniam
693 3738 894 3820 Augustinus
923 3738 1053 3804 videtur
1087 3741 1191 3806 dicere
1245 3738 1348 3821 quod,
1375 3758 1450 3803 cum
1474 3740 1590 3804 dicitur
1616 3739 1679 3803 hoc
1702 3744 1738 3803 et
1762 3739 1855 3816 illud,
1881 3745 1925 3802 ad
1940 3737 1974 3797 d*

422 3848 508 3930 quod
530 3847 723 3930 principium
745 3845 864 3909 dictum
884 3846 923 3910 de
946 3846 1038 3912 Patre
1058 3852 1090 3912 et
1109 3848 1191 3915 Filio
1245 3852 1400 3912 monstrat
1433 3848 1588 3923 formam,
1618 3850 1677 3911 aut
1711 3848 1918 3929 suppositam.
1938 3855 1972 3905 κ

421 3955 504 4020 dieat
524 3955 686 4020 notionem
710 3971 932 4034 communem,
956 3954 1100 4019 similiter
1124 3955 1191 4021 Ma·
1244 3957 1420 4038 utrumque
1440 3956 1496 4019 :si
1510 3955 1660 4028 formam,
1677 3954 1760 4017 falsa
1772 3955 1875 4028 est3si
1891 3967 1971 4034 sappo

422 4064 522 4146 gister
537 4064 611 4128 dicit
628 4063 742 4128 ultimo
755 4063 872 4145 eapite,
893 4062 979 4145 quod
999 4063 1075 4127 dicit
1088 4063 1191 4128 unita·
1244 4061 1353 4141 sitnm,
1368 4062 1420 4126 vel
1433 4067 1617 4144 utrumqne,
1637 4079 1719 4123 vera
1735 4066 1785 4123 est
1801 4061 1909 4124 radone
1919 4076 1971 4138 sap
2022 4099 2023 4110 .

421 4175 486 4233 tem
507 4169 663 4249 nononis,
685 4172 717 4233 et
733 4168 924 4251 principium
942 4168 1094 4250 importat
1109 4170 1191 4234 rela-
1244 4170 1337 4250 positi
1353 4193 1360 4233 ε
1376 4174 1408 4234 et
1423 4169 1494 4233 ideo
1509 4187 1574 4232 non
1590 4165 1969 4249 sequiturquodomqu
2022 4113 2023 4206 i

419 4276 558 4354 tionem,
574 4281 606 4341 et
624 4276 760 4341 essentia
781 4275 846 4342 non
865 4278 1019 4357 retertur3
1039 4277 1109 4342 ideo
1131 4296 1190 4342 nec
1243 4277 1346 4340 forma
1372 4294 1440 4340 non
1465 4273 1706 4358 multiplicatur.
1736 4271 1883 4337 Similiter
1901 4279 1967 4354 p&

421 4384 478 4449 iste
498 4385 612 4450 modus
635 4388 681 4448 est
697 4383 952 4449 adhuc'omnino
974 4386 1188 4465 conveniens,
1243 4381 1338 4463 argui
1350 4381 1385 4445 in
1396 4382 1458 4446 hoc
1472 4383 1618 4461 nomine,
1637 4384 1732 4450 nuo.
2021 4355 2022 4422 i

342 4518 353 4547 ι
379 4505 406 4578 [e-
420 4491 492 4555 lieet
503 4492 543 4555 sit
559 4491 630 4555 eliis
643 4490 845 4573 probabilior.
862 4489 901 4553 Et
912 4490 1190 4574 ideoestquartus
1282 4493 1387 4554 seta.
1403 4489 1529 4554 Adduo
1544 4493 1713 4573 sequenda
1731 4483 1966 4575 respomertt*

368 4580 406 4613 '¹¹‘
420 4598 535 4664 modus
549 4596 691 4675 dicendi,
712 4597 798 4679 quod
821 4596 882 4661 hoc
904 4616 1040 4678 nomen,
1060 4601 1190 4681 prinei-
1242 4595 1317 4660 dam
1329 4597 1415 4680 quod
1426 4598 1487 4662 hoc
1499 4616 1631 4676 nomen,
1645 4602 1853 4683 principium,
1866 4615 1920 4662 nm
1928 4611 1964 4676 pt

418 4707 520 4788 pium,
538 4708 599 4770 stat
616 4723 674 4788 pro
688 4705 828 4784 notione,
848 4709 1036 4771 nontamen
1050 4706 1086 4770 in
1101 4725 1190 4772 eom·
1243 4707 1303 4769 test
1313 4705 1437 4788 subjici,
1449 4724 1509 4770 nec
1521 4707 1683 4791 adipsum
1694 4709 1869 4792 potentiori
1879 4705 1963 4770 rem

419 4816 582 4898 paratione
601 4814 642 4877 ad
661 4813 880 4896 suppositum,
904 4813 960 4878 sed
979 4815 1020 4879 ad
1039 4817 1189 4879 naturam
1242 4813 1320 4895 quia
1337 4817 1464 4878 tenetur
1484 4814 1652 4897 arljective.
1672 4816 1732 4881 Sed
1749 4816 1825 4880 illud
1843 4815 1961 4879 niuis.

419 4927 451 4987 et
466 4922 535 4986 vim
552 4921 739 5004 spirativam
755 4942 763 4984 :
779 4924 811 4985 et
825 4938 929 4985 unum
946 4920 1097 5002 importat
1111 4922 1188 4985 uni-
1243 4919 1320 5000 qnia
1337 4939 1455 4985 nomen
1473 4923 1792 4988 estsubstnntirum:
1809 4940 1880 5003 ugo
1895 4923 1961 5002 pn

419 5033 517 5094 tatem
540 5030 624 5094 eirea
646 5029 773 5112 ipsum,
795 5028 971 5092 seeundum
993 5028 1077 5110 quod
1101 5023 1189 5093 com-
1242 5025 1355 5108 subjici
1369 5026 1598 5110 etpraedimri,
1613 5030 1698 5095 etad
1714 5023 1960 5096 eumrntdiodm

418 5138 495 5220 petit
508 5138 579 5217 ejus
592 5135 778 5218 acceptioni.
797 5134 835 5198 ut
850 5133 911 5199 hoc
924 5140 1009 5217 patet
1024 5136 1070 5200 sic
1087 5158 1094 5200 ε
1115 5155 1189 5202 cum
1243 5131 1320 5197 Etsi
1333 5133 1438 5198 dicant
1452 5135 1539 5217 quod
1554 5137 1596 5201 ad
1609 5137 1675 5202 hoc
1687 5139 1842 5203 inventum
1852 5127 1958 5199 astilit

419 5243 506 5308 enim
520 5243 612 5308 Pater
626 5246 658 5307 et
672 5241 774 5306 Filius
788 5242 908 5324 spirent
923 5241 1077 5325 Spiritum
1097 5262 1187 5308 sanc·
1243 5238 1325 5303 nihil
1338 5244 1395 5317 est,
1410 5242 1487 5323 quia
1499 5259 1570 5306 non
1583 5248 1692 5326 potest
1703 5243 1833 5329 probari,
1842 5247 1868 5305 et
1876 5239 1958 5302 nau

419 5352 489 5414 tum
504 5350 540 5413 in
553 5353 710 5432 quantum
725 5366 812 5413 unus
824 5348 907 5413 Deus
919 5349 1186 5432 improcessibilis‚
1242 5349 1383 5414 inventio
1401 5350 1495 5415 debet
1514 5351 1643 5419 habere
1662 5343 1958 5430 maenomenon

454 5474 595 5540 mnsam„
609 5475 693 5541 Epist.
707 5473 737 5525 de
748 5487 856 5541 praeese.
870 5474 962 5540 spirit.
972 5475 1063 5526 suncti.
1242 5455 1356 5522 demus
1367 5456 1453 5539 quod
1471 5462 1580 5540 potest
1600 5461 1679 5528 fleri
1693 5463 1815 5543 rdatio,
1827 5455 1887 5526 Μ’
1900 5453 1957 5517 d&
