4100 6300
676 521 788 593 nist.
807 526 845 594 ll.
867 525 1017 607 Quasi.
1039 525 1092 595 lv.

137 659 170 720 t.
186 655 239 722 Ad
257 656 408 722 ultimum
423 658 509 742 quod
526 659 686 745 objicitur,
706 663 792 746 quod
806 682 866 746 po-

97 764 210 830 tentiae
223 768 315 831 estse
326 766 553 852 multiplicare3
566 770 752 852 dicendum,
767 771 864 856 quod,

96 891 164 937 non
177 875 271 939 omni
288 875 383 941 modo
404 876 613 961 multiplicare
631 898 680 956 se,
694 884 741 946 est
753 884 865 966 poten-

95 979 167 1059 tiae;
187 980 246 1045 sed
265 982 399 1065 perfecte
415 983 625 1069 multiplicare
645 1005 697 1067 se,
716 988 866 1071 potentie

96 1092 158 1168 est,
174 1090 207 1152 et
222 1090 372 1155 usuvenit
383 1089 447 1157 lieo
462 1114 470 1156 ε
484 1111 551 1159 non
563 1095 708 1178 sequitur
718 1114 797 1178 ergo
809 1094 863 1180 (a),

95 1194 202 1278 magis
220 1212 256 1260 se
277 1197 489 1281 multiplicare
506 1203 554 1264 est
574 1201 676 1284 major
696 1202 863 1285 perfectio,

93 1300 157 1364 nisi
184 1301 385 1387 intelligatur
400 1291 547 1387 'perlecta
572 1307 658 1373 :sed
682 1307 806 1375 infinite
831 1328 865 1375 se

94 1407 312 1491 multiplicare
325 1411 504 1477 seeundum
523 1431 717 1493 numerum,
735 1419 783 1480 est
802 1415 865 1480 im·

93 1515 233 1598 periente
246 1537 255 1582 ι
270 1515 342 1584 ideo
354 1536 423 1585 non
438 1521 586 1587 usuvenit
598 1521 672 1588 Deo.

339 1731 532 1826 'ounsuo
552 1748 603 1815 rr.

181 1900 229 1960 Aa
241 1906 296 1961 tres
310 1906 417 1961 matum
429 1907 486 1962 siat
498 1905 599 1965 divina
614 1922 733 1979 perrone
753 1913 773 1966 ¹.

12 2057 80 2166 {du-
132 2054 248 2120 Utrum
261 2054 298 2120 in
310 2055 428 2122 divinis
443 2058 586 2140 personis
601 2058 642 2124 sit
655 2078 773 2142 ponere
790 2062 862 2128 Tri-

93 2162 239 2243 nitatem3
271 2168 305 2229 et
325 2164 412 2247 quod
430 2183 514 2243 non,
539 2166 606 2233 imo
630 2170 734 2252 magis
754 2171 860 2237 dueli-

92 2274 203 2349 tatem,
223 2270 402 2336 ostenditur
420 2271 467 2336 sie
488 2295 496 2338 :
520 2271 630 2356 Peter,
652 2279 756 2342 totum
776 2280 861 2361 quod

92 2380 209 2459 potest,
229 2377 285 2443 dat
302 2376 407 2442 lilio:
428 2378 484 2443 sed
503 2379 560 2463 qni
583 2380 637 2446 dat
653 2385 757 2448 totum
775 2386 877 2469 quod.

91 2487 207 2566 potest,
221 2503 290 2549 non
312 2488 414 2569 potest
433 2485 572 2571 emplius
591 2488 666 2555 dare
681 2512 689 2554 :
705 2509 784 2574 ergo
802 2511 862 2557 nee

92 2591 183 2657 aliam
210 2610 383 2677 personam
405 2594 598 2678 pmduoere,
623 2615 698 2661 enm
714 2595 798 2664 illud
819 2600 862 2665 sit

92 2698 175 2766 dare.

129 2810 159 2870 Ξ.
175 2805 275 2888 Item,
293 2806 386 2873 Peter
404 2811 539 2890 generat
556 2801 691 2891 Filium,
707 2816 860 2897 tauquam

93 2912 229 2979 Verbum
251 2931 312 2997 per
331 2915 442 2980 omnia
458 2916 599 2999 equale,
621 2922 651 2982 et
673 2937 730 3002 per
751 2920 861 2985 omnia

93 3021 212 3102 disens,
233 3027 265 3087 et
279 3023 464 3106 exprimens
482 3024 589 3108 ipsum
605 3044 613 3089 ε
629 3027 683 3092 sed
701 3027 858 3111 multipli-

93 3128 171 3194 catio
183 3147 396 3214 personarum
410 3134 458 3197 eat
476 3132 517 3199 sd
532 3131 777 3200 declarationem
790 3136 859 3201 vir-

93 3238 165 3303 tutis
179 3257 188 3303 :
203 3257 285 3321 ergo
307 3238 435 3305 ridetur
454 3241 541 3324 quod
559 3242 738 3326 superfluat
758 3244 858 3309 alium

93 3344 273 3426 producere.

130 3455 160 3517 3.
178 3452 274 3535 ltem,
298 3455 473 3522 ostenditur
492 3457 578 3541 quod
598 3458 643 3522 ibi
661 3458 774 3524 debeat
791 3478 860 3543 esse

95 3562 286 3642 quaternitas
298 3580 357 3646 per
368 3565 526 3631 rationem
538 3567 749 3632 emanationis
761 3589 769 3632 ε
783 3569 860 3651 quia

96 3667 176 3732 enim
189 3667 291 3735 Filius
305 3675 433 3737 emanat
447 3689 504 3756 per
517 3674 777 3755 generationem,
792 3693 859 3740 non

97 3794 150 3856 per
160 3777 408 3860 processionem
424 3780 510 3859 ideo,
524 3780 673 3863 quamue
684 3800 749 3845 non
760 3800 859 3865 gene·

97 3885 158 3962 ret,
180 3887 289 3951 tamen
312 3885 459 3968 spirando
480 3887 651 3970 producit:
671 3889 782 3953 eadem
804 3908 857 3954 ra-

97 3990 176 4056 tione
187 3990 315 4059 videtur
327 3994 413 4077 quud
428 3992 565 4077 Spiritus
577 3999 723 4072 sanetus,
744 4014 860 4080 quam-

98 4097 143 4161 ris
153 4117 218 4165 uon
230 4100 387 4185 producat
398 4101 564 4185 spirando,
577 4103 675 4186 possit
689 4121 855 4185 generare,

98 4203 160 4268 sive
172 4210 321 4287 generet,
336 4225 411 4272 eum
423 4227 490 4273 nou
507 4212 691 4291 generetur.

134 4316 163 4376 t.
178 4312 276 4396 item,
291 4333 368 4381 eum
380 4315 414 4380 iu
428 4316 545 4384 divinis
556 4316 599 4382 sit
611 4317 731 4401 duplex
743 4320 859 4385 modus

99 4418 301 4501 producendi,
324 4420 445 4488 seilicet
462 4420 549 4489 unus
567 4443 626 4509 per
646 4426 781 4492 modum
795 4446 859 4492 na-

98 4527 186 4608 ture,
199 4528 280 4594 alius
292 4548 350 4613 per
361 4530 493 4597 modum
506 4532 690 4611 voluntatis,
703 4539 734 4599 et
744 4535 788 4600 ihi
802 4536 859 4601 de-

14 4694 16 4697 .
99 4630 166 4698 beat
177 4653 242 4701 esse
254 4637 410 4722 eompleta
423 4639 505 4703 ratio
516 4639 752 4722 productionis3
767 4641 860 4708 vide·

100 4744 150 4805 tur
161 4744 253 4810 edam
273 4746 359 4829 quod
374 4745 419 4811 ibi
434 4746 547 4812 debeat
566 4765 634 4813 esse
650 4748 766 4814 modus
782 4770 857 4834 pro-

101 4847 228 4915 duoendi
238 4854 350 4918 tertius
361 4873 418 4937 per
430 4855 564 4919 modum
576 4855 653 4920 artis
666 4875 676 4920 r
691 4856 785 4938 sisio,
799 4859 859 4924 erit

101 4955 143 5020 ibi
167 4976 282 5040 ponere
302 4962 450 5043 quartam
467 4980 657 5045 personam,
680 4966 858 5031 seeundum

101 5060 183 5130 hune
194 5067 324 5132 modum
339 5069 546 5151 produoendi.

138 5170 196 5237 Sed
207 5180 328 5256 eontra,
344 5175 431 5260 quod
450 5177 491 5240 sit
504 5176 550 5241 ibi
564 5175 701 5242 Trinitas
714 5183 857 5259 tantum,

133 5288 140 5322 ¹
152 5287 190 5351 cs.
199 5291 226 5341 S.
235 5290 354 5355 Thomas,
365 5293 373 5340 l
385 5308 423 5357 p.,
436 5306 461 5358 q.
474 5305 536 5357 xxx,
550 5298 599 5346 art.
610 5298 641 5346 2:
654 5295 748 5362 AEgid,
759 5297 768 5346 l
778 5297 857 5358 Seni,

103 5357 156 5410 dist.
166 5371 192 5424 x,
206 5374 232 5427 q.
244 5374 289 5427 ιιι,
305 5364 443 5430 llenrieus,
463 5365 490 5417 iu
503 5367 623 5431 Summa,
645 5372 693 5419 art.
707 5381 764 5434 aur,
773 5383 799 5434 q.
813 5381 856 5434 ιιι,

103 5428 233 5484 ltlehardus
240 5471 249 5498 ,
273 5436 281 5485 l
303 5436 382 5501 Stat,
394 5435 454 5489 dist.
468 5448 503 5503 ιι,
516 5442 563 5491 art.
577 5450 596 5491 ιι
603 5455 612 5503 3
635 5440 740 5503 Seuere,
755 5442 765 5492 l
778 5442 857 5503 sent,

134 5511 163 5574 tu)
177 5513 356 5583 Supsequor.
400 5533 403 5541 ·

1649 535 1693 599 tr

919 664 1098 731 ostenditur
1108 682 1150 730 ex
1167 664 1443 749 suppositionibus
1455 664 1604 749 superius
1622 665 1690 731 tae·
1725 690 1810 738 rou

919 770 961 835 tls
985 789 993 836 ε
1013 772 1091 854 quia
1112 789 1239 837 neeesse
1260 773 1308 837 est
1331 772 1367 837 in
1383 771 1439 837 illa
1455 771 1607 839 Trinitate
1623 790 1692 839 esse
1703 759 1782 800 Μ

919 878 1166 957 beatitudinem,
1180 880 1421 963 perlectionem,
1436 879 1688 963 simplieitatem,

919 986 1124 1069 primitatem.
1148 986 1197 1052 Ex
1220 987 1324 1069 prima
1343 987 1557 1070 suppositione
1579 990 1689 1052 osten·
1717 1025 1725 1039 ι

918 1092 1006 1158 ditur
1018 1094 1065 1159 sie
1081 1118 1088 1160 :
1104 1093 1138 1160 Si
1152 1099 1199 1160 est
1211 1095 1255 1158 ibi
1268 1112 1396 1159 summa
1412 1092 1593 1173 beatitudo,
1608 1111 1687 1176 ergo

919 1219 1048 1267 summa
1059 1203 1243 1281 coneordia;
1259 1219 1338 1285 ergo
1353 1206 1400 1266 est
1412 1219 1542 1266 summa
1557 1218 1687 1284 germa-

919 1307 1016 1388 nitas,
1032 1323 1161 1373 summa
1173 1307 1310 1373 charitas
1330 1329 1337 1371 :
1354 1307 1410 1372 sed
1423 1308 1450 1371 si
1464 1312 1570 1373 essent
1581 1308 1690 1391 plures

919 1432 1018 1497 quam
1040 1416 1122 1496 tres,
1143 1432 1211 1481 non
1232 1418 1314 1479 esset
1336 1414 1381 1478 ibi
1403 1432 1534 1479 summe
1556 1434 1688 1499 germe-

918 1518 1020 1596 uitas;
1046 1517 1074 1582 si
1096 1520 1281 1602 pauciores,
1303 1535 1369 1582 non
1390 1522 1471 1582 esset
1492 1517 1538 1582 ihi
1561 1536 1690 1585 summa

918 1623 1055 1690 charites
1073 1647 1081 1690 :
1101 1643 1181 1708 ergo
1199 1629 1275 1691 sunt
1291 1627 1356 1690 tres
1377 1629 1514 1691 tantum.
1536 1624 1683 1692 Probatio

919 1734 1062 1800 minoris.
1079 1734 1113 1801 Si
1126 1739 1174 1800 est
1186 1735 1231 1799 ibi
1243 1738 1358 1818 quarta
1373 1752 1526 1817 persona,
1542 1740 1599 1801 aut
1612 1754 1685 1820 pro-

918 1840 1000 1905 sedit
1011 1840 1143 1921 abana,
1158 1846 1245 1907 auta
1256 1841 1396 1920 duabus,
1410 1844 1468 1907 aut
1480 1860 1500 1906 a
1513 1842 1683 1908 tribusrsi

917 1949 958 2013 ab
977 1967 1045 2014 una
1062 1948 1113 2015 vel
1129 1949 1256 2015 duabus
1268 1952 1413 2029 tantum,
1434 1952 1512 2013 tuno
1531 1967 1599 2015 non
1616 1968 1687 2033 per·

916 2056 994 2122 teate
1014 2058 1046 2121 et
1061 2056 1225 2140 aequaliter
1244 2056 1394 2122 usuvenit
1413 2075 1489 2121 eum
1512 2057 1681 2138 omnihus;

916 2163 1067 2229 siautem
1084 2164 1238 2245 utribus,
1253 2168 1330 2229 tune
1343 2165 1417 2230 duas
1429 2182 1574 2247 personae
1585 2166 1684 2230 inter-

916 2269 1031 2335 media
1044 2271 1148 2352 magis
1160 2270 1356 2336 conveniunt
1369 2272 1409 2336 ad
1428 2272 1569 2338 invicem
1582 2291 1681 2355 quam

915 2395 990 2442 eum
1003 2378 1171 2458 extremis,
1192 2380 1269 2463 quia
1281 2380 1503 2462 producuntur
1518 2384 1550 2444 et
1561 2380 1680 2464 produ·

908 2489 1008 2576 ruunt,
1027 2486 1114 2550 etita
1134 2504 1199 2551 non
1212 2491 1260 2551 est
1275 2486 1319 2550 ibi
1333 2487 1493 2570 perlaetus
1504 2504 1621 2552 nexus.

954 2591 1050 2673 ltem,
1070 2593 1097 2657 si
1109 2597 1214 2658 esseut
1232 2593 1397 2677 pauciores
1411 2611 1510 2677 quam
1523 2598 1603 2673 tres,
1618 2611 1685 2658 non

913 2703 996 2765 esset
1015 2700 1061 2765 ibi
1084 2702 1220 2785 perlecta
1246 2700 1401 2781 eharitss3
1424 2702 1502 2785 quia
1524 2701 1685 2785 perlectus

913 2826 1015 2888 amor,
1038 2812 1071 2872 et
1095 2811 1144 2873 est
1160 2807 1321 2886 liberalis,
1345 2812 1377 2872 et
1399 2812 1447 2873 est
1472 2807 1682 2873 eommunis:

913 2914 990 2998 quia
1003 2915 1158 2995 liberalis,
1174 2914 1246 2980 ideo
1258 2915 1359 2981 tendit
1378 2915 1418 2980 ad
1437 2913 1593 2994 alterum3
1608 2915 1685 2998 quia

913 3022 1104 3101 eommunis,
1119 3022 1190 3087 ideo
1202 3022 1273 3088 vult
1285 3023 1386 3087 ulium
1399 3021 1490 3104 diligi
1503 3022 1543 3086 ab
1557 3023 1657 3087 altero
1673 3045 1681 3087 ε

912 3127 1026 3193 sieuta
1038 3146 1087 3209 se,
1102 3133 1134 3195 et
1147 3130 1218 3195 vult
1229 3130 1365 3213 diligere
1379 3130 1517 3196 alterum
1528 3130 1612 3195 sieut
1622 3148 1657 3196 se
1672 3147 1681 3194 r

913 3253 992 3317 ergo
1015 3239 1064 3301 est
1084 3235 1130 3300 ihi
1154 3236 1296 3314 dileetio,
1322 3242 1354 3303 et
1377 3236 1565 3313 eondileetio
1589 3256 1599 3301 r
1621 3238 1684 3303 hoo

912 3346 1021 3407 autem
1040 3361 1108 3409 non
1128 3347 1231 3428 potest
1250 3362 1318 3409 esse
1338 3343 1446 3409 minus
1460 3362 1561 3427 quam
1575 3343 1611 3409 in
1623 3345 1684 3408 tri·

912 3450 984 3516 hus.
999 3450 1048 3515 Ex
1058 3452 1196 3517 secunda
1209 3452 1424 3535 suppositione
1437 3451 1483 3517 sie
1500 3472 1509 3516 ι
1526 3450 1561 3517 Si
1574 3455 1622 3515 est
1636 3453 1683 3518 ibi

913 3574 1042 3621 summa
1061 3558 1231 3640 perfectio,
1252 3577 1331 3641 ergo
1351 3577 1486 3642 persona
1505 3564 1683 3644 producens

912 3664 1048 3747 perfecte
1067 3665 1229 3749 producit,
1253 3669 1285 3731 et
1305 3670 1464 3749 qnantum
1484 3669 1525 3734 ad
1548 3671 1680 3735 modum

912 3770 1124 3852 producendi,
1136 3776 1169 3837 et
1180 3777 1338 3856 meantum
1350 3774 1391 3839 ad
1403 3793 1481 3840 enm
1493 3777 1551 3860 qui
1564 3779 1681 3860 produ·

912 3878 995 3944 citur
1008 3898 1018 3943 z
1033 3880 1088 3946 sed
1100 3899 1167 3946 non
1183 3881 1342 3965 reperitur
1355 3883 1418 3947 nisi
1431 3883 1552 3967 duplex
1564 3885 1681 3951 modus

912 3986 1108 4069 producendi
1120 3988 1253 4069 nobilis3
1273 4008 1370 4055 omne
1382 3991 1470 4055 enim
1488 4011 1607 4074 agens,
1622 3997 1690 4059 ant*

912 4094 982 4176 agit
998 4114 1057 4179 per
1073 4096 1207 4161 modum
1230 4102 1376 4178 naturae,
1395 4103 1453 4164 aut
1470 4117 1529 4183 per
1547 4100 1681 4165 modum

912 4201 1102 4281 voluntatis,
1123 4203 1206 4268 sieut
1223 4205 1295 4270 vrrlt
1309 4204 1521 4289 Philosophus
1540 4209 1552 4244 ⁸
1572 4229 1580 4272 ε
1599 4226 1680 4290 ergo

912 4314 963 4378 his
978 4314 1104 4379 duobus
1125 4314 1243 4396 modis,
1265 4321 1298 4381 et
1316 4321 1443 4381 tantum
1464 4318 1532 4394 his,
1555 4321 1679 4402 produ-

912 4422 955 4486 eit
967 4424 978 4461 ⁸
992 4423 1066 4487 :sed
1078 4440 1214 4505 persona
1225 4425 1379 4508 producta
1390 4425 1532 4509 quolibet
1543 4427 1680 4494 istorum

913 4528 1082 4594 modulum
1102 4533 1150 4594 est
1163 4531 1390 4614 perfectissime
1407 4552 1416 4596 z
1436 4551 1533 4615 ergo,
1553 4535 1580 4599 si
1599 4535 1683 4601 ultra

912 4635 1137 4719 perlectionem
1157 4641 1205 4702 est
1224 4654 1321 4703 omne
1341 4637 1427 4720 quod
1447 4640 1631 4723 superflui,
1651 4646 1684 4707 et

912 4742 998 4827 quod
1011 4746 1059 4809 est
1072 4744 1164 4821 citra,
1179 4743 1301 4822 delicit,
1321 4761 1450 4809 neeesse
1463 4748 1510 4809 est
1524 4764 1593 4811 esse
1608 4751 1682 4813 tan·

913 4855 983 4917 tum
996 4853 1077 4917 duas
1094 4870 1244 4934 personas
1260 4854 1461 4932 emanantes,
1476 4856 1509 4917 et
1524 4870 1591 4919 non
1607 4854 1682 4937 plu-

912 4980 974 5044 res,
986 4981 1046 5027 neo
1058 4962 1233 5045 pauciores,
1246 4966 1278 5026 et
1289 4978 1389 5027 unam
1402 4979 1496 5045 aqua
1507 4969 1681 5029 emanant:

913 5090 992 5153 ergo
1004 5074 1131 5136 tantum
1142 5073 1218 5134 tres.
1236 5134 1237 5137 ,

954 5177 1050 5256 item,
1081 5195 1122 5242 ex
1141 5177 1236 5242 tertia
1256 5177 1301 5242 sie
1324 5201 1331 5243 :
1355 5176 1389 5243 Si
1411 5181 1459 5243 est
1480 5178 1526 5244 ibi
1552 5197 1683 5245 summa

913 5303 972 5355 dist.
982 5314 1015 5366 ιι,
1030 5317 1056 5369 q.
1067 5314 1095 5365 νς
1111 5302 1255 5366 limandus,
1270 5304 1280 5353 l
1294 5304 1374 5366 seut,
1387 5302 1446 5355 dist.
1459 5315 1494 5369 ιι,
1508 5318 1535 5368 q.
1548 5316 1574 5356 rr
1580 5320 1588 5368 3
1604 5306 1683 5357 Fran·
1811 5306 1815 5314 '

913 5375 996 5426 uiscus
1005 5376 1038 5426 de
1052 5375 1143 5440 ltayr,
1159 5376 1168 5424 t
1183 5375 1264 5436 Sena,
1283 5374 1342 5425 dist.
1360 5387 1396 5437 ιι,
1411 5390 1438 5440 q.
1456 5387 1494 5427 lx.
1511 5402 1543 5413 -
1566 5377 1576 5407 ²
1594 5377 1681 5441 Arist,

912 5447 1011 5514 Pipae.
1025 5447 1070 5498 tib.
1081 5447 1114 5511 ll,
1128 5449 1240 5500 context.
1260 5450 1298 5500 49.
1307 5473 1337 5485 -
1350 5445 1362 5483 ⁸
1376 5447 1465 5500 Coucl.
1480 5449 1560 5509 Soet,
1574 5448 1634 5502 dist.
1645 5462 1682 5515 ιι,

913 5522 979 5585 part.
995 5519 1122 5584 ll,q.1a
