4100 6300
703 461 895 530 lllS'llNGl'.
917 462 1022 530 Xlllll.
1603 465 1663 524 tlt

400 615 469 662 oua.
491 615 514 661 1.
936 596 1029 680 Resp.
1044 596 1219 662 Dicendum
1237 596 1322 680 quod
1339 594 1433 664 aliud
1447 614 1514 661 non
1530 595 1606 661 dicit
1618 597 1665 662 ibi

87 735 120 787 lb
131 732 275 784 suanorum
287 730 396 796 presule
408 731 582 796 hypostaseon
595 731 729 784 novellum
740 745 839 784 nomen
894 704 1112 771 dimitam
1133 723 1154 769 8
1175 708 1264 788 Parte
1277 705 1325 769 fei
1346 704 1519 784 fflllltaes
1533 703 1588 768 fied
1607 722 1665 788 1)θῖ

226 815 296 853 ⁸³¹⁰
309 801 415 852 ΜΗΘ
428 803 544 853 ¹³⁰¹¹²⁸¹¹⁰
558 802 677 868 axtgitur.
895 812 1164 895 comparationem
1170 812 1212 877 ad
1218 812 1377 877 dicentem
1382 815 1414 877 et
1419 811 1663 894 intelligentem,

121 921 282 1003 ObJ'icitur,
307 923 334 982 si
354 923 401 984 est
421 919 584 984 novellum
603 938 739 996 nomen,
763 938 839 984 eum
895 919 988 1003 quasi
1000 919 1107 984 dicat:
1127 919 1252 985 «Aliud
1265 925 1312 986 est
1324 920 1518 1001 intelligere,
1532 918 1600 983 sive
1613 917 1665 983 di-

84 1026 840 1112 Apostolusdicatodltmottuum¹,vocumnovi-
894 1043 976 1106 cere,
992 1031 1115 1108 patrem
1133 1045 1299 1109 generare,
1321 1031 1353 1093 et
1371 1026 1557 1110 hujusmodi
1572 1046 1581 1090 ι
1598 1046 1614 1086 s
1634 1028 1666 1090 et

91 1140 163 1200 tates
175 1153 240 1198 esse
252 1134 408 1211 vitandas,
422 1134 512 1198 nullo
524 1134 620 1200 modo
636 1134 745 1200 debuit
760 1152 839 1199 eon-
894 1131 971 1197 huie
990 1132 1108 1198 metati
1127 1151 1192 1198 non
1210 1136 1319 1200 subest
1332 1134 1497 1201 diversitas
1506 1132 1662 1212 asenuae,

81 1241 193 1305 cedere.
208 1238 366 1304 Praeterea
379 1239 591 1305 Damasoenus
605 1240 840 1324 dicitquodhy·
895 1240 948 1305 sed
958 1240 1068 1305 alietas
1079 1241 1293 1324 proprietatis.

81 1347 204 1431 postasis
229 1351 276 1410 est
304 1347 481 1411 substantia
501 1366 577 1412 eum
601 1348 837 1413 accidentibus:

80 1457 132 1520 scd
143 1456 177 1518 in
187 1455 304 1521 divinis
314 1471 381 1519 non
393 1454 476 1519 cadit
487 1454 841 1538 accidenstigiturnec
1214 1456 1283 1503 ΜΒ·
1303 1456 1348 1503 W·

80 1581 194 1627 nomen
206 1562 401 1645 hypostasis3
414 1562 526 1643 igitur,
541 1567 600 1628 ete.
884 1576 928 1627 ·llt
939 1580 978 1628 est
988 1576 1123 1642 propriam
1136 1576 1215 1628 solim
1228 1576 1323 1641 Patr-is,
1335 1590 1389 1629 non
1402 1575 1462 1642 quie
1473 1587 1527 1627 non
1540 1576 1580 1626 est
1592 1577 1666 1626 umus

114 1669 205 1751 llesp.
231 1669 406 1733 Dicendum
428 1669 514 1751 qnod
525 1670 651 1735 novitas
663 1688 731 1736 uno
747 1670 842 1736 modo
1252 1650 1317 1714 ΨΘ·
1653 1717 1657 1724 .

77 1781 166 1842 sonat
176 1778 210 1840 in
223 1777 340 1840 vitium
352 1824 361 1854 ‚
374 1775 437 1840 alio
449 1777 544 1841 modo
557 1796 633 1842 non.
648 1776 781 1855 Quando
795 1782 842 1842 est
937 1777 1069 1843 Videtur
1090 1778 1194 1844 dicere
1211 1782 1322 1844 contra
1339 1778 1436 1858 illud,
1451 1777 1537 1862 quod
1551 1777 1667 1842 dicitur

75 1883 349 1961 talisadinrentio,
364 1883 449 1964 quod
461 1884 651 1948 sententiam
664 1885 843 1949 etiamfacit
896 1884 998 1964 infre,
1023 1885 1094 1949 dist
1115 1902 1238 1966 xxvur,
1259 1885 1452 1951 ubidicitur
1474 1884 1561 1967 quod
1582 1883 1665 1960 hoc,

75 2010 146 2075 quae
157 2009 224 2055 non
246 1990 343 2054 habet
360 1994 468 2055 ortum
487 2009 530 2055 ex
549 1992 681 2056 veritate
696 1993 841 2075 andqua,
898 1992 985 2076 quod
1003 1996 1051 2056 est
1066 1994 1252 2075 tripertitus,
1272 1996 1320 2057 est
1343 1992 1512 2075 proprium
1533 1990 1635 2056 Patris
1656 2010 1665 2054 :

72 2096 844 2182 tuncestverenovellumnomen,etsiedicitbpo
898 2099 952 2162 sed
969 2098 1152 2180 ingenitum
1169 2118 1238 2165 non
1257 2104 1305 2165 est
1325 2099 1412 2165 aliud
1427 2099 1549 2179 dicere,
1569 2115 1668 2180 quam

72 2203 449 2287 stolusessefugiendnm
463 2204 568 2269 :unde
580 2203 841 2288 additprostioes.
897 2223 965 2269 non
973 2205 1131 2287 genitum.

69 2314 131 2378 Sed
144 2312 228 2376 illud
244 2311 399 2388 verbum,
413 2316 572 2393 quantum
590 2312 631 2377 ad
649 2312 843 2378 intellectum
939 2311 1032 2395 Resp.
1054 2313 1141 2395 quod
1155 2312 1243 2396 Aug.
1266 2312 1409 2396 loquitur
1425 2313 1465 2378 de
1479 2312 1558 2391 hoe,
1582 2311 1668 2395 quod

69 2439 200 2497 senum,
216 2437 283 2483 non
296 2422 363 2482 erat
371 2436 505 2497 novum,
516 2418 570 2482 sed
578 2423 736 2501 qrrantum
747 2422 786 2485 ad
796 2421 844 2484 in·
898 2421 1022 2486 estnon
1040 2425 1153 2499 notae,
1167 2420 1346 2510 secundum
1359 2420 1445 2503 quod
1462 2419 1538 2485 dicit
1552 2437 1669 2503 puram

68 2529 236 2592 tellectum
250 2544 347 2609 quem
357 2525 498 2590 baeretiei
507 2527 741 2609 supponebant.
752 2526 844 2605 Quod
898 2528 1124 2609 negationem,
1137 2530 1168 2592 et
1190 2526 1236 2591 sie
1254 2545 1321 2591 non
1339 2526 1415 2592 dicit
1431 2525 1667 2609 proprietatem.

66 2637 225 2718 obj1citur
233 2633 665 2713 deauctoritatellamasceni‚
675 2634 845 2701 dicendum
899 2632 1066 2716 inpertitus
1076 2633 1174 2715 enim,
1184 2637 1282 2716 prout
1300 2632 1609 2717 estproprietas,uon
1621 2635 1670 2695 est

66 2743 157 2825 quod
172 2760 296 2806 nomen
309 2740 486 2823 hypostasis
499 2740 538 2808 de
561 2759 594 2805 se
612 2759 678 2807 non
694 2743 846 2826 importet
899 2759 983 2824 pura
995 2741 1137 2823 negatio.

63 2850 310 2933 respectumad
332 2848 495 2928 accidens,
514 2848 688 2913 sodsolum
708 2849 750 2915 od
768 2867 846 2933 pro·
1226 2862 1295 2909 nun.
1315 2861 1349 2910 v.

65 2959 244 3040 prietatem
258 2956 509 3038 distinguentem
520 2978 528 3035 ;
540 2973 614 3038 quae
627 2956 704 3039 quia
714 2956 750 3021 in
762 2974 847 3023 crea-
900 2975 968 3028 uun
980 2975 1229 3029 manaucandum
1239 2977 1359 3029 umens
1369 2976 1476 3042 duur,
1484 2975 1548 3042 unta
1557 2974 1621 3028 mbo
1632 2977 1671 3026 su

63 3065 152 3129 turis
166 3068 222 3129 est
233 3062 389 3143 recidens,
404 3063 475 3128 ideo
487 3063 561 3127 dicit
575 3063 757 3146 subjectum
771 3083 846 3131 cum
1049 3048 1077 3099 in
1093 3050 1147 3100 ⁰²⁰
1165 3048 1304 3114 ΗΜΘ)
1323 3053 1368 3100 ω
1384 3047 1531 3100 ommibus

64 3170 292 3238 accidentibus
307 3194 315 3236 ε
330 3190 397 3236 non
408 3172 453 3236 sio
464 3175 574 3237 autem
585 3172 678 3237 estin
690 3171 765 3239 Deo.
940 3176 1073 3244 Videtur
1086 3178 1147 3243 ista
1161 3180 1241 3244 ratio
1258 3196 1326 3244 non
1340 3178 1458 3256 valere,
1473 3178 1551 3263 qrria
1561 3179 1671 3263 aliqua

902 3289 979 3351 sunt
1003 3285 1177 3350 adsidentis
1197 3285 1421 3370 inseperabilia
1432 3333 1442 3364 ‚
1455 3289 1489 3351 et
1509 3286 1586 3351 talia
1604 3304 1672 3352 non

902 3397 978 3457 sunt
990 3391 1186 3457 amissibilia.
1260 3422 1263 3427 ⁴

943 3499 1037 3583 Resp.
1064 3498 1258 3577 Dicendum,
1279 3498 1362 3564 sicut
1383 3499 1451 3584 ipse
1470 3500 1674 3583 Augustinus

103 3605 286 3688 objicitur,
296 3605 374 3689 qma
384 3623 461 3669 eum
472 3606 534 3672 boo
546 3624 613 3672 non
621 3607 704 3673 dicat
715 3609 778 3673 nisi
792 3628 849 3693 per
902 3608 980 3674 dicit
990 3608 1020 3672 ¹:
1037 3607 1138 3673 tlmne
1151 3606 1296 3671 accidens
1308 3610 1422 3672 anteat
1433 3626 1491 3691 per
1503 3627 1596 3673 suam
1613 3627 1674 3674 na-

55 3732 222 3779 errorem
250 3715 479 3796 conjunctum,
505 3713 633 3779 videtur
660 3717 747 3798 quod
773 3717 850 3783 talia
902 3720 1011 3782 turem
1028 3715 1202 3795 mutabile,
1219 3718 1275 3779 aut
1291 3715 1481 3797 amissibile,
1501 3720 1558 3782 aut
1574 3720 1676 3800 potest

54 3821 211 3888 nomina
225 3821 359 3886 omnino
371 3823 475 3886 essent
487 3821 650 3903 fugienda.
674 3865 677 3870 -
904 3822 989 3887 eirca
1005 3821 1186 3904 subjectum
1201 3838 1300 3885 suum
1316 3820 1459 3897 intendi,
1472 3800 1525 3886 rel
1542 3822 1674 3886 remitti.

98 3930 214 4012 Resp.
230 3926 403 3993 Dicendum
418 3928 505 4011 quod
518 3946 679 3993 venenum
691 3947 757 3994 non
769 3930 850 3995 late·
904 3928 943 3995 Et
960 3930 1030 4013 ipse
1046 3946 1113 3993 non
1128 3927 1204 3992 dicit
1222 3927 1309 4010 quod
1326 3928 1368 3992 sit
1388 3928 1531 3994 accidens
1548 3932 1675 3994 mutum

54 4040 114 4104 bat
133 4038 210 4103 sub
224 4037 373 4117 nomine,
388 4037 442 4101 sed
454 4036 515 4102 sub
533 4055 647 4102 eorum
663 4038 850 4119 intentione,
904 4035 982 4118 quia
993 4038 1096 4118 potest
1110 4034 1232 4115 amitti,
1245 4035 1301 4100 sed
1313 4035 1391 4119 quia
1402 4036 1507 4119 potuit
1525 4037 1678 4102 advenire

54 4148 133 4211 sive
147 4145 336 4225 occasione,
350 4145 408 4226 qui
420 4162 461 4209 ex
474 4145 536 4209 boc
546 4145 783 4211 occasionaliter
796 4165 852 4213 vo
904 4141 953 4206 rei
975 4142 1066 4225 prius
1087 4141 1252 4223 ementi,
1275 4143 1328 4207 vel
1351 4143 1499 4210 recedere
1520 4163 1541 4209 a
1561 4146 1678 4229 rejam

54 4258 180 4322 lebant
202 4252 356 4317 inducere
370 4254 405 4316 in
417 4252 578 4317 baeresim.
593 4253 650 4317 Vel
662 4254 849 4337 potertdiei,
906 4248 1078 4328 existente,
1099 4250 1152 4314 vel
1171 4250 1283 4314 saltem
1303 4251 1445 4333 intendi,
1461 4252 1514 4317 vel
1537 4253 1676 4332 remitti,

54 4363 154 4449 ruod
173 4378 347 4426 venenum
364 4360 482 4425 latebat
494 4378 562 4425 non
574 4365 732 4443 quantum
751 4362 792 4428 ad
805 4361 852 4426 si·
906 4357 975 4419 sive
983 4355 1113 4421 variari.
1127 4354 1247 4421 lltsitu
1256 4356 1399 4440 objicias,
1410 4358 1496 4441 quod
1505 4359 1679 4425 accidentia

54 4467 344 4553 gnificationem,
370 4467 426 4531 sed
449 4469 578 4550 propter
597 4467 828 4534 dubitationem
841 4491 850 4548 3
907 4480 974 4528 non
987 4467 1121 4545 possunt
1131 4461 1251 4527 variari
1262 4463 1439 4528 seeundum
1451 4462 1609 4545 Boetinm‚
1625 4484 1679 4531 ve-

57 4580 133 4645 deo
146 4594 252 4642 nunc
266 4594 341 4640 cum
357 4575 568 4640 determinata
582 4576 624 4639 sit
638 4577 710 4658 eJus
726 4576 853 4658 signill-
907 4588 983 4635 rum
997 4572 1045 4633 est
1056 4569 1097 4633 de
1110 4569 1294 4634 alteratione
1306 4589 1327 4635 a
1342 4571 1485 4654 subjecto
1498 4572 1533 4635 in
1551 4573 1679 4656 subjee-

54 4688 163 4768 satio,
180 4685 311 4767 absque
321 4681 421 4748 dubio
433 4686 480 4747 est
493 4683 679 4748 tenendum.
908 4681 1120 4756 tum;tamen
1137 4680 1261 4743 certum
1274 4678 1438 4762 estquod
1457 4678 1616 4744 ineodem
1627 4679 1679 4744 in-

909 4787 1097 4865 tenduntur,
1111 4791 1144 4853 et
1155 4786 1375 4853 remittuntur.
1389 4788 1491 4854 Aliter
1503 4792 1605 4872 potest
1616 4789 1680 4856 diei

825 4935 830 4944 ·
910 4894 1680 4979 quodaccideaspotestcomparariadsubjectum

182 4987 731 5055 minautgsnuisse,quamnatumessa
910 5002 1065 5084 primum,
1079 5001 1559 5084 etadsubjectumproximum.
1573 5001 1612 5066 Et
1624 5002 1682 5066 ha-

90 5119 259 5185 Videtur
272 5114 481 5194 maledicere,
493 5114 570 5198 quia
582 5133 656 5180 cum
669 5113 764 5180 aliud
775 5113 857 5179 dicat
910 5110 977 5174 bito
991 5113 1138 5193 respectu
1158 5109 1198 5174 ad
1214 5109 1395 5192 subjectum
1406 5109 1561 5193 primum,
1584 5127 1681 5175 omne

54 5223 858 5308 liversitateminessentia‚secundumhoo,quod
911 5215 1056 5281 accidens
1072 5214 1188 5280 dicitur
1202 5215 1391 5293 adueniens,
1413 5217 1499 5300 quod
1516 5219 1565 5281 est
1580 5218 1680 5299 possi·

54 5330 252 5412 feneratio
279 5332 383 5396 activa
402 5335 435 5395 et
455 5331 605 5395 nativitas
625 5331 773 5396 diflerant
799 5349 858 5414 per
911 5328 975 5394 bile
1001 5328 1099 5392 etiam
1122 5328 1251 5408 abesse,
1279 5328 1428 5411 quamvis
1451 5347 1517 5394 non
1535 5333 1682 5412 respectu

55 5439 269 5516 mutiam,
283 5438 371 5521 quod
384 5441 432 5503 est
443 5440 553 5504 eontra
565 5437 674 5505 fldem.
943 5454 972 5503 ¹1
988 5452 1062 5518 lim,
1077 5463 1113 5518 rr,
1124 5453 1300 5519 ao.-⁸bug.,
1311 5451 1482 5521 delitadlb
1497 5455 1530 5521 v,
1544 5468 1568 5508 c.
1579 5465 1606 5506 rr
1618 5457 1645 5507 et
1654 5465 1680 5508 r.

268 5562 342 5613 τοι.
363 5563 387 5611 ι.
1542 5548 1582 5609 t'l

400 3365 468 3411 nub.
491 3365 525 3410 11.

244 3480 380 3533 Venenum
391 3480 438 3531 sub
454 3480 529 3531 melle
541 3479 619 3545 latet,
630 3485 681 3534 ete.

398 4873 467 4919 noa.
489 4858 535 4919 111.
