4100 6300
439 467 630 535 nrsrrucr.
652 468 747 534 xxxi
766 440 882 533 rtur.
904 446 952 533 ιι(
965 469 1057 535 aar.
1077 470 1102 535 1.
1124 469 1318 550 onasus.

1604 479 1664 571 aa

56 598 65 695 J
92 602 294 668 induendaeet
307 602 534 666 conformitatis
548 608 673 669 naturae
686 628 694 668 ε
709 605 837 669 ideodi·
895 606 968 670 lessi
993 610 1070 671 suut
1093 606 1172 671 adeo
1195 625 1343 690 expresse
1367 607 1600 691 pluralitatem,
1626 616 1664 676 ut

48 704 49 707 ’
91 713 163 776 citur
183 711 319 775 Christus
344 714 441 792 caput
462 729 530 775 esse
555 714 652 777 totius
679 712 834 778 Ecclesiae.
894 714 1002 777 miuus
1020 732 1168 797 expresse
1182 717 1410 780 confiterentur
1427 718 1570 782 essentiae
1589 720 1664 782 uni-

60 900 62 905 ,
89 821 144 885 Sed
156 820 289 883 Hilarius
302 821 476 885 extensiori
492 822 587 886 modo
597 823 727 905 accipit,
745 826 840 905 prout
893 823 1012 883 tatem:
1037 839 1104 884 non
1124 825 1230 885 mmen
1256 826 1453 886 recesserunt
1471 842 1491 886 a
1511 823 1662 905 veritate,

48 928 65 941 ’“
89 934 175 1010 caput
195 929 267 992 dicit
288 928 444 1009 originale
465 930 683 1012 principium:
707 936 738 994 et
758 949 840 1014 quo-
894 927 970 1009 quia
986 945 1043 1009 per
1057 929 1124 993 tria
1142 933 1207 992 tres
1227 947 1278 993 res
1298 928 1534 1010 intelliguntur,
1555 931 1663 1009 idest,

59 1047 63 1051 ’
86 1038 164 1100 niam
180 1036 259 1101 Deus
272 1036 364 1101 Pater
375 1041 423 1101 est
435 1038 629 1120 principium
645 1037 732 1119 Filii,
747 1045 779 1103 et
792 1038 841 1103 li-
894 1036 958 1095 lres
971 1033 1172 1115 hypostases3
1188 1054 1246 1118 per
1262 1035 1478 1103 substantiam
1491 1054 1585 1117 vero,
1600 1055 1666 1101 non

48 1150 49 1155 ’
84 1144 140 1207 lius
158 1144 347 1226 principium
368 1145 534 1223 omnium,
558 1145 603 1207 ita
630 1146 717 1227 quod
741 1145 841 1211 Filius
895 1137 1240 1222 usiaintelligitur,sed
1252 1162 1407 1225 persona:
1423 1143 1590 1208 etideoex
1605 1144 1666 1208 hac

48 1262 50 1269 ’
84 1250 257 1333 producitur
270 1254 302 1315 et
310 1250 465 1333 producit,
480 1251 552 1315 ideo
561 1258 657 1333 caput
669 1257 731 1329 est,
741 1253 839 1318 etha-

82 1359 131 1422 bet
143 1363 245 1441 caput.
257 1357 318 1423 Sed
329 1357 421 1423 Pater
430 1359 584 1441 quoniam
595 1365 691 1443 caput
703 1379 769 1425 non
780 1362 841 1426 ha-

48 1470 50 1481 ’
82 1467 139 1544 bet,
151 1485 223 1530 cum
236 1466 277 1530 sit
289 1466 496 1545 innascibilis,
512 1471 559 1531 est
574 1472 670 1550 caput
681 1470 839 1548 omnium,

80 1579 108 1636 et
120 1572 188 1637 ideo
199 1572 315 1637 dicitur
328 1573 445 1638 fontale
459 1573 652 1657 principium
666 1594 685 1638 a
697 1593 762 1657 quo
775 1594 843 1639 om·

78 1680 139 1759 uia,
152 1684 182 1744 et
193 1680 332 1763 inquom
347 1681 455 1745 omnia
469 1699 526 1763 per
545 1680 661 1746 Filium
682 1682 843 1747 reducun-

76 1791 147 1852 tur:
162 1793 193 1852 et
205 1789 241 1852 in
261 1789 322 1853 hac
343 1789 525 1853 reductione
544 1788 664 1870 gradus
677 1795 741 1869 est,
755 1809 843 1854 com-

78 1897 214 1977 parando
225 1901 387 1961 creaturas
398 1897 437 1961 ad
449 1894 567 1960 Filium
578 1918 586 1975 ;
597 1896 747 1962 sedultra
759 1916 844 1962 com-

74 2004 210 2084 parando
223 2003 342 2068 Filium
358 2004 399 2069 ad
413 2002 538 2067 Patrem
550 2023 616 2068 non
639 2009 686 2069 est
704 2005 842 2087 gradus,

74 2111 126 2174 sed
139 2111 228 2190 ordo,
243 2116 275 2176 et
284 2113 387 2193 origo.
405 2100 526 2177 Etidec
538 2112 677 2177 Hilarius
690 2132 756 2178 non
768 2114 845 2178 dicit

73 2212 124 2278 tta
135 2215 306 2295 proditus,
320 2216 375 2280 sed
386 2215 448 2293 boc
460 2214 576 2297 produ
590 2214 680 2292 Quod
694 2217 845 2298 objicitur

73 2320 111 2384 de
124 2320 246 2404 Spiritu
260 2328 379 2402 sancto,
394 2322 564 2387 dicendum
583 2323 668 2405 quod
682 2323 749 2406 ipse
771 2321 845 2406 Spi-

70 2427 153 2491 ritus
165 2435 297 2494 sanctus
308 2449 383 2494 cum
400 2430 548 2514 procedat
564 2449 584 2493 a
601 2428 700 2506 Filio,
717 2449 774 2513 per
787 2428 843 2494 Fi-

70 2533 152 2598 lium
164 2555 242 2601 cum
255 2538 325 2601 aliis
333 2537 372 2602 ad
386 2536 511 2601 Patrem
522 2537 695 2618 reducitur,
711 2541 742 2602 et
751 2555 846 2621 prop·

70 2644 157 2707 terea
170 2642 196 2707 F
197 2643 254 2708 ilio
267 2645 490 2728 appropriatur
504 2644 656 2709 reductio.

392 2861 460 2908 ΗΠΒ.
481 2860 525 2906 1x.

67 2981 101 3032 Ut
112 2980 166 3033 sint
180 2980 289 3047 quidem
305 2997 353 3047 per
371 2982 539 3034 substantiam
557 2982 618 3048 uia,
635 2997 682 3048 per
700 2997 845 3037 consonan-

338 3055 401 3106 tiam
415 3069 478 3106 vcro
495 3068 582 3105 unum

105 3182 249 3249 Videtur
264 3184 334 3249 haec
348 3187 500 3250 contessio
519 3185 592 3250 fidei
605 3203 672 3249 non
686 3204 754 3250 esse
765 3204 846 3250 con-

63 3294 228 3375 veniens3
245 3295 323 3376 quia
342 3294 381 3359 de
400 3295 503 3359 ubis
514 3294 703 3358 hominibus
715 3312 845 3360 concor·

61 3399 225 3466 dantibus
236 3405 338 3484 potest
348 3401 427 3466 illud
439 3402 511 3482 dici,
526 3403 611 3486 quod
625 3421 683 3486 per
695 3403 844 3467 substan-

60 3506 145 3571 tiam
156 3512 239 3573 sunt
247 3508 319 3587 tria,
328 3526 385 3591 per
393 3509 631 3573 consonantiam
640 3528 718 3576 vero
728 3528 843 3574 nuum.

397 3723 466 3771 ΗΠΒ.
488 3725 522 3770 Χ.

60 3861 134 3920 Quia
149 3861 340 3926 cognominato
355 3861 450 3927 Spiritu
469 3867 572 3928 sancto,
588 3862 615 3912 id
636 3865 675 3913 est
683 3899 692 3925 ,
706 3861 829 3912 Paraclito
836 3899 846 3926 ‚

895 1250 983 1328 parte
996 1265 1113 1312 verum
1124 1248 1284 1315 dixerunt.
1294 1250 1342 1314 Hx
1350 1256 1440 1334 parte
1450 1252 1666 1316 consonantiae

896 1352 1040 1417 similiter
1054 1373 1169 1419 verum
1182 1356 1343 1437 dixerunt,
1359 1362 1391 1422 et
1402 1358 1667 1441 irreprehensibi-

897 1460 988 1525 liter:
1011 1481 1088 1526 nam
1108 1464 1190 1528 sicut
1210 1483 1267 1547 per
1289 1464 1391 1530 Patris
1410 1471 1442 1531 et
1461 1466 1533 1531 Filii
1549 1485 1668 1532 nomen

898 1569 1044 1634 innuitur
1057 1571 1164 1636 unitas
1176 1577 1319 1653 naturae,
1334 1574 1411 1656 quia
1426 1573 1523 1638 Filius
1535 1578 1583 1639 est
1596 1592 1669 1639 con·

897 1677 1053 1741 naturalis
1067 1677 1169 1759 Patri3
1188 1679 1238 1744 ita·
1254 1699 1311 1763 per
1331 1679 1486 1764 Spiritum
1504 1687 1667 1763 sanctum,

897 1784 954 1867 qrri
975 1788 1022 1849 est
1037 1803 1139 1863 amor,
1160 1787 1255 1850 datur
1270 1787 1407 1869 intelligi
1423 1790 1531 1853 unitas
1553 1807 1668 1854 conso-

897 1891 1035 1970 nantiae;
1060 1897 1091 1957 et
1111 1893 1183 1958 ideo
1205 1895 1341 1960 verbum
1367 1896 1428 1961 hoc
1450 1915 1517 1960 non
1541 1897 1670 1962 habebit

898 1998 1108 2093 calumniam3
1123 2005 1155 2065 et
1164 2006 1294 2086 propter
1306 2005 1368 2068 hcc
1379 2004 1488 2088 ipsum
1499 2006 1667 2071 dixerunt:

898 2109 931 2168 et
950 2106 1011 2171 hoc
1031 2108 1103 2173 vult
1126 2109 1231 2175 dicere
1252 2109 1410 2193 Hilarius,
1435 2131 1511 2176 cum
1531 2114 1610 2177 dicit
1628 2113 1668 2197 tc)

898 2216 983 2297 quod
1005 2217 1112 2298 potius
1137 2222 1352 2285 consonantia
1377 2239 1475 2304 quam
1500 2222 1667 2287 essentias:

898 2339 965 2386 non
977 2325 1054 2405 quia
1066 2330 1241 2409 utrumque
1255 2328 1372 2392 nonsit
1384 2347 1510 2409 verum,
1525 2329 1581 2394 sed
1594 2330 1671 2412 quia

897 2427 960 2492 hoc
970 2434 1019 2493 est
1029 2433 1223 2515 expressius,
1233 2434 1540 2500 ethabetminorem
1550 2436 1671 2501 calum·

898 2536 1006 2601 niam:
1022 2543 1129 2603 tamen
1144 2541 1252 2605 adhuc
1265 2542 1410 2624 sequitur
1423 2542 1517 2623 illud,
1539 2544 1624 2626 quod
1643 2543 1671 2606 si

899 2644 992 2712 Pater
1011 2654 1044 2712 et
1064 2648 1164 2714 Filius
1178 2669 1282 2715 unum
1295 2669 1337 2715 ex
1354 2669 1388 2715 se
1401 2652 1583 2734 producunt
1596 2651 1671 2735 Spi-

898 2754 1017 2837 ritum,
1034 2758 1155 2823 ratione
1170 2760 1264 2840 cujus
1278 2763 1325 2823 est
1342 2758 1386 2823 ibi
1401 2760 1508 2824 unitas
1523 2779 1580 2844 per
1593 2779 1672 2826 con·

898 2865 1097 2946 sonantiam,
1115 2885 1243 2931 necesse
1261 2869 1310 2931 est
1329 2868 1417 2951 quod
1435 2869 1590 2933 unitatem
1608 2869 1671 2933 ha·

898 2966 995 3032 beant
1005 2969 1041 3032 in
1056 2972 1203 3035 essentia.

1130 3215 1373 3286 ARTICULUS
1395 3217 1422 3287 l.
1521 3324 1524 3330 1

939 3397 989 3462 Ad
1001 3398 1247 3481 intelligentiam
1259 3419 1371 3466 eorum
1386 3419 1459 3483 quae
1472 3401 1623 3467 dicuntur
1635 3401 1672 3466 in

900 3506 962 3571 hac
982 3510 1090 3590 parte,
1120 3507 1185 3573 duo
1213 3508 1427 3591 principaliter
1453 3513 1669 3592 quaeruntur:

898 3615 1004 3698 primo
1026 3616 1182 3697 quaeritur
1202 3615 1241 3679 dc
1262 3617 1518 3700 appropriatione
1540 3616 1668 3696 Hilarii;

902 3723 1041 3788 secundo
1067 3724 1106 3789 de
1132 3723 1388 3806 appropriatione
1413 3724 1611 3807 Augustini,
1633 3723 1673 3789 Ht

900 3834 1061 3913 qnantum
1069 3830 1109 3895 ad
1120 3831 1263 3914 primum
1273 3837 1465 3914 quaeruntur
1475 3831 1536 3896 tria
1547 3848 1555 3894 :
1568 3830 1672 3916 primo

91 3933 282 3983 consonantia
293 3932 463 3998 potiusquam
474 3934 645 3998 essentiaeper
656 3932 846 3983 similitudinem
899 3937 1058 4019 quaerjtur
1070 3941 1182 4001 utrum
1192 3937 1301 4019 imago
1315 3938 1439 4004 dicatur
1449 3939 1484 4002 in
1497 3939 1614 4005 divinis
1625 3958 1674 4006 sp.

88 4004 254 4055 substantiae
266 4005 401 4069 praedicari
415 4005 535 4056 convenit
547 4007 680 4056 unitatem.

899 4043 1044 4108 cundum
1056 4044 1278 4125 substantiam,
1291 4063 1333 4109 an
1347 4046 1523 4111 secundum
1541 4047 1672 4113 relatio-

98 4152 248 4218 Videtur
260 4153 340 4218 illud
353 4155 482 4234 lalsum,
492 4154 578 4237 quod
591 4152 703 4218 debeat
715 4152 777 4217 dici
789 4171 847 4235 per
899 4169 990 4230 nem3
1006 4152 1156 4233 secundo,
1167 4152 1335 4235 datoquod
1349 4154 1529 4219 secundum
1541 4155 1672 4221 relatio-

53 4262 318 4325 consonantiam
345 4268 473 4345 propter
500 4262 656 4345 Spiritum
681 4265 844 4340 sanctum,

899 4276 986 4335 nem,
1006 4259 1164 4341 quaeritur
1185 4263 1296 4324 utrum
1313 4260 1423 4342 imago
1444 4261 1484 4325 sit
1505 4261 1672 4344 proprium

48 4367 140 4450 quia
162 4365 308 4450 Spiritus
327 4374 455 4432 sanctus
475 4374 522 4434 est
540 4369 683 4451 ejusdem
702 4367 846 4433 essentiae
900 4365 988 4445 Filii;
1003 4367 1096 4430 tertio
1119 4366 1275 4449 quaritur
1288 4367 1327 4432 dc
1346 4368 1470 4434 ratione
1486 4371 1673 4453 appropria-

47 4495 138 4539 curn
154 4474 266 4554 Patre,
286 4475 368 4541 sicut
380 4475 490 4540 Filius.

91 4583 207 4665 Hesp.
223 4582 398 4648 Dicendum
413 4585 514 4667 quod,
534 4584 616 4649 sicut
635 4583 774 4648 Hilarius
796 4584 846 4647 in·

47 4692 169 4757 tendit
188 4691 354 4757 ostendere
370 4692 556 4756 catholicam
578 4691 710 4788 Petrum
723 4692 848 4758 contes-

47 4800 212 4876 sionem,
232 4817 309 4863 cum
327 4799 480 4864 dixerunt
500 4800 587 4882 quod
600 4804 676 4864 sunt
694 4819 752 4884 per
768 4801 848 4864 sub-

47 4906 224 4970 stantiam
249 4906 330 4986 tria,
359 4926 417 4990 per
450 4908 690 4973 consonantiam
721 4927 845 4987 unum,

47 5014 167 5078 sancti
194 5012 304 5079 Patres
316 5014 458 5080 volentes
477 5016 594 5081 elidere
616 5015 766 5081 traeresim
787 5015 847 5081 Sa-

47 5120 261 5199 rellianam,
279 5139 353 5204 quae
367 5121 530 5201 eludebat,
545 5121 654 5203 idest,
673 5122 848 5187 evacuabat

900 4474 995 4538 tionis
1006 4473 1136 4538 illorum
1147 4475 1257 4555 trium,
1267 4475 1385 4541 scilicet
1396 4476 1591 4558 aternitatis,
1603 4494 1672 4561 spe

900 4581 971 4660 cici,
986 4584 1018 4645 et
1029 4599 1118 4646 usus.

1147 4814 1149 4818 y
1173 4727 1352 4807 consulo
1373 4729 1399 4794 1.

901 4883 948 4940 An
965 4884 1058 4954 lmcpo
1078 4885 1109 4939 tn
1130 4881 1233 4939 motata
1249 4882 1390 4940 madum
1414 4883 1607 4957 substanttam,
1629 4884 1673 4941 oet
1730 4921 1733 4927 ι

1053 4972 1197 5030 masadam
1209 4973 1370 5030 relationen
1383 4972 1492 5030 dicatam
1501 4973 1521 5030 ¹.

942 5118 1033 5197 Quod
1053 5118 1163 5202 imago
1185 5118 1309 5185 dicatur
1328 5119 1507 5185 secundum
1527 5118 1674 5184 substan·
1694 5129 1729 5174 Δι
1740 5142 1793 5186 orr-

47 5229 242 5295 (eritabem
259 5227 361 5294 Patris
379 5232 413 5294 et
432 5228 506 5294 Filii
524 5249 583 5313 per
596 5230 848 5295 nominationem
933 5245 995 5309 ¹Cs.
1008 5243 1081 5296 Δια,
1090 5243 1199 5310 Mensis,
1210 5260 1238 5310 p·
1247 5246 1268 5308 1,
1280 5259 1307 5311 q·
1318 5257 1373 5310 m,
1383 5244 1522 5309 memb&
1532 5243 1673 5310 &mma

48 5336 192 5416 olum,
207 5353 306 5419 marn
319 5335 442 5401 dicebat
455 5336 591 5419 ibiessc,
602 5356 669 5403 non
681 5356 762 5417 rem,
776 5356 849 5402 oon·
901 5330 928 5381 Ρ·
941 5316 967 5380 ¹,
989 5330 1015 5381 ‹r-
1029 5328 1110 5382 xxxv,
1132 5320 1181 5368 art.
1196 5328 1221 5381 r;
1241 5320 1267 5369 et
1287 5320 1297 5367 r
1315 5318 1395 5379 senc,
1413 5317 1672 5382 cnt.xxv1n‚q.n,

73 5462 120 5529 (a)
140 5459 226 5511 Edit.
243 5462 303 5512 Ven.
318 5462 421 5528 dicitur,
432 5462 515 5514 meod.

899 5390 949 5439 art.
962 5391 994 5451 23
1013 5389 1098 5453 AEgid.
1113 5390 1200 5452 Rom,
1221 5391 1232 5440 l
1252 5389 1333 5453 δοκι,
1353 5389 1412 5442 dist.
1427 5400 1527 5454 xxrrrr,
1545 5389 1673 5454 princt,

901 5470 984 5525 q.n1;
997 5460 1127 5524 menard,
1141 5461 1152 5511 1
1165 5461 1247 5524 sent,
1260 5460 1319 5512 dist.
1328 5472 1428 5527 xxrrrr,
1441 5464 1490 5512 art.
1500 5463 1525 5525 3,
1535 5474 1562 5527 q.
1574 5473 1595 5513 r.
