4100 6300
548 512 646 579 oter.
667 510 799 578 mlv.
823 508 911 574 aar.
928 507 953 574 l.
977 508 1127 587 QUAEST.
1150 509 1174 574 l.

31 652 39 673 ‘
120 651 228 718 Contra
243 670 253 719 :
268 649 337 715 Non
351 654 398 715 est
416 649 504 716 aliud
525 649 589 715 Deo
600 668 686 725 esse,
701 654 733 713 et
751 645 838 712 aliud

55 806 59 813 .
83 777 239 843 personam
258 776 325 822 esse
344 760 353 795 ¹
373 777 381 822 :
401 776 480 839 ergo
499 775 636 841 persona
651 755 734 820 nihil
751 753 837 819 addit
1165 780 1390 850 GONGLUSIO·

66 885 171 949 ¹supra
182 884 249 930 esse
265 887 272 930 :
287 883 365 946 ergo
379 884 438 929 nee
447 884 544 948 supra
552 869 716 929 naturam.

31 986 42 1027 2
117 974 189 1037 item
203 974 237 1036 in
256 991 382 1036 summe
398 972 534 1055 simplici
549 972 637 1035 nulla
651 973 753 1054 potest
772 986 840 1033 esse
891 957 1023 1028 Firma>
1037 960 1093 1015 ⁸5⁹³
1111 973 1156 1015 ret
1175 961 1381 1032 ssttfflaesm'bt't
1398 965 1506 1018 omnim
1528 962 1607 1019 addit
1624 978 1664 1020 εθ-

31 1099 39 1121 2
79 1080 188 1147 additio
204 1080 272 1144 :sed
286 1079 396 1144 divina
404 1098 552 1162 persona,
562 1079 630 1143 sive
638 1096 689 1143 res
701 1082 838 1155 naturae,
928 1047 1043 1150 ΜΨ
1053 1063 1109 1151 '³¹⁷3
1122 1063 1206 1152 “W
1219 1054 1358 1155 Ῥω»
1372 1052 1434 1108 ‘tw‘
1451 1052 1594 1156 ’ΨΜ
1607 1069 1664 1111 ms*

78 1193 121 1251 est
134 1205 257 1251 summe
269 1187 404 1270 simplex
420 1210 427 1250 :
442 1206 532 1269 ergo,
546 1192 606 1252 etc·
929 1135 1001 1281 clatri:1
1010 1138 1184 1282 11111311111
1208 1139 1317 1211 otoputd
1339 1142 1416 1199 ultro
1438 1141 1513 1200 dieat
1534 1158 1663 1216 persona,

36 1312 45 1345 ν
115 1295 190 1360 ltem
205 1314 417 1378 quaecumque
427 1298 492 1362 duo
504 1295 735 1379 sicsebabent,
755 1292 840 1376 quad
930 1241 981 1297 pao
1013 1242 1067 1282 mm
1098 1231 1149 1284 m
1166 1233 1273 1285 mm

31 1444 56 1493 ,¹
77 1402 225 1484 quidquid
239 1407 287 1467 est
304 1403 434 1481 inuno,
449 1408 496 1471 est
509 1404 646 1468 alterm
663 1420 719 1485 per
733 1418 842 1465 essen·
926 1396 1293 1484 Resp.Iiicendumquod
1303 1420 1379 1466 eum
1388 1404 1665 1486 quariturutrum

40 1559 45 1567 ,
76 1510 161 1585 tiam,
176 1529 282 1576 unum
292 1511 373 1576 nihil
382 1513 469 1577 addit
479 1530 575 1595 super
584 1512 747 1594 reliquum
762 1530 770 1573 ε
784 1509 839 1572 sed
892 1522 1046 1589 persono,
1061 1507 1129 1572 sive
1142 1514 1349 1602 nosnatura,
1363 1510 1457 1575 addat
1473 1511 1595 1595 aliquid
1608 1532 1667 1578 su·

31 1700 45 1711 x·
75 1612 226 1696 quidquid
237 1615 326 1678 estin
335 1634 471 1699 persona
480 1618 528 1680 est
538 1614 637 1679 deitas
650 1635 659 1679 z
674 1630 764 1693 ergo,
780 1616 838 1675 eto.
896 1631 954 1695 pra
975 1619 1144 1694 naturam,
1166 1616 1422 1698 respondendum
1444 1622 1491 1683 est
1513 1620 1599 1703 quod
1621 1624 1668 1685 est

37 1812 39 1815 Ι
75 1719 173 1803 Major
194 1723 363 1787 manifesta
382 1727 446 1802 est;
471 1724 578 1788 minor
597 1726 683 1807 patet
703 1722 748 1785 sic
774 1743 782 1784 ι
805 1719 843 1783 ln
895 1720 985 1803 loqui
998 1722 1037 1785 de
1051 1722 1211 1787 additione
1223 1723 1414 1807 dupliciter:
1436 1730 1493 1791 aut
1509 1732 1668 1810 quantum

43 1896 48 1898 ,
73 1847 208 1910 persona
216 1848 282 1894 non
292 1836 338 1894 est
347 1831 408 1895 nisi
418 1831 643 1905 substantiam
651 1828 841 1913 proprietam
897 1826 937 1890 ad
963 1846 1048 1907 rem3
1075 1832 1132 1893 aut
1156 1834 1315 1912 quantum
1338 1832 1378 1896 ad
1402 1833 1608 1899 intellectum.
1634 1835 1669 1901 Si

31 2016 32 2025 ἵ
74 1940 105 2000 et
121 1937 295 2002 substantia
303 1938 357 2002 illa
371 1943 418 2003 est
430 1939 539 2015 deitas,
554 1939 633 2021 quia
645 1944 693 2002 est
705 1937 797 2015 Deru,
812 1940 844 2001 et
897 1938 1055 2017 quantum
1079 1938 1120 2001 ad
1146 1938 1362 2018 intellectum,
1392 1959 1467 2006 oum
1494 1942 1671 2008 intellectus

32 2038 45 2047 ”
72 2044 154 2127 Deus
167 2065 235 2110 non
252 2046 314 2110 alio
327 2065 426 2128 quam
443 2047 563 2130 seipso,
579 2047 656 2129 quia
672 2051 751 2110 tuno
762 2050 844 2110 esset
897 2041 1594 2132 hujusnominis,persooo‚·sivehypostasis,
1604 2051 1672 2116 sire

44 2230 47 2237 ,
71 2175 128 2239 per
139 2157 415 2241 participationem
431 2178 439 2222 :
453 2177 532 2240 ergo
544 2160 646 2241 seipso
658 2163 704 2223 est
712 2159 804 2236 Deus,
813 2161 845 2222 et
897 2151 948 2215 tet
972 2158 1117 2231 notura,
1144 2153 1287 2219 includat
1307 2155 1503 2220 intellectum
1526 2167 1669 2240 noturoe,

34 2262 45 2270 ”
70 2264 186 2328 deitate
207 2268 255 2328 est
274 2265 376 2345 [teus3
392 2271 424 2330 et
440 2266 618 2330 substantia
638 2286 712 2349 quae
734 2271 782 2330 est
805 2266 844 2330 de
898 2258 1003 2322 adhue
1029 2263 1137 2323 tamen
1158 2259 1214 2324 dat
1232 2262 1410 2345 intelligere
1427 2265 1566 2347 aliquid,
1585 2266 1672 2349 quod

68 2371 235 2437 intellectu
247 2391 401 2457 personae,
412 2374 534 2456 estipsa
541 2379 726 2457 naturaper
738 2392 846 2439 essem
898 2367 1075 2432 nemssano
1093 2372 1141 2432 est
1158 2370 1343 2453 compositio
1359 2371 1443 2435 ciros
1462 2373 1671 2457 intellectum,

31 2482 45 2491 '⁴
69 2480 149 2545 tiam
165 2499 173 2544 :
190 2484 223 2544 et
237 2480 383 2546 similiter
395 2481 571 2564 proprietas
584 2487 632 2546 est
644 2483 791 2559 essentia,
808 2487 847 2547 ut
899 2478 932 2538 et
945 2473 1074 2539 additio.
1090 2473 1129 2539 Et
1145 2476 1207 2540 hoc
1220 2481 1304 2560 patet
1318 2500 1326 2542 t
1343 2476 1482 2544 Persona
1495 2480 1582 2545 enim
1594 2482 1673 2546 dici·

31 2600 32 2603 ’
66 2594 194 2671 supra²
215 2590 384 2671 probatum
400 2594 447 2654 est
463 2593 581 2654 :restat
594 2608 672 2671 erge
685 2589 843 2673 primum,
898 2583 953 2644 tur
973 2582 1175 2664 suppositum
1196 2584 1362 2649 rationalis
1376 2590 1517 2667 naturae,
1540 2587 1674 2652 distinc-

35 2697 156 2778 ·qu0d
169 2695 254 2761 nihil
266 2696 366 2762 addit,
899 2689 1674 2777 tumproprietate:eooointelleotuspersonoeex

107 2802 211 2884 Item,
224 2804 250 2868 si
262 2804 363 2885 addit,
376 2808 434 2869 adt
446 2805 531 2871 addit
546 2805 650 2885 eliud,
665 2810 722 2870 aut
734 2806 844 2871 idem:
899 2794 1047 2877 pluribus
1065 2797 1276 2865 intellectibus
1295 2803 1517 2885 componitur,
1539 2809 1571 2868 et
1592 2805 1676 2870 cadit

65 2910 187 2977 addere
214 2911 299 2976 idem
320 2912 399 2991 sibi,
421 2931 488 2977 non
516 2916 565 2976 ast
587 2912 801 2995 intelligibile;
818 2914 847 2978 si
900 2903 945 2967 ibi
963 2905 1142 2973 intellectus
1163 2911 1314 2974 naturae:
1339 2927 1418 2992 ergo
1443 2915 1590 2977 constans
1610 2915 1673 2994 est,

31 3040 32 3045 ¹
64 3019 169 3101 alind,
185 3024 243 3084 aut
258 3038 336 3102 ergo
351 3020 439 3084 aliud
456 3020 713 3102 substantialiter,
727 3026 784 3086 aut
794 3041 848 3087 ao·
900 3011 986 3093 quod
1000 3017 1159 3095 quantum
1175 3015 1215 3080 ad
1227 3015 1425 3083 intellectum
1438 3019 1524 3084 addit
1536 3034 1675 3103 persona

65 3127 272 3196 oidentaliter
294 3151 302 3193 ε
323 3145 390 3192 non
411 3126 659 3205 accidentaliter,
681 3129 848 3212 quianon
900 3138 999 3204 supra
1010 3128 1175 3192 namnam.
1192 3122 1254 3191 Iste
1267 3126 1564 3193 autemintollectus
1576 3128 1674 3195 tdsus

63 3240 115 3300 est
134 3236 287 3301 accidens
303 3236 338 3300 iu
358 3235 495 3315 divinis3
510 3253 570 3299 nec
586 3236 846 3318 substantialiter,
901 3247 968 3293 non
985 3234 1048 3311 est,
1073 3233 1149 3316 quia
1167 3251 1227 3298 neo
1239 3237 1389 3299 naturam
1407 3253 1465 3318 per
1478 3235 1567 3300 illam
1583 3235 1675 3301 addi-

60 3343 147 3425 qnia
169 3347 250 3410 tunc
275 3347 378 3408 essent
399 3343 534 3410 diversae
559 3343 606 3407 ibi
627 3345 814 3410 substantie
836 3367 845 3411 ς
900 3337 1022 3403 tionem
1035 3338 1219 3421 distinguit,
1241 3360 1301 3406 nec
1313 3343 1477 3425 componit
1490 3361 1672 3426 personam.

60 3469 149 3533 ergo
164 3453 285 3520 natura
293 3451 470 3516 seeundum
483 3452 652 3516 ementium
669 3454 847 3519 dfflerreta
902 3444 974 3511 Non
990 3446 1159 3530 distinguit
1170 3452 1330 3526 naturam,
1346 3450 1500 3533 quoniam
1511 3451 1569 3516 etsi
1582 3451 1677 3517 addat

58 3558 342 3645 personnarum
352 3562 400 3623 est
412 3559 577 3624 manifesto
590 3559 718 3625 falsum.
897 3571 998 3637 supra
1011 3553 1206 3619 intellectum
1216 3558 1343 3621 naturae
1356 3557 1593 3641 proprietatem,
1608 3576 1677 3623 non

105 3667 214 3745 Item,
229 3664 356 3730 siaddit
368 3665 505 3748 aliquid,
522 3670 579 3731 aut
590 3666 669 3732 illud
687 3670 735 3732 eat
746 3671 849 3733 mam·
901 3664 1010 3725 tamna
1020 3661 1108 3726 addit
1119 3662 1155 3726 ia
1168 3666 1264 3743 recto,
1280 3669 1316 3728 ut
1330 3663 1491 3746 intelligas
1504 3683 1675 3748 personam

57 3774 162 3853 riale,
174 3772 372 3840 autiormale
389 3795 397 3838 :
413 3774 662 3850 nonmamriab,
674 3774 752 3857 quia
764 3773 848 3839 Deus
901 3787 969 3834 esse
980 3773 1130 3835 naturam
1149 3771 1341 3855 proprietate
1356 3772 1556 3854 distinctam
1571 3773 1676 3839 sedin

59 3887 112 3950 est
128 3900 240 3966 purus
255 3885 362 3961 actus;
375 3898 442 3945 uon
454 3881 605 3958 formale,
620 3880 698 3963 quia
715 3881 848 3947 termole
901 3875 1034 3958 obliquo
1042 3880 1090 3941 est
1096 3877 1342 3960 intelligendum
1352 3898 1678 3965 personamessesup·

57 4009 138 4058 uon
151 3990 215 4068 est,
234 3987 296 4056 nisi
308 3991 454 4070 respectu
466 3987 638 4053 materialis
654 4009 663 4052 ι
677 4006 757 4069 ergo
769 4006 847 4052 cum
902 3982 1042 4066 positum
1062 3985 1225 4050 mdonalis
1242 3991 1369 4052 natura
1385 3987 1587 4068 distinctum,
1609 3990 1677 4056 sive

57 4100 100 4164 in
119 4098 194 4163 Deo
209 4115 276 4162 uon
288 4097 330 4162 sit
342 4095 464 4178 aliquid
479 4096 653 4176 materiale,
668 4114 736 4160 non
756 4100 848 4179 pota·
902 4091 989 4174 quod
1001 4096 1049 4155 est
1066 4092 1244 4175 hypostasis
1263 4094 1410 4160 distincta
1428 4117 1436 4160 ε
1461 4100 1493 4161 et
1514 4097 1586 4161 ideo
1610 4115 1677 4161 non

54 4208 106 4272 rit
119 4204 205 4270 addi
222 4204 343 4287 aliquid
360 4203 516 4270 formale:
535 4221 616 4285 ergo
634 4203 722 4268 nullo
740 4202 847 4269 modo.
887 4199 994 4282 ponit
1011 4198 1243 4265 distinctionem
1262 4202 1346 4267 circa
1363 4207 1530 4285 naturam,
1551 4223 1610 4269 neo
1623 4205 1674 4269 in-

104 4313 209 4390 Item,
224 4311 251 4376 si
265 4311 385 4394 aliquid
398 4311 484 4375 addit
493 4328 590 4393 supra
598 4309 741 4374 divinam
754 4315 849 4376 natu·
902 4306 1017 4388 telligit
1042 4325 1115 4371 eom
1143 4307 1310 4390 distingui.
1339 4308 1477 4390 Rursus,
1507 4330 1678 4396 personam

52 4441 168 4500 ram,
202 4423 261 4485 aut
285 4423 333 4488 est
353 4419 470 4484 melius
498 4418 608 4483 divina
631 4423 766 4496 natura,
794 4422 851 4482 aut
902 4432 970 4479 nou
982 4415 1157 4498 componit,
1168 4434 1226 4481 nec
1237 4417 1359 4500 aliquid
1371 4417 1401 4482 ei
1412 4419 1500 4502 quod
1511 4438 1576 4485 uon
1588 4421 1631 4484 sit
1643 4421 1678 4485 in

51 4528 220 4614 aeqrrale,
238 4527 422 4600 autminus
441 4549 449 4592 z
468 4544 534 4592 non
553 4524 685 4604 medus,
707 4529 848 4605 constan
903 4521 972 4604 ipsa
983 4522 1139 4606 imponit:
1159 4527 1192 4587 et
1210 4524 1272 4588 hoo
1292 4528 1392 4607 patet,
1408 4526 1485 4608 quia
1501 4526 1679 4593 intellectus

51 4640 175 4706 etiam
188 4654 254 4704 non
266 4636 391 4711 minus,
406 4634 483 4716 quia
498 4638 576 4699 tunc
588 4635 671 4698 assat
687 4637 848 4712 creatura3
903 4647 1001 4694 sanus
1012 4635 1045 4694 et
1058 4629 1159 4694 tidelis
1179 4630 1330 4713 intelligit
1344 4636 1375 4697 et
1395 4634 1494 4698 credit
1506 4653 1678 4719 personam

50 4763 139 4812 non
153 4742 291 4826 annuale,
302 4741 380 4825 qua
391 4739 584 4824 nihilpotost
595 4738 719 4823 aquari
729 4738 850 4805 divinae
903 4754 973 4802 asse
993 4737 1278 4821 simplicissimam,
1298 4739 1451 4822 iutelligit
1469 4760 1542 4807 eam
1560 4744 1679 4809 nibilo-

51 4847 472 4931 naturaezergoomnino
484 4847 577 4914 nihil.
904 4844 1679 4930 minusasseperlectissimam.ttndesicutoiroa

95 5018 105 5047 ¹
122 5014 250 5075 rugan,
264 5008 534 5073 rennuebant,
549 5010 850 5075 c.v1,n.n.-¹nnt.
904 4954 1091 5031 essentiam,
1114 4957 1243 5038 proptor
1264 4954 1327 5018 hoc
1346 4955 1432 5037 quod
1450 4957 1679 5039 perfectissima

51 5084 206 5156 med,
219 5095 287 5147 o-11·
904 5066 967 5142 est,
978 5060 1127 5142 intelligit
1147 5078 1259 5125 omnes
1274 5061 1471 5127 conditiones
1490 5064 1676 5146 nobilitatis,

905 5173 938 5235 ot
950 5187 1043 5249 vere,
1057 5167 1134 5251 quia
1145 5166 1192 5231 ibi
1203 5170 1297 5247 sunt,
1311 5169 1343 5233 et
1357 5171 1468 5234 umen
1479 5168 1551 5235 illas
1564 5172 1679 5237 eondi-

904 5278 1008 5342 tiones
1022 5275 1173 5360 pramvis
1185 5274 1343 5358 intelligat
1355 5280 1395 5341 ut
1410 5277 1547 5359 multas,
1559 5280 1679 5345 sedicet

905 5385 1092 5469 potentiam,
1101 5382 1306 5467 sapientiam,
1319 5384 1505 5467 bonitatem,
1521 5405 1597 5454 oum
1608 5406 1679 5454 cre·

905 5490 1367 5560 datatsdnomuiahacin
1387 5491 1451 5559 lieo
1470 5513 1575 5562 unum
1592 5514 1676 5579 esse,

1480 5605 1519 5668 35
