4100 6300
959 547 1029 640 DE
1068 544 1322 639 SCRIPTIS

559 830 895 963 SANCTI
975 825 1711 962 BONAVENTURAE

790 1148 841 1187 VEL
858 1147 921 1194 ΟΜ
936 1146 1019 1186 mou
1034 1146 1277 1193 QUOUODOCUHQUE
1289 1146 1493 1186 emissemus

675 1308 897 1377 billaine
931 1308 1166 1375 EDITORUM
1196 1307 1481 1375 VENETORUM
1513 1309 1604 1373 liti.

384 1833 508 1918 Optime
526 1835 643 1921 jubent
665 1832 742 1898 artis
764 1832 887 1897 critices
900 1830 1007 1915 periti,
1023 1835 1062 1896 ut
1076 1849 1152 1896 cum
1165 1826 1303 1896 aliorum
1320 1834 1530 1896 monumenta
1552 1830 1749 1895 discutienda
1762 1832 1939 1910 sumimus,

343 1960 410 2006 non
422 1941 492 2005 aliis
504 1944 637 2005 utamur
651 1940 795 2019 testibus,
810 1957 910 2021 quam
923 1940 980 2021 qui
994 1939 1070 2002 satis
1080 1938 1173 2002 nobis
1185 1941 1342 2002 vetustate
1361 1938 1486 2020 probati
1501 1943 1587 2004 sunt.
1603 1939 1727 2004 Horum
1740 1944 1851 2005 tamen
1864 1960 1941 2005 auc·

343 2048 462 2114 toritati
475 2066 542 2113 non
560 2052 607 2112 est
629 2046 674 2110 ita
694 2046 987 2139 adhaerescendnm,
1005 2046 1083 2110 ntsi
1099 2046 1178 2110 iorte
1194 2064 1269 2110 cum
1284 2045 1486 2127 gravissimis
1500 2047 1676 2111 rationibus
1693 2053 1830 2129 pugnet,
1852 2054 1941 2113 vete-

344 2175 420 2221 rum
434 2157 542 2240 potius
554 2155 753 2235 testimonio,
768 2173 867 2237 quam
882 2154 1067 2218 clarissimis
1089 2153 1416 2218 demonstrationibus
1429 2171 1596 2217 assensum
1617 2153 1844 2218 exhibeamus.
1863 2153 1941 2219 Fieri

345 2267 428 2329 certe
443 2263 615 2347 aliquando
635 2266 753 2346 potest,
770 2266 807 2327 ut
819 2261 860 2340 ii,
875 2261 932 2343 qui
947 2259 1086 2344 Operum
1102 2259 1285 2342 catalogum
1302 2264 1552 2336 contexuerunt,
1566 2265 1623 2324 aut
1639 2260 1764 2337 omnia,
1780 2280 1858 2344 quae
1874 2281 1941 2327 me·

345 2374 456 2439 moriae
468 2372 594 2457 prodita
607 2372 694 2451 sunt,¹
707 2371 896 2454 neutiquam
912 2369 1148 2451 conspexerint,
1164 2373 1252 2433 auta
1265 2368 1376 2431 minus
1389 2367 1490 2432 cautis
1504 2365 1717 2450 Scriptoribus
1728 2367 1833 2434 delusi
1850 2369 1941 2452 plane
2031 2420 2032 2435 ,

345 2479 477 2544 fuerint.
498 2478 534 2546 ld
553 2478 683 2561 quidem
699 2479 877 2544 multorum
891 2478 1040 2561 exemplo
1062 2477 1270 2560 comprobare
1291 2494 1482 2559 possumus,
1499 2476 1647 2559 quicum
1666 2475 1757 2540 facile
1775 2476 1942 2541 crederent
2031 2466 2032 2527 Ϊ

345 2587 471 2665 omnia,
490 2604 564 2670 quaa
582 2585 618 2649 in
633 2583 798 2652 Schedulis
819 2589 924 2651 essent
942 2585 1075 2667 scripta,
1100 2583 1266 2667 complura
1285 2583 1397 2647 litteris
1418 2582 1628 2663 mundarunt,
1650 2598 1725 2665 quae
1748 2582 1840 2648 nulla
1864 2583 1940 2648 vidit

347 2696 435 2759 atas.

386 2799 566 2883 Peroptimc
578 2798 652 2863 inde
660 2798 828 2883 jubemur,
842 2800 879 2862 ut
894 2799 922 2862 si
936 2815 1011 2862 cnm
1025 2796 1093 2861 suis
1107 2795 1441 2877 demonstrationibus,
1451 2796 1579 2878 falsum,
1594 2800 1778 2862 antrorum
1790 2797 1941 2879 detegant

346 2908 549 2986 recentiores,
565 2907 729 2989 jubemur,
744 2906 889 2989 inquam,
904 2908 942 2969 ut
956 2906 1104 2971 veterum
1118 2904 1270 2968 continuo
1284 2905 1506 2970 auctoritatem
1519 2904 1729 2983 dimittamus,
1747 2922 1785 2968 ac
1797 2909 1939 2968 nostram

347 3014 576 3080 recentioribus
595 3013 692 3080 ssdem
714 3030 844 3077 omnem
862 3013 1050 3079 habeamus.
1067 3010 1266 3095 Quapropter
1277 3029 1374 3076 nemo
1388 3011 1447 3088 sit,
1464 3013 1520 3095 qui
1539 3030 1599 3076 nos
1612 3016 1739 3094 arguat,
1754 3012 1845 3094 quod
1860 3012 1938 3075 anti·

347 3139 487 3206 quorum
507 3120 686 3205 posthabita
708 3119 899 3201 assertione,
917 3120 957 3185 ad
969 3119 1100 3185 illorum
1112 3137 1207 3203 opem
1222 3118 1481 3200 confugerimus,
1502 3120 1642 3203 quirem
1661 3137 1808 3200 omnem,
1828 3124 1868 3184 ut
1886 3136 1939 3203 par

347 3234 426 3310 erat,
443 3227 684 3312 diligentissime
699 3217 936 3295 examinarunt.
952 3228 1042 3294 Clara
1056 3231 1140 3292 certe
1155 3227 1189 3290 in
1204 3227 1265 3292 hoc
1279 3231 1326 3291 est
1339 3228 1545 3311 experientia,
1562 3228 1648 3311 quod
1666 3228 1788 3292 lacilius
1801 3228 1840 3291 in
1855 3246 1939 3292 erro·

347 3356 417 3402 rem
438 3355 459 3401 a
481 3336 618 3401 credulis
632 3336 839 3419 scriptoribus
860 3336 1061 3415 inducimur,
1078 3353 1177 3418 quam
1191 3334 1232 3398 ab
1247 3334 1302 3412 iis,
1322 3335 1380 3418 qui
1402 3354 1454 3399 res
1467 3352 1579 3399 omnes
1603 3335 1643 3399 ad
1666 3340 1785 3399 certam
1807 3335 1939 3400 rationis

346 3463 494 3509 normam
516 3448 609 3508 caute
631 3443 843 3526 perpendunt.
859 3443 1052 3526 Quanquam
1072 3444 1106 3506 in
1128 3443 1248 3507 horum
1268 3460 1406 3507 numero
1426 3442 1594 3507 habendus
1616 3461 1684 3506 non
1707 3443 1748 3506 sit
1769 3441 1938 3507 Gasimirus

348 3551 508 3630 Oudiuus,
523 3549 576 3615 vir
596 3551 726 3633 quidem
748 3550 843 3614 malae
863 3550 953 3629 fidei,
975 3551 1031 3614 sed
1052 3549 1088 3613 in
1111 3549 1208 3613 rebus
1229 3550 1315 3614 hisce
1337 3568 1403 3613 non
1424 3550 1537 3615 leviter
1558 3550 1717 3630 eruditus,
1734 3568 1809 3614 cum
1835 3555 1937 3614 tamen
2029 3593 2030 3608 ,

346 3658 444 3739 longe
458 3657 642 3738 diligentius
654 3655 890 3721 Bonaventurae
904 3658 1021 3741 scripta
1036 3656 1233 3734 eventilarit,
1248 3676 1347 3741 quam
1361 3656 1554 3723 Octavianus
1569 3677 1589 3723 a
1604 3656 1762 3737 Martiuis,
1780 3655 1938 3721 Marianus

346 3763 560 3840 Florentinus,
576 3762 701 3827 Marcus
715 3762 978 3847 olyssiponensis,
992 3762 1107 3828 Petrus
1120 3762 1315 3845 Galesinius,
1328 3765 1365 3827 lli
1377 3764 1462 3846 inde,
1475 3771 1513 3831 ut
1527 3766 1652 3832 Oudino
1663 3765 1824 3842 libentius,
1840 3783 1934 3849 quam
2028 3755 2030 3832 ἶ

346 3870 482 3935 laudatis
496 3870 786 3935 nomenclatoribus
800 3889 893 3934 aures
904 3876 1029 3935 nostras
1045 3871 1266 3936 exhibeamus.
1284 3871 1351 3936 lloc
1367 3891 1442 3936 cum
1456 3874 1609 3952 dicimus,
1624 3873 1747 3936 nonita
1762 3874 1864 3957 accipi
1884 3890 1937 3935 vo

346 3978 473 4054 lumus,
489 3978 581 4060 quasi
600 3975 716 4041 Oudini
728 3977 887 4059 judicium
903 3978 948 4043 ita
970 3978 1161 4061 probemus,
1178 3985 1216 4043 ut
1235 3980 1316 4043 nibil
1340 3998 1438 4062 supra
1456 3980 1536 4046 illud
1557 3981 1734 4045 habeamus
1752 4003 1759 4045 ι
1777 4000 1856 4045 nam
1877 3984 1937 4044 esto

351 4086 514 4152 Oudinum
533 4085 568 4147 in
589 4084 700 4148 multis
717 4085 875 4149 fuerimus
892 4086 1082 4164 consectati,
1099 4087 1134 4150 in
1147 4087 1292 4170 pluribus
1307 4091 1416 4152 tamen
1433 4086 1557 4153 Oudino
1573 4088 1732 4153 adversati
1749 4107 1888 4166 sumus,
1906 4093 1938 4151 ut

350 4192 433 4258 nihil
453 4192 594 4256 inultum
614 4191 877 4276 impunitumque
896 4193 1124 4258 dimiserimus.
1144 4191 1266 4275 Verbo,
1285 4213 1359 4259 cum
1378 4195 1418 4259 ad
1438 4196 1605 4259 veritatem
1618 4195 1760 4278 loquitur
1776 4194 1935 4272 Oudiuus,

351 4285 421 4364 tum
440 4298 534 4364 illum
554 4298 773 4363 lubentissime
791 4299 1033 4383 amplectimur3
1050 4319 1126 4365 cum
1144 4301 1184 4365 ad
1202 4301 1389 4383 salsitatem,
1405 4308 1476 4366 tum
1490 4303 1602 4385 procul
1615 4321 1635 4366 a
1648 4302 1742 4365 nobis
1760 4303 1934 4386 abjicimus

351 4406 498 4472 Veritatis
512 4406 599 4471 enim
612 4424 687 4470 eum
700 4408 800 4471 simus
813 4407 970 4484 cultores,
985 4426 1024 4472 ea
1036 4408 1192 4473 duntaxat
1204 4427 1406 4493 summopere
1417 4410 1656 4494 prosequimur,
1669 4428 1743 4493 quae
1756 4428 1817 4474 nos
1831 4410 1865 4476 in
1876 4408 1937 4474 veri
2027 4461 2028 4486 ,

350 4514 566 4596 cognitionem
582 4513 715 4578 ducunt.

390 4623 446 4688 Est
457 4623 556 4686 altera
568 4619 700 4703 regula,
713 4638 787 4703 quae
799 4620 935 4702 inhibet,
950 4623 1094 4705 ueprius
1107 4622 1282 4707 descriptis
1295 4624 1406 4689 alienis
1416 4624 1576 4707 iudicium
1588 4623 1741 4703 ieramus,
1755 4643 1855 4707 quam
1868 4640 1937 4688 auo-

350 4730 428 4796 toris
446 4728 637 4813 ingenium,
659 4726 820 4804 indolem,
840 4731 936 4811 atque
953 4729 1132 4793 doctrinam
1145 4730 1444 4815 introspexerimus.
1464 4730 1635 4796 Paruimus
1654 4730 1730 4796 huic
1744 4732 1937 4796 eruditorum

350 4837 493 4916 monito,
509 4854 569 4900 nec
581 4840 655 4899 ante
663 4834 901 4919 judicavimus,
918 4854 1017 4920 quam
1031 4834 1064 4901 S.
1077 4836 1309 4903 Bonaventurae
1322 4841 1492 4919 uectatus,
1508 4856 1589 4921 quos
1601 4837 1706 4903 omnis
1719 4839 1891 4921 antiquitas
1900 4836 1937 4899 le·
2026 4867 2027 4872 κ

350 4945 481 5028 gitimos
491 4945 597 5022 tenet,
612 4942 687 5023 diu,
703 4940 910 5024 multumque
922 4943 1243 5011 consideraverimus.
1258 4945 1328 5023 Oua
1341 4964 1382 5010 ex
1393 4946 1522 5010 assidua
1535 4945 1690 5022 lectione,
1709 4964 1868 5027 magnum
1882 4961 1936 5007 no·
2026 4983 2027 5030 ι

350 5053 399 5118 bis
410 5052 519 5117 visum
531 5050 594 5115 fuit
605 5049 839 5118 Bonaventurae
853 5051 1024 5134 ingenium
1036 5075 1045 5132 ;
1065 5054 1105 5118 ad
1123 5053 1331 5135 cogitandum
1345 5072 1413 5117 non
1426 5056 1590 5131 retusum,
1606 5053 1661 5117 sed
1675 5056 1825 5132 acutum;
1841 5052 1880 5116 ad
1891 5050 1937 5114 di·

350 5159 488 5225 cendum
500 5176 568 5222 non
581 5158 785 5237 involutum,
800 5159 855 5223 sed
866 5158 1011 5239 illustre;
1030 5160 1313 5226 adinveniendum
1326 5178 1393 5224 non
1406 5160 1523 5237 hebes,
1536 5160 1591 5225 sed
1606 5163 1803 5244 promptum,
1818 5163 1855 5223 ut
1865 5173 1936 5241 pene

354 5267 502 5333 divinum
516 5265 646 5331 dixeris.
666 5265 748 5330 Hinc
759 5266 792 5331 id
806 5270 889 5331 certe
902 5265 1134 5350 probavimus,
1154 5268 1241 5351 qnod
1254 5271 1432 5351 opportune
1447 5267 1527 5331 dixit
1538 5266 1676 5332 loannes
1689 5266 1785 5331 Gerso
1797 5267 1833 5330 in
1846 5284 1936 5348 opus·
2026 5277 2027 5286 ¹

350 5375 424 5440 culo
442 5373 487 5437 sic
504 5372 677 5457 inscripto:
705 5373 888 5457 sequautur
907 5373 1027 5457 aliquae
1041 5375 1314 5443 caudeattoaes
1334 5373 1442 5458 quood
1461 5382 1524 5443 tres
1538 5374 1648 5443 modos
1667 5375 1824 5457 adiutos,
1840 5373 1935 5438 etc.¹²

384 5500 477 5553 ιΤοιιι.
490 5499 500 5549 Ι
508 5535 518 5566 ,
532 5498 594 5549 edit.
607 5500 742 5565 Antwerp.
755 5502 825 5564 litt,
840 5499 890 5550 col.
900 5497 940 5550 2⁰.
