4100 6300
763 525 952 594 ItlSTINGT.
972 525 1009 590 X.
1624 527 1681 589 185

92 660 197 744 prima
212 660 361 744 Magister
374 662 443 745 agit
455 663 494 728 de
507 661 706 746 processione
719 660 859 746 Spiritus
912 665 962 727 tra
975 660 1172 744 itionysium,
1185 662 1217 726 et
1230 665 1341 727 contra
1352 661 1572 743 Angustinum
1588 676 1683 744 araper

91 769 194 835 sancti
206 774 363 853 qnantum
376 771 415 836 ad
431 788 599 854 personam
614 788 687 853 quae
700 769 857 854 procedit3
912 771 1077 848 doomonte,
1101 773 1132 832 et
1145 773 1254 834 rantra
1273 769 1432 836 Ganonem
1455 787 1553 835 sacrm
1574 769 1683 852 Scrip-

90 876 128 942 in
140 879 289 953 mounda,
303 882 461 961 qnantum
474 878 515 943 ad
528 877 720 961 principium
741 896 762 941 a
781 895 857 959 qno,
912 882 1007 956 turae,
1026 877 1102 960 quia
1126 877 1277 942 Dominus
1295 878 1400 961 primo
1419 877 1569 961 quaesivit
1587 896 1607 941 a
1623 876 1682 942 Pe·

89 983 186 1062 inira,
213 985 412 1051 distinctime
438 1005 496 1050 xr:
522 986 583 1052 Hic
610 982 783 1050 donnum
801 989 856 1054 eol,
913 988 989 1049 tro:
1015 983 1126 1051 Simon
1144 985 1290 1066 loannis,
1312 985 1427 1069 diligis
1440 986 1558 1051 meret
1577 989 1685 1067 postea

88 1091 251 1172 Spiritum
263 1088 421 1171 tamtum,
434 1095 514 1171 etc.;
538 1093 574 1155 in
593 1091 687 1155 tertia
701 1108 778 1156 vero
791 1090 861 1171 agit
914 1093 1010 1157 dicit:
1038 1108 1129 1159 omos
1149 1094 1218 1159 mal
1244 1096 1277 1157 et
1302 1094 1346 1157 ita
1373 1112 1431 1176 pro
1460 1093 1571 1157 eodem
1601 1093 1684 1156 acci-

88 1198 134 1262 de
147 1198 250 1282 seipsa
267 1218 325 1283 per
340 1200 609 1282 comparationem
628 1198 669 1262 ad
681 1196 862 1280 generatio·
914 1201 1058 1283 piuntur,
1083 1204 1115 1265 et
1135 1201 1219 1265 hanc
1247 1201 1457 1266 dillerentiam
1483 1200 1686 1283 reprehendit

87 1324 169 1370 nem
201 1326 221 1370 a
251 1325 317 1389 qua
344 1306 562 1388 distinguitur,
592 1305 694 1384 iufra,
728 1304 861 1369 distinc-
915 1308 1093 1390 Dionysius.
1111 1305 1337 1373 Potesttamen
1352 1308 1562 1372 nihilominus
1575 1307 1685 1390 aliqua

87 1412 178 1478 tione
205 1431 285 1478 xm:
317 1414 391 1481 Post
419 1413 484 1479 hoec
512 1411 784 1480 considerandum
814 1418 862 1478 est
915 1414 1092 1480 differentia
1111 1415 1293 1497 assignari:
1310 1414 1688 1498 quamvisenimdeuua

87 1526 251 1601 quantum
263 1537 285 1587 o
297 1520 416 1588 torno
435 1520 542 1604 quola
561 1535 620 1587 ooo
636 1535 758 1586 eumue.
783 1519 863 1584 Item
915 1525 947 1586 et
959 1522 1071 1587 eadem
1084 1521 1206 1604 possint
1222 1521 1283 1585 dici
1300 1522 1475 1599 affectione,
1492 1526 1600 1586 tamen
1612 1520 1686 1599 alia,

88 1628 198 1709 prima
220 1645 310 1710 pers,
333 1645 406 1711 qum
427 1628 567 1693 continet
586 1630 776 1710 praesentem
794 1627 863 1691 dis-
916 1632 947 1693 et
959 1628 1021 1692 alia
1033 1628 1173 1707 ratione3
1190 1646 1281 1693 amor
1295 1629 1382 1692 enim
1396 1629 1471 1694 dicit
1484 1629 1614 1695 affectus
1631 1630 1688 1695 ad-

89 1734 290 1812 ductionem,
311 1735 407 1799 hahet
425 1738 566 1817 quatuor
577 1737 691 1817 partes.
707 1732 744 1797 In
757 1734 864 1817 prima
916 1735 1091 1800 haesionem
1101 1739 1248 1819 respectu
1262 1738 1370 1801 amati.
1382 1736 1470 1802 Unde
1476 1737 1686 1820 dionysius&

88 1841 170 1905 dicit
184 1841 267 1924 quod
275 1840 414 1924 Spiritus
422 1845 551 1906 sanctus
561 1840 702 1923 procedit
713 1843 750 1904 nt
760 1859 861 1921 amor,
920 1844 1097 1907 «Amorem
1109 1842 1270 1908 unitivum
1280 1843 1451 1908 dicimus.»
1467 1842 1594 1909 [tilectio
1611 1863 1688 1909 vero

88 1949 164 2014 sive
176 1949 322 2028 charitas,
336 1948 388 2013 vel
398 1948 535 2027 mentio,
549 1951 582 2012 et
592 1948 654 2012 hoc
666 1948 778 2031 prohat
790 1966 864 2013 auc·
916 1953 1002 2017 ultra
1014 1953 1077 2017 hoc
1088 1952 1175 2017 addit
1183 1952 1386 2032 electionem
1400 1953 1485 2018 unde
1496 1952 1633 2030 dilectio,
1646 1972 1688 2018 ex

87 2056 219 2120 toritate
239 2055 423 2137 Augustini.
447 2054 484 2119 In
510 2054 648 2118 secunda
671 2071 760 2130 vero,
786 2053 865 2136 (luia
916 2059 1183 2127 diversiselectio.
1202 2058 1291 2124 Unde
1307 2060 1342 2123 in
1356 2059 1531 2124 Canticis⁸2
1547 2060 1690 2128 Dilectus

87 2162 373 2229 hiceratduhinm
392 2163 476 2245 quod
491 2161 628 2244 Spiritus
648 2163 776 2225 sanctus
797 2163 865 2225 erat
916 2183 1005 2234 meus
1030 2167 1144 2235 electro
1167 2183 1209 2234 co
1234 2167 1387 2234 millibus.
1416 2166 1559 2232 Charitas
1581 2172 1689 2233 autem
1814 2238 1816 2243 χ

88 2270 243 2348 charitis,
263 2272 371 2337 movet
389 2268 610 2352 tluaesfiffllflffls
630 2273 663 2333 θῖ
681 2267 775 2333 Sillii!
794 2267 862 2331 ihi:
917 2276 1003 2341 ultra
1033 2276 1087 2341 illa
1112 2276 1198 2341 addit
1221 2294 1375 2358 magnam
1403 2257 1688 2359 appretiationem:

87 2376 139 2442 Et
156 2375 229 2442 idco
250 2375 456 2459 quarendum
475 2383 584 2443 otram
596 2376 680 2441 illul
701 2373 809 2441 Patet·
828 2372 865 2437 111
918 2384 1054 2449 charum
1069 2385 1162 2449 enim
1175 2383 1290 2449 dicitnr
1303 2383 1380 2448 illud
1395 2383 1480 2465 qnod
1494 2382 1604 2465 magni
1616 2401 1689 2465 pre-

87 2483 188 2549 tertia
199 2502 276 2549 vero
289 2484 480 2549 solutionem
494 2483 780 2567 perauctoritatem
792 2500 865 2546 con·
917 2493 955 2558 tii
967 2493 1153 2573 aestimatur,
1168 2492 1344 2558 seeundum
1363 2492 1449 2575 quod
1465 2492 1635 2574 Apostolus
1654 2493 1689 2556 in

86 2593 213 2670 firmat,
228 2598 298 2657 tum
311 2596 468 2675 quantum
480 2593 519 2657 ad
530 2591 776 2668 diflfiflssfillsstm,
790 2607 864 2673 (11¹ae
918 2600 1063 2686 Epistotis
1077 2601 1143 2665 suis
1158 2604 1170 2642 ⁸
1184 2604 1275 2666 vorat
1287 2599 1394 2665 fideles
1409 2600 1627 2667 clarissimos.

87 2696 862 2782 estpcrcommunemaoceptionemetpropriam,

86 2811 273 2874 tumetiam
286 2805 864 2893 quantumadveritatem,ibi:Pto-
1300 2890 1302 2895 ,

86 2917 187 2984 ripmg
206 2919 360 3001 exempl&
378 2917 498 2996 dmm,
518 2919 578 2981 θη,
599 2915 636 2979 1„
657 2919 772 2998 quma
786 2932 864 2980 vel-0
944 2896 1051 2972 Propria
1065 2907 1180 2959 verbum
1193 2906 1257 2973 Dei,
1272 2906 1350 2958 attam
1363 2906 1411 2958 Dei
1424 2905 1550 2971 sapientia
1560 2906 1661 2959 motor.

85 3031 124 3091 et
141 3026 253 3090 ultima
265 3026 425 3110 praedictae
438 3024 604 3091 solutionis
615 3023 758 3105 assignat
769 3024 865 3089 ratio·
958 3028 1126 3095 ltubimtur
1145 3031 1184 3095 de
1197 3031 1257 3095 hac
1275 3048 1364 3110 voce,
1382 3031 1525 3113 proprie,
1541 3028 1618 3112 qnia
1629 3032 1687 3093 aut

85 3153 183 3211 nem,
199 3135 365 3200 ostendens
378 3135 465 3218 quod
484 3133 624 3217 Spiritus
646 3134 773 3196 sanctus
788 3151 865 3216 pro-
918 3137 1071 3221 accipitur
1097 3140 1233 3221 proprio,
1258 3138 1336 3221 quia
1357 3138 1416 3203 soli
1444 3137 1609 3215 convenit3
1634 3140 1691 3202 ant

85 3245 165 3329 prie
185 3244 309 3308 dicatur
328 3244 475 3324 charitas,
497 3262 573 3309 cum
589 3242 726 3307 charitas
747 3241 787 3305 sit
802 3260 865 3305 no·
916 3250 1059 3333 proprio,
1072 3249 1149 3332 quia
1162 3250 1373 3334 appropriate.
1397 3249 1479 3327 Quia
1497 3249 1524 3313 si
1540 3249 1611 3328 soli,
1628 3250 1690 3314 hoc

85 3370 173 3417 men
186 3370 368 3428 commune,
384 3356 416 3417 et
435 3353 498 3416 hoc
517 3352 583 3416 ihi:
604 3351 666 3417 lite
686 3348 865 3416 notandum
918 3361 965 3421 est
983 3356 1110 3436 falsum,
1130 3356 1206 3439 qnia
1225 3356 1379 3439 sapientia
1392 3356 1482 3422 nullo
1500 3357 1596 3421 modo
1614 3356 1690 3422 dicit

84 3468 152 3534 cai,
162 3460 341 3543 omoocut
351 3459 495 3542 Spiritus
503 3464 634 3527 coaetus
642 3460 681 3525 in
693 3458 862 3525 Tttnttote.
918 3467 1141 3550 proprietatem
1164 3467 1378 3549 personalem3
1402 3466 1429 3530 si
1450 3465 1588 3551 proprie,
1611 3465 1689 3548 quia

918 3572 1131 3655 appropriate,
1152 3572 1212 3636 hoo
1233 3572 1314 3636 nihii
1331 3571 1406 3636 facit
1418 3572 1459 3636 ad
1475 3571 1686 3655 propositum,

919 3680 995 3763 quia
1015 3679 1166 3761 Magister
1184 3679 1256 3744 vuit
1278 3680 1441 3763 inquirere
1463 3680 1688 3763 proprietatem

918 3787 1055 3871 Spiritus
1066 3787 1177 3864 sancti,
1192 3805 1256 3851 non
1267 3787 1518 3870 appropriatum.

134 3894 300 3972 Quaeritur
311 3899 423 3959 utrum
438 3894 574 3959 charitas
591 3896 624 3958 et
635 3892 761 3957 dilectio
774 3890 865 3955 ditio·
960 3894 999 3959 Et
1009 3894 1147 3958 iterum:
1163 3892 1305 3957 Charitas
1316 3893 1443 3958 videtur
1455 3893 1561 3975 magis
1573 3910 1690 3976 appro-

88 4006 186 4081 rant;
208 4006 239 4066 et
251 4004 338 4087 quod
357 4003 413 4079 sic,
435 4002 561 4067 videtur
576 4019 634 4084 per
645 4000 803 4065 Isidorum
817 3999 866 4063 di·
918 4002 1017 4085 priari
1038 4000 1134 4081 Patri,
1158 4001 1335 4066 secundum
1351 4002 1439 4084 qnod
1451 4001 1568 4065 dicitur
1580 4000 1616 4064 in
1634 4000 1689 4064 illa

39 4185 44 4193 ¹
86 4111 266 4175 centem¹:
289 4110 418 4176 «Amor
437 4112 485 4174 est
502 4108 718 4188 rationalium,
740 4107 867 4171 etirra-
920 4126 1015 4192 prosa
1030 4132 1037 4173 :
1054 4109 1201 4175 Ghotitot
1215 4109 1311 4175 Potor
1325 4113 1381 4174 est.

85 4216 282 4295 donatiam,
315 4217 441 4282 dilectio
464 4216 669 4281 rationalium
696 4217 862 4279 tantuma
960 4215 1040 4279 Item
1064 4216 1126 4280 hoo
1146 4216 1272 4280 videtur
1294 4233 1351 4299 per
1378 4214 1585 4293 Richardum,
1606 4215 1693 4297 quod

83 4323 159 4390 Sed
175 4328 296 4402 contra,
310 4342 367 4407 per
382 4322 584 4406 dionysium,
604 4321 643 4388 da
656 4322 789 4388 Dtoioia
802 4321 866 4387 No·
920 4340 1011 4387 amor
1041 4323 1203 4405 gratuitus
1232 4327 1279 4387 est
1307 4324 1343 4387 in
1372 4321 1480 4420 Patre,
1511 4323 1547 4386 iu
1570 4321 1692 4405 Spiritu

84 4431 264 4499 mittitur:
290 4431 398 4495 «thoi
428 4431 578 4497 videntur
608 4429 751 4511 theologi
776 4447 866 4494 com-
920 4439 1028 4496 sancto
1041 4429 1177 4508 debitus,
1190 4430 1227 4494 in
1239 4428 1321 4493 Filio
1335 4448 1375 4494 ex
1393 4433 1530 4513 utroque
1549 4428 1692 4512 permix-
1739 4437 1741 4442 ’

82 4535 196 4606 mune
209 4539 287 4623 quid
299 4540 403 4605 dicere
423 4537 600 4604 dilectionis
620 4541 652 4602 et
669 4537 788 4603 amoris
804 4556 866 4602 no·
920 4544 993 4604 tus:
1009 4556 1100 4620 ergo,
1121 4557 1195 4601 cnm
1208 4537 1345 4601 charitas
1355 4536 1439 4609 dicat
1451 4554 1595 4600 amorem
1616 4554 1694 4619 gra·

82 4649 198 4727 mine3
212 4668 227 4706 a
239 4651 271 4712 et
279 4647 398 4712 ibidem
408 4646 613 4727 reprehendit
623 4645 865 4727 distinguentes,
920 4646 1052 4721 tuitum,
1064 4644 1156 4709 dehet
1169 4661 1248 4727 ergo
1263 4642 1463 4726 appropriari
1475 4641 1572 4707 Patri.

82 4759 215 4834 dicens,
228 4755 314 4838 quod
336 4755 484 4819 «faciunt
496 4754 565 4820 vim
579 4753 615 4817 in
627 4752 753 4818 levibus
768 4752 865 4832 sonis,
961 4752 1054 4835 Resp.
1073 4750 1247 4815 [licendum
1267 4749 1352 4833 quod
1366 4769 1431 4815 non
1449 4753 1495 4814 est
1509 4749 1695 4815 omnimoda

81 4862 188 4950 quasi
201 4881 335 4927 noanon
347 4862 655 4946 possimusquatuor¹
664 4859 779 4944 perbis
789 4859 865 4939 dno,
921 4858 1107 4939 similitudo,
1131 4859 1185 4923 sed
1203 4859 1239 4921 in
1254 4859 1316 4922 hoc
1333 4860 1381 4923 est
1394 4856 1591 4921 similitudo:
1617 4875 1693 4922 nam

82 4979 124 5041 et
137 4971 278 5058 patriam
292 4989 350 5056 per
359 4971 463 5036 natale
477 4970 581 5034 solnm
594 4969 785 5050 significare.
798 4990 814 5027 s
921 4985 1093 5032 commune
1113 4969 1216 5050 potest
1235 4964 1435 5047 appropriari
1457 4967 1606 5028 manente
1618 4964 1694 5027 uni-

1246 2790 1315 2836 DUB.
1338 2788 1372 2834 11.

421 3653 490 3700 DUB.
513 3651 536 3698 l.

197 3764 305 3831 Spiritus
316 3768 419 3817 sanctus
433 3778 506 3816 amor
518 3766 571 3828 est,
584 3762 638 3814 sive
652 3761 771 3813 conaus.

134 5079 231 5163 Resp.
246 5078 353 5161 Aliqui
370 5078 543 5144 voluerunt
556 5077 661 5141 dicere
673 5076 759 5158 qnod
772 5074 867 5140 diffe-
922 5078 984 5140 tate
994 5075 1093 5152 vocis,
1104 5074 1157 5139 vel
1165 5072 1419 5155 significationis.
1433 5071 1539 5139 Potest
1547 5072 1693 5136 similiter

83 5191 186 5265 runt,
206 5185 283 5270 quia
303 5185 427 5250 dilectio
447 5184 562 5250 dicitnr
576 5184 630 5248 illa
647 5184 775 5267 proprie
793 5201 867 5266 quae
921 5182 1051 5265 miqnod
1063 5201 1181 5247 nomen
1193 5182 1290 5247 simui
1303 5180 1366 5246 dici
1378 5199 1435 5264 per
1455 5181 1692 5266 proprietatem,

84 5303 144 5365 est
162 5315 206 5362 ex
224 5295 389 5361 voluntate
408 5295 564 5373 ordinata,
583 5294 638 5358 sed
655 5310 746 5358 amor
758 5296 805 5357 est
816 5293 867 5357 al-
921 5295 953 5372 et
975 5308 1033 5374 per
1049 5290 1229 5370 maeotim,
1252 5290 1403 5353 manente
1425 5287 1547 5352 unitate
1563 5288 1650 5352 vocis
1662 5293 1695 5352 et

84 5404 192 5474 sectio
202 5403 380 5469 libidinosa.
398 5402 460 5468 Sed
471 5403 543 5467 haec
554 5401 713 5468 distinctio
725 5403 773 5465 est
785 5417 866 5465 oon-

921 5455 1059 5520 Areopag,
1073 5453 1103 5504 de
1114 5454 1172 5506 Dio.
1185 5451 1337 5505 Nomia-⁸
1347 5450 1431 5514 Cart,
1445 5462 1472 5515 r,
1481 5448 1578 5502 itt-⁸
1588 5450 1609 5503 ll
1620 5449 1692 5509 Tim„

128 5529 216 5581 llaid.
230 5528 342 5596 Hispal,
362 5527 407 5580 lib.
429 5527 583 5598 Etpmotoq„
603 5541 626 5579 c.
642 5536 678 5578 rr.
691 5551 723 5566 ·-
736 5524 866 5594 ’Dionys
921 5537 940 5591 1,
949 5528 975 5578 i.
