4100 6300
516 402 704 472 DlS'llNC'l'.
726 400 805 469 xlx.
827 399 944 469 PART.
963 401 1006 468 ll.
1025 402 1116 469 ART.
1138 401 1163 468 l.

1577 413 1637 478 333

57 540 226 620 medibiia,
239 539 302 605 nisi
313 539 493 607 intellectus
512 541 575 606 tide
596 540 772 607 illustretur
784 540 817 603 et
871 541 1031 622 quantum
1043 538 1213 622 adputec,
1234 537 1305 605 ideo
1324 540 1414 607 nullo
1428 544 1524 610 modo
1533 551 1637 631 potest

57 649 238 733 captivetur.

362 768 431 815 oua.
453 768 488 814 11.

55 882 138 949 Aliqum
143 882 360 1007 Μοᾞξιωοιο
371 897 467 1007 quaeslrbp
472 882 673 1022 egidjumffiffic,
682 881 736 934 sire
745 894 813 934 com-

199 970 217 1021 p
280 970 340 1021 olle,
354 970 407 1008 non
459 970 469 1006 1
524 970 540 1005 u
656 991 663 1004 .

87 1079 216 1146 Videtur
237 1079 320 1145 male
341 1079 464 1160 dicere,
479 1080 556 1164 quia
574 1078 621 1144 illi
642 1081 811 1162 computa·

52 1187 124 1253 tioni
136 1190 190 1251 aut
202 1189 371 1272 respondet
384 1189 505 1272 ahqrdd
523 1188 558 1252 in
569 1206 616 1263 re,
638 1191 695 1251 aut
705 1186 809 1251 nihil:

51 1293 75 1355 si
86 1291 201 1376 aliquid
208 1295 386 1377 respondet,
401 1313 481 1377 ergo
498 1312 564 1359 non
579 1294 714 1359 differta
726 1310 811 1376 prae·

50 1399 164 1465 cedenti
179 1401 370 1482 differentia3
386 1403 413 1466 si
427 1401 508 1465 nihil
522 1401 710 1485 respondet,
731 1418 811 1483 ergo

50 1506 197 1571 distinctio
210 1507 278 1573 sive
287 1510 481 1593 computatio
494 1514 602 1574 nostra
614 1526 710 1593 super
729 1508 811 1572 nihil

50 1617 201 1678 etvanum
212 1614 346 1679 fundata
360 1619 419 1680 est.

86 1718 173 1804 Resp.
189 1701 363 1787 Dicendum
380 1724 467 1807 quod
489 1722 717 1807 computationi
735 1740 811 1788 nos-

49 1830 114 1904 trae,
128 1846 200 1893 cum
215 1828 369 1897 dicimus:
392 1830 522 1909 «Unus,
537 1832 612 1912 duo,
628 1835 703 1910 tres,
716 1852 732 1891 c
750 1830 811 1895 ali-

50 1935 120 2017 quid
131 1937 311 2021 respondet.
333 1937 395 2003 Sed
408 1938 488 2003 illud
505 1957 572 2004 non
585 1941 632 2003 cst
645 1939 811 2003 diversitas

49 2043 230 2124 numeralis,
253 2045 309 2111 sed
329 2045 487 2111 distinctio
508 2045 683 2129 personalis
701 2048 811 2112 :unde

48 2148 80 2212 in
92 2149 203 2216 divinis
213 2170 280 2217 non
292 2152 408 2217 dieitur
418 2171 488 2217 esse
498 2171 738 2233 numen1s,neo
753 2154 811 2218 dii·

49 2255 173 2322 terentia
183 2260 363 2324 secundum
377 2278 568 2341 numerum,
579 2261 641 2325 nisi
653 2261 808 2327 addatur:

53 2366 246 2430 «secundum
255 2385 430 2432 numerum
440 2385 661 2451 personarum,
674 2389 689 2427 s
701 2369 756 2451 qui
765 2369 811 2432 di·

50 2469 90 2533 cit
100 2471 333 2539 distinctionem
344 2474 378 2538 in
387 2475 621 2559 hypostasibus,
634 2493 699 2541 non
708 2475 742 2538 in
755 2493 812 2540 na·

50 2581 116 2641 tura
133 2597 141 2642 r
154 2579 236 2658 ideo,
252 2582 402 2664 quamvis
411 2582 557 2647 dicantur
567 2588 632 2647 tres
643 2600 808 2666 personae,

50 2689 152 2750 umen
163 2706 228 2752 non
242 2693 291 2754 est
301 2689 344 2753 ibi
357 2691 526 2771 ternarius,
541 2691 596 2757 sed
608 2690 755 2757 Trinitas.

356 2898 426 2946 nus.
448 2900 495 2947 111.

51 3010 109 3062 Cum
119 3013 186 3065 Deus
194 3014 296 3066 dicatm
304 3014 394 3081 trinus,
401 3030 456 3068 non
465 3020 552 3069 umen
562 3017 639 3071 debet
647 3018 698 3070 dici
706 3018 808 3084 triplex.

86 3134 213 3205 Videtur
225 3139 331 3207 dicere
345 3146 455 3208 contra
467 3142 545 3208 illud
556 3143 641 3227 qnod
654 3145 807 3212 dicitur¹:

53 3243 185 3326 Spiritus
198 3249 372 3330 cupieutt'oe
387 3257 436 3317 est
446 3252 617 3334 multiplex
632 3271 732 3335 :ergo
748 3253 810 3318 du·

51 3349 117 3432 plex
127 3353 177 3418 vel
194 3355 397 3440 quadruplex
413 3379 420 3422 :
436 3376 527 3440 ergo,
541 3363 601 3423 etc.

87 3458 173 3537 ltem,
198 3460 340 3527 lsidorus
365 3463 442 3529 dicit
461 3471 473 3506 ⁸
491 3466 578 3548 quod
602 3465 741 3533 Trinitas
762 3471 811 3533 est

52 3566 209 3650 multiplex
222 3572 255 3633 et
266 3571 484 3653 numerabilis.

86 3672 161 3739 Item
171 3677 295 3742 ratione
306 3678 444 3757 videtur,
457 3679 533 3763 quia
543 3699 669 3764 pannus
678 3701 764 3747 unus
774 3683 809 3747 in

51 3781 408 3869 substantiaduplicatus
420 3788 539 3872 duplex
556 3790 681 3871 dicitur,
705 3791 808 3875 tripli·

52 3894 132 3954 catus
141 3892 257 3977 triplex
273 3912 389 3977 tergo,
405 3895 431 3960 si
444 3915 511 3961 una
523 3902 570 3962 est
584 3898 760 3963 substantia
773 3899 809 3965 in

50 3996 144 4063 trihus
156 3999 390 4085 hypostasibus,
406 4004 533 4071 videtur
542 4005 694 4089 triplicari
704 4007 739 4070 in
748 4006 805 4089 eis,

51 4107 79 4166 et
88 4106 197 4189 triplex
207 4109 281 4174 dici.

85 4208 173 4296 llesp.
189 4213 362 4282 Dicendum
376 4220 463 4302 quod
475 4220 632 4286 distinctio
652 4220 808 4303 persona-

50 4335 118 4383 mm
138 4340 203 4388 non
222 4330 326 4409 potest
347 4328 521 4410 significari
537 4348 595 4414 per
612 4330 808 4396 additionem

50 4428 170 4492 termini
186 4434 394 4498 numerabilis
415 4436 456 4499 ad
478 4436 541 4501 hoo
560 4455 680 4502 nomen
704 4438 806 4519 Deua,

52 4532 106 4596 nisi
117 4535 214 4620 hujus
228 4540 367 4604 nominis
387 4543 512 4619 trinus,
531 4543 618 4625 quod
631 4544 809 4627 specialiter

52 4638 87 4701 ad
99 4639 156 4706 hoc
168 4643 336 4711 inventum
349 4652 409 4729 est,
424 4651 462 4712 ut
474 4649 632 4731 significet
642 4651 809 4734 pluralita-

52 4747 111 4809 tem
125 4748 157 4812 in
174 4754 345 4836 suppositis
360 4773 434 4819 cum
452 4755 575 4820 unitate
593 4758 716 4822 lormae.
728 4758 809 4836 Quia

53 4861 323 4942 ergohocnomea
343 4861 463 4943 triplex
483 4863 559 4927 dicit
576 4863 809 4930 distinctionem

53 4966 226 5051 simpliciter
239 4969 274 5033 in
286 4969 424 5034 termino
433 4970 484 5034 cui
496 4969 633 5049 additur,
643 4973 695 5037 vel
705 4990 811 5056 quan·

53 5076 119 5138 tum
133 5076 172 5140 ad
184 5077 337 5159 formam,
351 5077 402 5143 vel
427 5081 585 5161 quantum
603 5078 643 5143 ad
667 5080 809 5162 pardum

54 5182 357 5266 multiplicationem
373 5187 492 5270 etquia
505 5186 540 5250 in
557 5186 621 5252 lieo
639 5205 706 5252 non
728 5188 811 5255 cadit

54 5289 273 5375 multiplicatio,
287 5313 347 5360 nec
358 5299 518 5378 quantum
534 5293 575 5359 ad
590 5295 737 5374 formam,
752 5313 812 5361 nec

84 5412 171 5484 ¹Sap,
183 5410 423 5487 vr1,ti.-³lsid.,
435 5419 557 5486 litpmot,
574 5420 619 5473 lib.
629 5420 674 5474 Vll
681 5455 690 5486 ,
700 5434 756 5486 cap.
771 5432 809 5475 rt.

870 644 932 710 dici
947 645 1074 729 triplex.

909 744 999 830 Quod
1012 771 1091 835 ergo
1109 752 1267 837 objicitur,
1285 755 1371 837 quod
1388 757 1504 825 dicitur
1522 762 1635 826 multi-

868 858 958 942 plex;
975 859 1146 925 dicendum
1160 861 1245 943 quod
1261 862 1346 926 istud
1358 866 1406 928 est
1420 865 1540 932 dictum
1555 887 1633 934 cau·

868 966 985 1046 saliter,
1003 967 1080 1051 quia
1100 973 1147 1032 est
1169 986 1264 1033 carisa
1291 970 1481 1053 multorum,
1501 978 1533 1039 et
1553 976 1632 1058 quia

867 1073 1033 1139 variorum
1061 1075 1220 1140 donorum
1243 1076 1428 1143 effectivum
1445 1083 1492 1144 est
1514 1081 1632 1164 priuci-

867 1181 969 1263 pium,
981 1180 1018 1245 in
1033 1181 1151 1264 quibus
1162 1186 1210 1247 est
1221 1201 1299 1248 vera
1310 1184 1478 1251 diversitas
1491 1210 1498 1250 :
1509 1207 1575 1254 non
1587 1190 1633 1256 sic

866 1287 902 1351 in
915 1288 1068 1371 personis.
1092 1287 1130 1353 Et
1144 1290 1231 1372 quod
1250 1290 1325 1355 dicit
1343 1290 1497 1371 Isidorus,
1513 1295 1634 1380 impro-

865 1394 934 1477 prie
961 1395 1082 1460 dictum
1104 1400 1168 1477 est,
1193 1400 1225 1462 et
1247 1401 1473 1482 exponendum
1491 1407 1548 1468 est.
1582 1404 1633 1471 Ad

865 1501 955 1582 illud,
969 1504 1056 1585 quod
1068 1504 1153 1569 idem
1172 1523 1298 1587 pannus
1311 1506 1427 1573 dicitur
1442 1511 1631 1595 multiplex,

865 1608 1033 1675 dicendum
1046 1612 1255 1694 quodverum
1264 1617 1325 1694 est3
1336 1616 1632 1684 sedtamensecun·

865 1715 944 1780 dum
958 1716 1165 1783 aliasetalias
1179 1725 1300 1802 partes:
1312 1727 1344 1786 et
1354 1723 1475 1805 quiain
1489 1724 1629 1791 Deonon

865 1828 913 1888 est
927 1824 1036 1890 alietas
1047 1826 1187 1909 partium
1199 1845 1258 1893 nec
1270 1828 1392 1910 iormae,
1406 1831 1477 1896 ideo
1490 1851 1555 1897 non
1570 1852 1629 1918 po‹

864 1935 925 1997 test
934 1933 996 1997 dici
1008 1934 1137 2018 triplex.

1179 2144 1248 2190 DUB.
1269 2144 1315 2191 IV·

1081 2259 1111 2310 ln
1123 2258 1200 2311 rebus
1210 2260 1279 2311 enim
1292 2259 1432 2326 corporcis.

903 2381 1037 2450 Videtur
1049 2385 1132 2450 male
1145 2386 1249 2451 dicere
1261 2386 1346 2469 quod
1358 2387 1393 2451 in
1405 2388 1502 2452 rebus
1512 2408 1629 2474 corpo·

863 2489 926 2555 reis
943 2490 1016 2574 plus
1035 2491 1099 2555 sint
1115 2491 1188 2557 duae
1209 2511 1306 2576 quam
1328 2512 1395 2558 una
1416 2513 1481 2575 res;
1501 2497 1629 2562 videtur

863 2598 950 2663 enirn
960 2600 1120 2681 instantia,
1135 2603 1213 2683 quia
1224 2602 1310 2684 iguis
1324 2621 1398 2667 cum
1412 2603 1496 2668 terro
1505 2623 1572 2668 non
1582 2609 1631 2670 est

864 2706 940 2789 quid
954 2709 1060 2790 meJ‘us
1080 2726 1179 2791 quam
1197 2708 1319 2773 sermm
1337 2728 1458 2793 perse,
1479 2711 1548 2777 sive
1568 2712 1630 2776 lux

863 2832 939 2878 cum
955 2833 1039 2880 aere.
1054 2815 1088 2880 Si
1098 2815 1183 2881 dicas
1202 2817 1288 2899 quod
1300 2836 1366 2881 non
1387 2823 1463 2883 sunt
1475 2837 1629 2903 corpora,

863 2923 1011 3006 objicitur
1019 2925 1106 3009 quod
1118 2942 1234 3009 corpus
1247 2926 1460 3008 glorificatum
1473 2929 1570 2993 simul
1579 2932 1627 2994 est

863 3033 1199 3115 cumnongloritlcato,
1209 3037 1241 3097 et
1249 3036 1487 3101 tantumlocum
1494 3041 1630 3121 occupat

862 3140 1504 3226 nonglorificatumperse,quantumcum
1511 3144 1630 3227 glorio·

863 3267 898 3314 so
910 3269 918 3314 ε
932 3268 1011 3332 ergo
1018 3268 1085 3316 non
1092 3253 1290 3334 suntmajus,
1305 3252 1380 3336 quia
1392 3270 1507 3337 corpus
1518 3257 1624 3339 majus

863 3357 1020 3438 majorem
1045 3357 1311 3440 occupatlocum.

902 3463 995 3548 Resp.
1010 3463 1184 3530 Dicendum
1200 3465 1284 3547 quod
1300 3465 1501 3548 Augustinus
1519 3468 1629 3552 loqui·

862 3574 916 3635 tur
929 3572 1076 3637 derebus
1088 3572 1246 3655 corporeis
1260 3591 1399 3656 Quum
1411 3574 1563 3657 quaelibet
1579 3580 1628 3641 est

863 3697 979 3763 corpus
994 3702 1002 3745 ι
1018 3679 1073 3744 sed
1086 3680 1172 3762 ignis
1182 3679 1217 3743 in
1228 3668 1322 3756 ferro,
1335 3679 1394 3743 lux
1407 3680 1443 3744 iu
1456 3699 1544 3761 aere,
1560 3700 1628 3746 non

864 3791 911 3851 est
924 3805 1049 3871 corpus,
1060 3787 1114 3853 sed
1127 3788 1301 3871 proprietas
1310 3789 1460 3872 corporis.
1472 3788 1629 3855 Praeterea

862 3895 1040 3959 notandum
1053 3895 1139 3978 quod
1154 3895 1356 3978 Augustinus
1368 3914 1434 3960 non
1448 3896 1561 3980 accipit
1580 3895 1628 3961 ibi

862 4002 969 4085 modus
981 4003 1161 4081 extensive,
1177 4004 1232 4069 sed
1244 4003 1356 4086 accipit
1372 4005 1446 4085 ptus
1466 4007 1627 4087 quantum

862 4110 903 4175 ad
915 4111 1081 4177 veritatem
1093 4111 1268 4176 existentlae
1282 4159 1292 4191 ,
1307 4111 1358 4177 vel
1371 4111 1526 4176 essentiae.
1548 4108 1629 4175 Cum

862 4219 950 4283 euim
977 4238 1043 4284 non
1070 4220 1110 4283 sit
1131 4237 1259 4283 summa
1286 4219 1404 4284 veritas
1434 4219 1469 4282 in
1488 4217 1631 4300 qualibet

862 4345 909 4407 re,
928 4326 1000 4411 plus
1021 4330 1069 4391 est
1093 4327 1132 4391 de
1148 4328 1280 4392 veritate
1298 4325 1473 4392 existentiae
1495 4325 1530 4389 iu
1552 4326 1631 4390 dua·

861 4433 922 4497 hus
933 4433 1030 4498 rebus
1040 4452 1137 4516 mam
1147 4433 1181 4497 in
1194 4452 1275 4513 una,
1290 4431 1437 4515 quamvis
1447 4450 1513 4496 non
1531 4432 1572 4495 sit
1584 4431 1629 4496 ihi

858 4530 936 4624 ¹plus
948 4541 987 4605 de
999 4540 1165 4606 latitudine
1176 4541 1353 4617 distantias,
1372 4540 1439 4604 sive
1456 4539 1630 4605 extensivae

862 4647 1105 4731 magnitudinis,
1113 4647 1557 4732 velcapacitatisconteutivae,
1567 4650 1628 4712 etc.

1097 4877 1338 4950 ARTICULUS
1360 4876 1387 4948 Ι.

904 5079 953 5144 Ad
978 5077 1222 5161 intelligentiam
1245 5078 1346 5161 hujus
1371 5073 1469 5160 partis
1494 5080 1636 5163 quatuor

865 5189 1056 5270 quaeruntur
1079 5204 1088 5249 ε
1113 5185 1228 5267 primo,
1255 5189 1367 5248 uuum
1394 5183 1428 5246 in
1453 5183 1570 5249 divinis
1590 5185 1631 5250 sit

864 5312 983 5379 ponere
994 5296 1100 5359 totam
1114 5290 1286 5373 integrale3
1301 5291 1451 5372 secundo,
1466 5295 1577 5356 utrum
1590 5292 1634 5357 sit

865 5419 984 5487 ponere
1002 5404 1108 5466 totum
1126 5397 1321 5481 universale,
1339 5398 1448 5479 tertio,
1469 5401 1581 5464 utrum
1597 5398 1634 5465 iu
