4100 6300
858 542 965 613 vira.
1474 563 1477 569 ’
1654 564 1710 608 xxr

118 674 188 739 latis
222 678 386 759 nonnulli,
425 679 482 762 qui
513 696 626 745 eorum
661 679 850 745 sententiam
887 679 929 744 ad
957 678 1116 763 pontilicis
1142 677 1302 762 judicium
1331 677 1521 742 retulerunt.
1557 674 1711 741 Nonnulli

118 783 233 861 etiam,
249 785 305 868 qui
319 787 381 850 sub
396 787 579 851 conditione
605 788 775 852 censebant
797 788 881 852 inter
897 786 1029 853 Sanctos
1051 785 1270 863 referendum,
1288 785 1440 849 videlicet
1461 785 1488 848 si
1509 802 1587 849 vera
1608 789 1709 865 erant,

117 908 190 973 quas
210 892 251 956 ab
265 896 389 958 oratore
414 892 586 960 Octaviano
609 895 648 959 de
670 895 804 975 meritis,
833 899 865 959 et
885 893 1048 958 miraculis
1068 894 1196 958 recitata
1216 893 1354 959 fueraut.
1378 891 1519 957 Tandem
1545 893 1711 988 communi

116 1005 191 1064 volo
205 1003 340 1065 ventum
361 1001 460 1065 estin
481 1000 591 1067 eausa
612 1003 819 1082 sententiam,
835 1020 909 1084 quac
934 1002 1008 1077 fuit,
1027 1004 1065 1065 ut
1088 1001 1235 1083 proximo
1259 1001 1310 1064 die
1331 1004 1427 1082 juxta
1445 999 1710 1064 consuetudinem

116 1108 296 1171 ceremonia
315 1109 417 1187 Berat,
434 1127 509 1191 quae
530 1109 566 1173 in
589 1110 812 1175 canonizandis
832 1109 954 1174 servari
976 1110 1141 1174 consuevit
1143 1156 1204 1173 .....
1228 1108 1282 1172 Bia
1305 1127 1383 1172 vero
1399 1108 1575 1187 dominico,
1591 1125 1707 1186 mane,

115 1212 212 1295 hora,
228 1234 294 1297 qua
306 1216 470 1280 cousuevit
490 1216 545 1297 agi
564 1217 675 1282 diviua
696 1235 762 1294 res,
780 1235 959 1282 convenere
981 1216 1157 1280 cardinales
1178 1219 1211 1280 et
1231 1216 1355 1299 praelati
1378 1234 1505 1296 omues,
1521 1219 1570 1280 etc
1575 1262 1635 1280 .....
1652 1216 1710 1280 His

115 1322 267 1405 peractis,
282 1327 468 1405 procurator
480 1324 729 1388 canonizationis
748 1325 838 1407 petiit
855 1325 1011 1388 instanter
1032 1344 1052 1387 a
1066 1324 1214 1406 pontifice
1233 1322 1452 1406 pronuntiari,
1478 1327 1510 1387 et
1525 1324 1706 1387 canonizari

114 1427 247 1493 Beatum
267 1428 541 1509 Bonaventuram‚
558 1430 610 1494 his
629 1431 736 1495 verbis
754 1430 901 1496 videlicet
918 1455 925 1496 :
944 1431 1127 1496 Beatissimo
1146 1429 1254 1508 Pater,
1272 1429 1488 1511 scriptumest
1511 1430 1534 1509 (Ι
1556 1431 1705 1510 ioannis)

115 1536 203 1620 quod
215 1541 280 1601 tres
294 1542 379 1616 sunt,
394 1537 450 1619 qui
463 1538 683 1602 testimonium
697 1538 911 1621 perhibentia
925 1539 1016 1615 ecclc,
1033 1537 1137 1617 Pater,
1151 1536 1303 1613 Verbum,
1319 1542 1351 1600 ct
1365 1536 1502 1619 Spiritus
1516 1535 1662 1614 Sanctus,
1677 1543 1710 1604 et

113 1643 149 1708 hi
162 1648 230 1707 tres
245 1645 463 1709 testimonium
478 1645 648 1725 dederunt,
662 1646 749 1728 quod
761 1646 873 1710 boatus
890 1644 1115 1711 Bonaventura
1127 1645 1167 1708 de
1182 1642 1391 1725 Balneoregio
1410 1644 1573 1725 quondam
1586 1645 1707 1710 ordiuis

113 1751 252 1815 fratrum
266 1752 429 1816 minorum
442 1751 619 1833 generalis,
633 1771 670 1816 ac
688 1753 892 1837 postmodum
913 1753 944 1818 S.
961 1753 998 1817 B.
1013 1753 1050 1817 E.
1074 1751 1259 1827 cardinalis,
1276 1757 1308 1814 et
1321 1751 1486 1833 episcopus
1501 1752 1707 1834 albanensis,

113 1858 226 1923 veniat
237 1858 485 1939 canonizandus,
498 1864 535 1924 ut
547 1864 632 1944 patet
647 1877 705 1944 per
718 1879 883 1942 processus
896 1860 1120 1925 commissione
1133 1859 1305 1923 sanctitatis
1326 1864 1459 1937 vestrae,
1474 1863 1506 1923 et
1523 1860 1710 1925 auctoritato

113 1966 287 2048 apostolica
301 1968 468 2032 conlectos.
486 1967 555 2050 Ego
569 1967 679 2032 Frater
692 1966 805 2032 Petrus
820 1967 1007 2051 Bodulphus
1020 1967 1060 2031 de
1075 1964 1251 2048 Viglevano
1266 1967 1390 2048 praefati
1402 1964 1528 2030 Ordinis
1541 1965 1708 2031 Minorum

114 2073 149 2136 in
174 2073 263 2137 alma
285 2074 378 2139 Curia
400 2080 506 2140 vestra
526 2075 730 2153 Procurator,
756 2093 846 2152 meo,
870 2080 902 2140 et
924 2075 1142 2159 procuratorio
1167 2072 1294 2138 Ordinis
1311 2072 1434 2155 praefati
1455 2072 1656 2153 nominibus,
1672 2094 1709 2139 ac

113 2180 212 2244 etiam
238 2183 423 2247 nominihus
448 2181 647 2248 Serenissimi
674 2181 893 2247 Romanorum
914 2182 1134 2265 Imperatoris,
1159 2185 1191 2245 et
1221 2180 1479 2246 christianissimi
1510 2179 1708 2246 Francorum

78 2332 82 2340 ·
114 2287 229 2370 Regis,
243 2289 445 2373 aliorumque
456 2290 598 2372 Regum,
615 2289 755 2370 Ducum,
770 2288 972 2374 Principum,
988 2293 1038 2354 etc
1041 2336 1102 2353 .....
1118 2292 1149 2352 et
1163 2307 1205 2352 ex
1218 2291 1307 2369 parte
1321 2285 1377 2386 ss:
1392 2285 1568 2365 Trinitatis,
1588 2286 1707 2370 Patris,

113 2399 145 2459 et
157 2394 247 2474 Filii,
263 2401 294 2460 et
308 2394 444 2479 Spiritus
459 2398 571 2474 sancti,
586 2397 654 2481 qui,
669 2403 705 2462 ul
718 2398 888 2481 praelatum
901 2403 959 2477 est,
975 2398 1013 2462 de
1028 2396 1129 2479 ipsius
1142 2396 1246 2478 gloria
1256 2395 1412 2459 testitlcati
1426 2394 1569 2474 luerunt,
1585 2396 1710 2461 instan-

113 2507 171 2584 ter,
189 2504 380 2583 instantius,
395 2508 427 2568 et
442 2505 669 2569 instantissime
682 2506 811 2588 requiro
826 2506 973 2589 supplex,
987 2508 1020 2569 et
1030 2503 1196 2585 adstringo
1209 2503 1407 2566 sanctitatem
1420 2505 1573 2582 vestram,
1588 2522 1654 2568 non
1671 2504 1710 2570 do

113 2610 232 2693 gratia,
246 2611 352 2676 sedda
364 2612 529 2691 debit0,ac
541 2632 630 2677 mera
640 2615 775 2696 justitia,
786 2617 944 2696 quatenus
957 2630 1046 2676 nuuc
1059 2612 1098 2676 de
1113 2609 1261 2693 praesenti
1272 2610 1313 2674 ad
1328 2608 1605 2674 Canouizationem
1620 2612 1709 2677 Beati

113 2718 369 2795 Bonaventurae,
382 2720 559 2784 secundum
573 2720 658 2802 quod
673 2721 707 2784 in
721 2721 858 2804 publicis
873 2719 1072 2784 Consistoriis
1084 2718 1247 2783 decretum
1259 2717 1335 2796 fuit,
1351 2734 1392 2780 nc
1406 2717 1508 2781 dictus
1521 2716 1638 2783 Beatus
1649 2738 1709 2784 suo

113 2828 284 2892 fraudetur
305 2828 442 2907 honore,
462 2827 632 2910 procedere
654 2827 794 2892 debeatis
807 2828 847 2893 ad
861 2828 1047 2892 orthodoxae
1069 2825 1173 2902 Fidei,
1194 2830 1226 2889 et
1247 2824 1280 2889 S.
1302 2824 1338 2889 B.
1360 2825 1601 2907 exaltationem,
1617 2831 1650 2891 et
1669 2828 1710 2892 ad

115 2933 246 3000 laudem
262 2934 494 3017 omnipotentis
506 2935 574 3012 Dei,
589 2936 646 3018 qui
658 2935 752 3015 vivit,
768 2940 800 3000 et
810 2939 926 3018 regnat
941 2935 976 3000 in
987 2935 1105 3000 saecula
1118 2933 1322 2999 saeculorum.
1338 2932 1442 2996 Amen
1452 2939 1473 2997 ¹.
1492 2954 1508 2991 s

115 3099 303 3223 wiffam
316 3101 385 3153 Bora
397 3101 429 3153 dc
442 3101 506 3155 suu
518 3101 551 3155 lv
567 3101 731 3165 Pontificatu,
745 3092 810 3154 tom,
820 3102 900 3155 illllll
916 3102 1040 3168 scriptor.
1052 3114 1137 3152 rerum
1150 3099 1233 3153 Italic.
1248 3100 1277 3152 G.
1290 3099 1322 3153 V.
1337 3097 1438 3151 Laocv.
1450 3095 1556 3150 Antonii
1568 3097 1710 3164 Muratorii,
