4100 6300
356 477 396 537 34
533 505 534 508 ¹
928 463 1238 532 SENTENTIARUM
1257 465 1330 532 LlB.
1353 468 1378 532 l.

354 625 431 672 enm
443 603 549 687 magis
559 603 600 670 sit
611 601 737 668 lruihile
753 601 877 667 bonum
891 598 1081 682 increatum,
1097 604 1129 666 et
1223 600 1313 680 Item,
1336 603 1398 668 hoe
1418 603 1545 671 videtur
1564 620 1622 687 per
1643 603 1838 671 divisionem
1858 601 1947 688 ipsius

354 716 464 779 anima
476 713 583 796 magis
593 713 633 778 ad
650 713 712 777 hoe
726 715 801 777 neta
812 714 869 792 est,
883 710 1000 794 poterit
1013 729 1052 776 eo
1064 709 1128 775 frui
1188 709 1241 777 uu·
1251 712 1362 776 eontra
1375 712 1453 793 alia3
1464 710 1947 796 quiadividitlugustinusher

354 823 429 888 solis
442 821 602 906 potentiis.
1182 819 1255 898 tria,
1269 818 1450 902 ingenium,
1463 820 1653 900 doctrinam,
1664 825 1697 885 et
1709 820 1948 899 usum3etdirit

395 929 487 1014 Resp.
509 929 693 1006 Dicendum,
713 927 799 1012 quod
816 945 983 992 summum
1003 928 1127 991 honum
1182 925 1267 1007 quod
1286 928 1455 1008 ingenium
1473 928 1600 1010 respicit
1619 928 1696 1011 quid
1719 929 1822 992 homo
1842 928 1945 1011 poem,

354 1042 401 1104 est
419 1037 504 1121 quod
523 1054 695 1120 supernos
718 1038 785 1100 est:
802 1034 842 1099 ad
862 1036 924 1099 hoe
941 1053 1020 1117 ergo
1041 1034 1128 1119 quod
1181 1032 1326 1098 doctrina
1339 1035 1416 1117 quid
1427 1034 1526 1100 homo
1546 1037 1641 1116 sciat,
1659 1055 1739 1102 usus
1756 1036 1838 1120 qnid
1858 1036 1946 1100 velit:

344 1145 590 1225 dilaniamur,
615 1142 792 1208 necessario
814 1143 986 1208 intervenit
1008 1143 1129 1225 duplex
1182 1159 1261 1223 ergo
1273 1161 1351 1207 usus
1365 1147 1515 1209 estaotus
1528 1145 1713 1210 voluntatis.

355 1254 520 1319 medium:
539 1251 684 1317 medium
701 1269 824 1328 unum,
841 1268 899 1333 per
916 1250 1003 1333 quod
1020 1249 1128 1315 anima
1222 1248 1302 1314 Item
1314 1251 1457 1334 opposita
1470 1257 1546 1317 nate
1557 1257 1632 1317 sunt
1644 1253 1814 1317 fierieirea
1826 1252 1912 1318 idem
1922 1255 1946 1317 ⁸:

353 1365 428 1427 nata
441 1366 488 1426 est
498 1360 583 1426 uniri
595 1359 649 1424 alii
660 1378 682 1424 a
692 1347 724 1424 se
737 1359 874 1438 diverso,
886 1362 917 1422 et
931 1358 993 1423 hoe
1004 1363 1052 1422 est
1066 1377 1127 1441 po·
1180 1356 1236 1420 sed
1249 1358 1313 1437 uti,
1329 1364 1361 1423 et
1377 1359 1481 1437 abuti,
1496 1365 1573 1425 sunt
1585 1360 1730 1444 opposita
1746 1378 1755 1425 τ
1770 1378 1872 1442 ergo,
1886 1379 1948 1425 cun

342 1468 467 1549 'tentio3
489 1467 578 1533 aliud
598 1466 748 1551 speciale,
767 1464 820 1531 rel
840 1465 1003 1549 spirituale
1030 1486 1128 1550 supra
1181 1461 1271 1528 abuti
1288 1465 1329 1528 sit
1345 1465 1445 1531 solius
1460 1466 1653 1548 voluntatis,
1672 1469 1751 1551 quia
1768 1472 1843 1552 ejus
1864 1468 1949 1532 solim

351 1577 426 1653 hoe,
443 1576 531 1659 quod
543 1577 646 1660 ipsam
660 1575 815 1654 sublevet,
830 1578 861 1639 et
877 1574 939 1639 hoe
952 1579 999 1640 est
1010 1575 1126 1641 virtus.
1181 1575 1374 1654 estpeeeare,
1388 1592 1467 1657 ergo
1477 1580 1509 1640 et
1517 1576 1559 1659 (u)
1577 1576 1630 1644 uu
1638 1577 1788 1643 similiter
1798 1577 1948 1642 eritaetm

353 1684 443 1763 Quod
455 1683 606 1766 objicitur
618 1701 684 1747 non
697 1683 744 1748 est
762 1682 876 1760 simile,
892 1683 967 1765 quia
986 1684 1128 1766 potentia
1180 1679 1279 1744 solius
1292 1681 1477 1747 voluntatis.

352 1810 410 1875 per
425 1810 459 1856 se
476 1796 579 1875 potest
600 1791 750 1872 defluere,
762 1794 794 1856 et
811 1789 968 1870 inclinari,
986 1791 1041 1856 sod
1061 1809 1127 1856 non
1221 1787 1336 1853 Contra
1355 1808 1364 1852 ε
1381 1795 1409 1854 ι.
1424 1790 1526 1870 Usus,
1539 1790 1607 1856 sive
1618 1793 1827 1873 assuefactio,
1844 1793 1949 1858 estvia
1975 1812 2021 1866 ue

1180 1894 1215 1959 in
1227 1896 1372 1962 habitum
1381 1898 1616 1980 acquirendum
1630 1921 1638 1963 z
1653 1899 1707 1964 sed
1721 1900 1831 1964 omnis
1843 1883 1989 1983 poten-'⁸

352 1917 410 1982 per
425 1918 460 1965 se
474 1899 608 1967 elevari.

593 2136 836 2208 ARTICULUS
861 2138 888 2206 Ι.

391 2334 441 2399 Ad
462 2332 655 2399 evidentiam
675 2330 919 2406 diffinitionum,
935 2333 967 2394 et
987 2328 1125 2395 aliomm

352 2461 426 2526 quae
446 2440 597 2523 Magister
613 2440 703 2524 ponit
720 2438 759 2503 de
776 2438 827 2502 his
845 2436 964 2517 verbis,
986 2439 1079 2516 Frui,
1094 2443 1127 2503 et

357 2550 410 2617 Uti
414 2570 425 2620 ;
446 2567 503 2614 sex
521 2551 713 2630 queeruntur
727 2545 763 2609 in
779 2548 869 2628 parte
891 2544 968 2625 ista,
983 2563 1125 2628 quorum

349 2659 412 2721 tria
433 2657 592 2740 pertinent
610 2654 651 2719 ad
672 2655 739 2733 Uti,
753 2653 815 2717 triu
832 2652 872 2717 ad
892 2653 986 2718 mut.
1001 2651 1045 2717 De
1074 2653 1127 2720 uo·

350 2765 412 2829 triu
430 2767 621 2846 quaeruntur
642 2781 651 2825 ε
672 2761 778 2845 primo
801 2760 959 2844 quaeritur
982 2759 1062 2843 quid
1085 2761 1126 2826 sit

335 2874 398 2937 ‘uti
422 2889 479 2955 per
503 2870 686 2948 essentiam
714 2869 869 2944 seeundo,
896 2872 1008 2932 utrum
1035 2870 1124 2933 omni

349 2984 455 3044 creato
467 2980 634 3061 continget
645 2978 704 3056 uti;
719 2977 824 3052 tertio,
838 2982 948 3040 utrum
959 2975 1027 3042 solo
1039 2977 1124 3042 bono

350 3091 454 3152 creato
471 3089 512 3153 sit
529 3086 697 3153 utendum.
713 3084 756 3150 lle
768 3086 850 3151 Frui
872 3083 1017 3147 similiter
1030 3102 1123 3168 qum-

349 3200 467 3260 runtur
479 3195 540 3260 tria
555 3215 563 3260 ε
579 3194 684 3278 primo
701 3193 780 3277 quid
796 3193 837 3256 sit
854 3193 919 3257 lrni
939 3210 995 3275 per
1014 3211 1123 3258 essen-

349 3305 442 3382 tiam;
478 3302 617 3368 seeundo
651 3305 763 3368 utrum
793 3298 878 3365 bono
911 3299 1051 3365 increato
1082 3301 1123 3366 sit

347 3411 536 3490 fruendum3
552 3409 656 3490 tertio,
675 3413 788 3474 utrum
807 3408 980 3473 fruendum
995 3409 1036 3472 sit
1053 3408 1122 3492 ipso

347 3520 414 3584 solo
426 3520 512 3584 bono
525 3519 676 3583 increato.

626 3745 804 3824 QUAESTIO
821 3745 844 3810 l.

409 3905 451 3959 aa
468 3904 517 3960 ue·
533 3887 577 3960 ut
588 3907 662 3960 aare
676 3902 836 3966 potentatu,
852 3902 1025 3959 vetranione
1039 3900 1059 3958 ¹.

269 4105 298 4136 Π,
314 4105 336 4138 ,ρ
388 4054 432 4119 lle
449 4057 517 4134 uu,
531 4054 608 4137 quid
622 4054 663 4118 sit
680 4071 737 4137 per
752 4052 934 4130 essentiam,
950 4058 1060 4118 utrum
1079 4052 1122 4117 sit

228 4167 277 4198 Μ
301 4185 325 4225 ·,
348 4166 438 4227 aetus
450 4162 624 4230 voluntatis
635 4166 692 4226 eut
705 4161 853 4238 rationis,
868 4161 913 4224 sie
926 4161 1119 4244 prooeditur.

349 4267 441 4345 Quod
453 4267 494 4331 sit
503 4270 593 4331 uetus
606 4265 780 4330 voluntatis
795 4265 970 4330 ostenditur
982 4266 1028 4329 sio
1043 4284 1052 4328 ε
1069 4265 1119 4329 Ab

348 4381 423 4442 actu
440 4374 552 4440 utendi
569 4372 793 4439 denominatur
813 4372 1036 4456 unusquisque
1057 4373 1119 4438 bo-

347 4488 434 4548 nus¹
448 4504 458 4548 :
472 4482 528 4547 sed
538 4481 647 4547 nullus
661 4480 775 4545 dieitur
787 4480 902 4560 bonus,
917 4479 979 4543 nisi
990 4480 1031 4544 ab
1045 4485 1119 4545 actu

347 4591 520 4657 voluntatis
540 4614 547 4655 :
571 4606 652 4673 ergo
672 4591 763 4653 aetus
786 4586 899 4653 utendi
921 4587 1059 4671 pertinet
1077 4588 1119 4653 ud

347 4699 556 4764 voluntatem.

281 4874 285 4889 ‚
387 4806 466 4871 ltem
491 4804 695 4888 Augustinus
712 4804 750 4869 ⁸:
775 4825 791 4864 ε
812 4800 863 4866 liti
888 4806 935 4867 est
954 4822 1118 4870 assumere

327 4936 330 4943 ⁴
345 4914 465 4998 aliquid
479 4916 513 4978 in
527 4907 896 4979 facultatem'voluntatis
913 4933 951 4977 :a
969 4930 1049 4995 ergo
1066 4912 1119 4981 uu

345 5022 688 5089 estaotusvolnntatis.

376 5166 437 5231 ¹cf.
448 5167 474 5217 s.
485 5165 586 5229 Tuom,
600 5165 659 5228 l-ll‚
671 5178 697 5229 q.
707 5174 761 5227 xm,
773 5166 822 5214 art.
833 5166 843 5213 l
856 5175 904 5226 per
911 5165 1007 5226 totum;
1018 5162 1116 5229 AEgid.,

344 5239 355 5290 l
376 5239 457 5302 smt,
470 5237 530 5289 dist.
547 5239 611 5301 vll,
626 5251 653 5301 q.
674 5248 721 5299 1¹13
739 5236 832 5286 Thom.
853 5237 930 5299 Arg„
948 5234 993 5286 lib.
1009 5234 1018 5284 Ι
1033 5236 1115 5299 Seut,

344 5324 371 5375 q.
380 5310 438 5376 ult,
451 5313 502 5361 art.
512 5313 537 5360 2.
548 5308 695 5373 -¹Arist.,
706 5308 791 5357 Etdic.
805 5306 851 5357 lib.
861 5308 893 5371 ll,
908 5321 931 5357 e.
948 5315 1022 5356 tr.-

374 5399 409 5465 (α)
420 5399 572 5464 corruendo
578 5398 705 5463 ruperim
715 5409 777 5461 ergo
787 5399 813 5446 et
822 5399 943 5461 tauquam
949 5398 1114 5462 superfluum.

343 5471 416 5539 -(d)
432 5474 523 5537 suppr.
537 5472 583 5522 sed
600 5468 717 5522 ordinari
730 5470 757 5520 ln
769 5469 864 5533 mem,
878 5469 1007 5521 mediante
1020 5483 1113 5535 opera-

1179 2003 1224 2066 tie
1238 2008 1313 2069 nata
1322 2010 1370 2070 est
1383 2007 1547 2089 acquirere
1556 2006 1702 2071 habitum
1720 2026 1728 2072 :
1743 2026 1825 2089 ergo
1845 2008 1899 2076 uu
1908 2009 1949 2075 ri

1180 2111 1272 2176 detur
1285 2130 1353 2178 esse
1367 2114 1472 2178 omnis
1484 2115 1647 2197 potentiae.

1219 2224 1250 2283 ι.
1262 2217 1359 2299 ltem,
1371 2222 1477 2286 omnis
1489 2223 1648 2306 potentia,
1666 2222 1829 2287 mediante
1841 2242 1948 2307 opera-

1178 2325 1265 2391 tione
1278 2347 1347 2407 sua,
1358 2328 1524 2394 ordinatur
1537 2331 1571 2394 in
1582 2331 1682 2395 llnem
1697 2350 1705 2395 :
1718 2331 1775 2395 sed
1787 2349 1827 2396 eo
1838 2331 1947 2396 dieitur

1178 2432 1298 2517 aliquid
1314 2437 1437 2517 utibile,
1452 2438 1521 2503 slve
1534 2438 1593 2518 uti,
1605 2457 1670 2522 quo
1683 2439 1718 2502 in
1732 2440 1835 2503 finem
1844 2446 1894 2504 est
1904 2459 1946 2505 or·

1179 2541 1339 2607 dinabile:
1358 2544 1413 2609 sed
1438 2545 1578 2611 ordinari
1599 2547 1635 2610 in
1656 2547 1776 2626 tinem,
1793 2548 1945 2613 mediante

1178 2643 1362 2732 operatione
1375 2653 1519 2736 propria,
1534 2659 1582 2719 est
1593 2653 1699 2718 omnis
1716 2656 1873 2737 potenliae
1889 2656 1944 2739 pil:

1178 2773 1257 2838 ergo
1270 2762 1302 2822 et
1314 2759 1363 2823 uti
1375 2760 1530 2825 similiter.

1219 2870 1248 2929 3.
1264 2865 1354 2948 item,
1373 2868 1455 2933 siout
1466 2868 1667 2951 Augustinus
1680 2870 1692 2905 ⁵
1706 2869 1794 2950 dicit,
1810 2876 1843 2935 et
1853 2871 1945 2936 hehe·

1177 2975 1232 3037 tur
1243 2974 1342 3055 intra,
1363 2998 1380 3037 e
1397 2975 1449 3040 Uti
1463 2977 1555 3041 estid
1568 2977 1653 3058 quod
1666 2977 1701 3041 in
1713 2996 1814 3042 usum
1828 2980 1945 3045 venem

1176 3080 1362 3165 refouete),
1380 3104 1397 3141 u
1413 3088 1473 3148 eto.
1489 3081 1550 3148 Sed
1560 3085 1632 3167 ejus
1642 3088 1689 3148 est
1702 3086 1841 3168 reterre,
1855 3089 1944 3171 eujus

1176 3192 1223 3254 est
1236 3190 1398 3256 conterre:
1413 3192 1468 3257 sed
1477 3193 1620 3257 conterre
1629 3199 1677 3258 est
1686 3193 1786 3258 solius
1794 3197 1942 3261 rationis:

1175 3314 1255 3378 ergo
1267 3296 1402 3378 reterre,
1417 3304 1450 3364 et
1462 3319 1519 3383 per
1533 3319 1731 3385 consequens
1748 3303 1815 3382 uu,
1828 3323 1849 3369 a
1862 3305 1943 3370 mill·

1175 3402 1308 3470 uitione.

1215 3517 1246 3578 t.
1262 3512 1353 3593 item,
1368 3533 1420 3579 ars
1432 3515 1612 3581 utitursuis
1625 3519 1850 3585 instrumentis
1867 3543 1876 3585 :
1892 3520 1942 3586 sed

1174 3637 1227 3684 ars
1240 3625 1287 3685 est
1299 3622 1334 3686 in
1346 3623 1489 3706 potentia
1501 3624 1664 3704 rationali,
1677 3625 1747 3691 sive
1760 3627 1939 3709 cognitiva,

1175 3745 1251 3792 eum
1264 3730 1305 3793 sit
1317 3730 1450 3796 seientia
1462 3750 1471 3795 t
1484 3751 1578 3815 ergo,
1589 3752 1666 3797 eum
1673 3733 1805 3799 habitus
1814 3740 1846 3800 et
1856 3741 1942 3800 eotm

1174 3835 1239 3901 sint
1251 3838 1395 3920 ejusdem
1406 3841 1566 3922 putentiae,
1577 3841 1622 3905 sie
1635 3858 1688 3906 ars
1701 3849 1750 3907 est
1759 3843 1793 3907 in
1807 3845 1942 3927 potentis

1174 3944 1337 4025 rationali3
1353 3950 1385 4011 et
1399 3966 1496 4025 usus,
1512 3947 1580 4014 sive
1604 3950 1662 4017 Uti
1674 3949 1822 4016 similiter
1838 3953 1896 4017 erit
1908 3951 1940 4016 in

1173 4051 1297 4117 eadem.

1431 4213 1690 4285 CONCLUSIO.

1173 4362 1216 4419 Uti
1231 4364 1348 4436 proprie
1366 4366 1406 4422 eet
1424 4368 1499 4423 oeteo
1512 4368 1600 4438 tpo'm
1611 4368 1783 4438 uoluntatis,
1799 4370 1861 4427 lieet
1872 4386 1938 4427 ωι-

1204 4456 1328 4617 pppptpeep
1340 4459 1477 4528 sumptum
1487 4459 1575 4529 possit
1591 4472 1644 4515 erae
1661 4462 1738 4516 aetio
1753 4462 1883 4532 potentio
1894 4476 1937 4516 ει·

1212 4698 1305 4783 Resp.
1321 4702 1361 4766 ad
1375 4704 1455 4784 Arg.
1470 4701 1656 4784 llieendum,
1671 4706 1761 4788 quod
1777 4706 1832 4776 uu
1844 4708 1938 4791 qnin-

1171 4826 1234 4892 que
1245 4809 1348 4874 modis
1359 4811 1523 4895 accipitur,
1537 4815 1569 4877 et
1577 4813 1758 4879 seeundum
1768 4814 1829 4880 hoe
1838 4816 1937 4880 diver·

1170 4917 1323 4999 sineatur,
1335 4916 1513 4985 seeundum
1524 4939 1604 4999 rem,
1621 4926 1652 4986 et
1665 4923 1842 4989 seeundum
1854 4920 1936 4988 diffi-

1171 5075 1227 5129 ⁸ue
1245 5077 1344 5140 runa„
1356 5079 1400 5132 ub.
1412 5083 1443 5146 x,
1457 5096 1481 5132 c.
1491 5092 1529 5148 n,
1539 5095 1568 5134 n.
1580 5086 1624 5148 εις
1638 5083 1669 5134 ue
1683 5084 1761 5137 cruet.
1772 5034 1827 5150 uei,
1837 5084 1880 5135 lu.
1890 5084 1933 5147 m,

1170 5164 1193 5201 e.
1214 5162 1277 5202 xxv.
1292 5177 1322 5188 -
1335 5152 1347 5187 ι
1360 5153 1447 5217 trist,
1469 5152 1568 5218 Pheris,
1586 5154 1633 5206 lib.
1649 5157 1700 5221 lv,
1722 5160 1832 5208 context.
1850 5160 1889 5207 tl.
1902 5181 1934 5194 -

1170 5222 1226 5271 ⁵De
1239 5223 1325 5273 Doctr.
1338 5223 1448 5290 uuest,
1461 5223 1506 5278 lib.
1520 5228 1540 5291 l,
1554 5242 1578 5278 e.
1589 5238 1625 5278 lv.

1169 5325 1240 5379 tione
1257 5330 1378 5396 propria,
1392 5335 1432 5382 est
1451 5332 1537 5383 omnis
1554 5334 1695 5399 potentiae,
1708 5340 1734 5386 et
1752 5334 1805 5400 depe
1816 5338 1933 5385 lum.-

1169 5414 1231 5465 ergo
1245 5402 1281 5452 uti
1298 5406 1338 5453 est
1350 5404 1435 5454 omnis
1448 5403 1578 5469 potentie.
1592 5431 1625 5445 -
1637 5408 1667 5471 (c)
1682 5406 1773 5472 supple
1785 5407 1850 5470 adid
1860 5403 1930 5471 quod

1169 5473 1431 5526 amasobtlnendmn.
1558 5502 1561 5507 ·
1628 5501 1631 5505 ·
