4100 6300
379 442 477 510 orsr.
498 443 618 511 mur.
641 442 758 510 rear.
779 439 821 508 11.
842 443 934 510 rar.
957 446 982 511 1.
1004 447 1153 527 conss.
1172 448 1197 515 1.
1381 505 1383 508 ,
1521 453 1580 515 ne

53 588 121 648 rum
137 603 144 644 :
157 577 208 643 sed
220 593 286 642 eme
298 578 511 660 respectivum
525 580 561 643 in
574 579 692 645 divinis
711 583 759 643 est

53 686 191 754 tionaliter
210 682 347 763 dictum,
372 685 399 749 si
419 685 501 751 dicat
519 690 698 770 respectum
717 686 757 750 ad
1087 666 1310 734 GONCLUSIO·

53 812 187 860 mnam:
210 791 264 856 sed
283 791 390 856 dloens
412 811 477 857 ⁰⁰¹¹
498 799 600 877 pm
616 813 684 860 ’Μ
696 813 759 860 mm
815 847 931 903 Verbum
941 850 1069 904 uturum
1082 849 1114 903 io
1126 847 1341 905 ducatorum
1352 850 1537 918 actionaliter,
1554 855 1580 908 et

53 926 144 984 ffl⁰¹¹³r
157 908 214 970 etc·
1000 953 1055 993 nou
1076 938 1256 994 eomitatiter
1276 937 1388 995 dieitur.

53 1015 171 1079 lontra:
187 1017 215 1076 l.
229 1010 319 1088 Quod
332 1011 453 1077 dicatur
470 1013 686 1092 essentialiter,
703 1033 758 1078 os-

53 1127 143 1190 rditur
164 1123 217 1186 sic.
255 1122 343 1187 Sicut
368 1123 445 1187 dicit
469 1123 696 1205 Augustinus,
718 1126 758 1190 IX
850 1118 945 1203 Resp.
959 1120 999 1184 ad
1016 1121 1154 1202 Argum.
1170 1119 1220 1185 Ad
1234 1121 1296 1185 hoc
1312 1121 1463 1186 dixerunt
1484 1121 1582 1204 aliqui

57 1231 244 1298 Turicum.-
257 1229 420 1295 «veroum
432 1234 479 1295 est
490 1250 565 1296 oum
578 1250 687 1297 amore
696 1252 757 1297 no-
812 1226 897 1308 quod
919 1225 1022 1293 dicere
1040 1226 1203 1310 tripliciter
1223 1226 1376 1309 accipitur
1389 1227 1431 1316 in
1452 1228 1580 1293 divinis.

53 1360 102 1404 r.»
125 1338 185 1403 Sed
195 1336 308 1401 notitia
326 1341 372 1402 est
388 1339 594 1404 essentialiter
611 1340 755 1406 dictum:
811 1333 881 1399 Uno
895 1334 990 1400 modo
1010 1335 1115 1401 Moero
1126 1339 1173 1400 est
1183 1336 1267 1399 idem
1281 1336 1366 1418 quod
1384 1335 1578 1417 intelligere;
1688 1417 1695 1428 ·

53 1449 155 1526 o,etc.
811 1442 873 1507 alio
886 1443 992 1522 modo,
1006 1443 1092 1526 quod
1105 1460 1270 1524 generare,
1283 1442 1368 1507 unde
1378 1443 1583 1523 Augustinus

56 1601 62 1617 .
78 1552 165 1630 Item,
180 1551 318 1615 verbum
331 1553 379 1615 est
390 1569 455 1633 quo
468 1568 520 1614 res
536 1552 755 1618 manifestatur
812 1549 954 1631 exponit,
968 1556 980 1590 ⁸
994 1549 1074 1613 illud
1087 1547 1258 1614 Geneseos:
1274 1550 1382 1627 nteit,
1400 1569 1415 1610 u
1428 1549 1461 1614 id
1474 1554 1531 1629 est,
1543 1551 1582 1614 n-

54 1657 244 1741 xprimitur:
258 1657 312 1721 sed
325 1657 519 1721 manifestari
532 1661 580 1721 est
590 1659 759 1739 cujuslibet
810 1654 893 1719 lium
900 1657 1017 1737 genuit
1029 1658 1064 1721 in
1078 1675 1143 1740 quo
1157 1658 1266 1722 omnia
1275 1658 1440 1741 disposuit.
1452 1656 1582 1723 »Tertio

53 1784 143 1842 sone,
154 1768 186 1828 et
198 1765 408 1828 manifestatio
416 1768 463 1828 est
476 1766 666 1829 essentialis:
679 1784 758 1847 ergo
800 1767 907 1831 modo
925 1767 1031 1834 dicem
1051 1768 1136 1833 idem
1153 1772 1218 1845 est,
1230 1770 1316 1852 quod
1328 1787 1447 1846 creare,
1461 1773 1493 1833 et
1505 1787 1582 1834 ver-

53 1874 173 1937 erhum.
191 1873 272 1936 Situ
285 1874 371 1937 dicas
384 1873 468 1956 quod
481 1891 546 1937 non
559 1874 676 1938 dicitur
688 1892 757 1938 ma·
811 1874 890 1938 bum
915 1892 981 1939 non
1002 1876 1171 1957 respondet
1194 1875 1238 1951 ei,
1253 1874 1339 1957 quod
1354 1877 1399 1938 est
1419 1873 1524 1940 dirue
1546 1875 1582 1939 in

53 1980 143 2044 statio
155 1979 353 2061 simpliciter,
373 1980 427 2043 sed
447 1980 658 2044 manifestatio
679 1981 758 2044 ulte-
810 1967 969 2064 duantum
987 1984 1185 2064 increatum,
1203 1983 1265 2047 nisi
1292 1982 1471 2047 secundum
1496 1982 1583 2065 quod

55 2087 228 2169 ,oincitur
237 2090 327 2164 tunc,
337 2086 414 2169 quia
427 2085 564 2169 Spiritus
574 2092 701 2152 sanctus
711 2090 759 2152 ost
812 2089 918 2157 dicere
932 2090 1018 2156 idem
1032 2095 1089 2170 est,
1111 2089 1196 2173 quod
1209 2106 1375 2170 generare,
1390 2093 1423 2153 et
1438 2090 1483 2153 ita
1504 2106 1582 2153 con-

53 2194 245 2259 ritestativus
258 2192 341 2270 Filii,
356 2213 413 2276 per
423 2192 579 2258 loannem
592 2202 622 2259 ἰ
639 2194 695 2261 itte
708 2211 755 2261 me
812 2198 899 2261 venit
912 2198 969 2261 soli
992 2196 1089 2261 Petri.
1101 2195 1163 2261 Sed
1175 2197 1260 2261 istud
1271 2214 1337 2260 non
1350 2196 1476 2261 videtur
1485 2196 1582 2261 iutel-

53 2301 193 2382 ifioolrit,
204 2304 266 2364 etc.
811 2304 948 2385 ligibile,
963 2304 1049 2387 quod
1068 2305 1109 2368 sit
1130 2303 1219 2385 loqui
1237 2303 1306 2367 sine
1324 2304 1435 2378 verbo,
1450 2307 1483 2367 et
1496 2303 1582 2387 quod

66 2405 149 2469 ltem
166 2405 232 2468 hoo
250 2404 356 2485 ipsum
369 2404 547 2468 ostenditur
558 2422 616 2487 per
630 2423 757 2488 oompa·
812 2411 931 2493 aliquid
947 2412 988 2474 sit
1007 2411 1121 2488 dicere,
1144 2413 1197 2474 cui
1213 2428 1280 2473 non
1305 2409 1492 2491 respondeat
1505 2429 1582 2474 ver-

53 2531 138 2576 ·nem
153 2512 197 2576 ed
210 2511 380 2590 dicentem,
398 2512 475 2595 quia
488 2513 625 2576 verbum
643 2512 760 2576 dicitur
812 2518 909 2594 bum,
930 2519 1012 2581 sicut
1034 2536 1093 2581 neo
1115 2533 1269 2598 generare
1288 2516 1357 2579 sine
1382 2517 1508 2596 genito,
1524 2536 1583 2581 nec

53 2624 125 2683 ectu
139 2619 304 2683 dicentis:
322 2617 375 2682 sed
386 2618 525 2683 dicentes
539 2624 615 2682 sunt
626 2624 702 2695 tres,
717 2620 758 2682 si·
812 2625 900 2688 nosci
922 2625 990 2689 sine
1007 2624 1130 2688 notitia.
1152 2622 1191 2686 Et
1203 2623 1265 2686 hoc
1277 2623 1372 2686 etiam
1387 2623 1455 2705 ipse
1468 2623 1583 2687 modus

53 2727 128 2791 licit
141 2726 322 2790 Anselmus
334 2726 367 2788 in
381 2726 556 2808 Monolopio
572 2730 605 2793 ³:
625 2750 640 2786 o
654 2725 758 2790 Unus·
813 2732 965 2814 loquendi
978 2736 1010 2796 et
1023 2729 1223 2812 intelligendi
1232 2729 1392 2809 abhorret,
1405 2729 1491 2811 quod
1500 2729 1583 2793 dicat

53 2853 113 2915 pue
128 2834 168 2897 in
179 2831 338 2897 Trinitote
347 2852 380 2897 se
393 2833 477 2896 dicit.
495 2856 511 2892 r
526 2832 612 2914 Ergo
623 2834 760 2897 verbum
814 2843 845 2903 et
857 2840 1007 2922 loquatur
1020 2839 1088 2901 sine
1097 2837 1187 2901 omni
1200 2837 1309 2901 verbo.
1323 2835 1397 2900 ldeo
1409 2835 1583 2900 voluerunt

56 2941 148 3005 rium
175 2963 184 3005 z
206 2939 264 3003 sed
278 2938 360 3003 nihil
372 2943 418 3004 est
440 2939 556 3019 trium,
572 2940 635 3003 nisi
652 2958 760 3004 essen·
813 2947 911 3028 aliqui
924 2946 1134 3029 dicerequod‚
1147 2965 1222 3009 cum
1235 2945 1340 3010 dicere
1350 2944 1581 3026 accipietures-

62 3071 70 3111 :
87 3065 190 3128 ergo,
208 3051 270 3111 eto.
813 3054 985 3118 sentialiter
997 3058 1029 3117 et
1041 3052 1255 3136 personaliter,
1271 3052 1347 3134 quio
1358 3055 1422 3116 tres
1436 3057 1512 3116 sunt
1524 3053 1580 3136 qui

57 3158 159 3234 Item,
177 3157 265 3221 sicut
279 3155 353 3219 dicit
364 3153 558 3218 Auselmus*
573 3155 606 3216 in
619 3155 761 3221 Mouote
814 3161 944 3240 dicunt,
961 3163 994 3224 et
1008 3161 1066 3242 qui
1085 3160 1246 3237 dicuntur,
1270 3158 1353 3222 sicut
1374 3158 1449 3223 dicit
1471 3158 1584 3223 Auset-

66 3266 218 3329 ullicere
228 3262 310 3326 nihil
322 3261 409 3325 aliud
421 3265 468 3324 est
481 3279 579 3342 quam
591 3262 760 3342 cogitando
814 3286 906 3346 mus,
929 3268 1000 3333 ideo
1020 3267 1149 3333 ouium
1177 3266 1293 3331 dicitur
1313 3264 1519 3329 essentialiter
1549 3272 1581 3330 et

53 3373 101 3436 ri.
122 3394 141 3433 s
151 3371 222 3437 Sed
234 3371 352 3434 hocest
365 3368 547 3432 essentiale:
559 3386 638 3449 ergo
652 3374 761 3434 etver·
813 3372 1031 3455 personaliter.
1051 3372 1091 3437 Et
1111 3371 1288 3436 secundum
1307 3372 1401 3435 utam
1419 3371 1507 3436 viam
1520 3372 1583 3436 sol-

53 3531 57 3544 .
73 3482 111 3546 Si
126 3481 237 3556 dicas,
253 3479 340 3562 quod
353 3478 467 3554 dicere,
481 3477 658 3542 secundum
674 3478 761 3561 quod
813 3501 889 3547 vere
903 3483 1050 3555 nituntur
1068 3482 1189 3564 objecta
1209 3482 1249 3545 ad
1263 3484 1580 3563 utramquepartem.

55 3596 192 3660 tialiter
219 3593 348 3670 dicitur,
372 3610 437 3655 non
461 3592 556 3655 habet
577 3610 760 3675 oorrespon-
814 3588 875 3655 Sed
894 3590 1021 3654 horest
1048 3594 1159 3654 contre
1176 3588 1396 3670 Augustinum
1421 3593 1452 3652 et
1472 3592 1583 3652 contra

54 3704 234 3781 verbum3
246 3704 374 3764 contra:
386 3699 468 3763 sicut
476 3699 551 3762 dicit
559 3699 758 3778 Anselmust,
814 3697 1002 3761 Anselmum
1022 3715 1180 3780 expresse.
1192 3695 1273 3759 Nam
1290 3694 1494 3775 Augustinus
1506 3694 1583 3758 dicit

53 3831 102 3891 er,
121 3831 163 3876 se
190 3809 339 3883 dicendo,
355 3811 487 3888 generat
497 3805 650 3872 Verbum.
666 3830 681 3867 s
699 3808 760 3873 Sed
814 3806 900 3888 quod
911 3806 1051 3884 verbum,
1065 3823 1102 3868 eo
1116 3805 1186 3886 ipso
1201 3803 1287 3886 quod
1300 3802 1452 3882 verbum,
1465 3802 1583 3866 dicitur

53 3924 187 3983 sactus
203 3916 383 3982 secundum
393 3933 491 3997 quem
505 3931 640 3997 persona
653 3916 760 3979 reflec·
814 3913 853 3976 ad
866 3913 1012 3977 alterum.
1031 3910 1183 3976 Similiter
1197 3910 1367 3974 Auselmus
1383 3932 1390 3973 ε
1410 3909 1582 3992 «Apertis-

53 4045 167 4110 supra
174 4043 230 4101 se,
244 4027 291 4089 est
302 4022 584 4102 essentialiszergo
596 4026 628 4085 et
640 4021 758 4103 dicere,
813 4020 932 4083 simum
953 4019 1099 4102 estquod
1111 4018 1248 4083 verbum
1269 4035 1335 4081 non
1352 4020 1399 4080 est
1419 4016 1472 4081 ille
1489 4018 1582 4097 cujus

83 4151 167 4197 esse
197 4129 386 4206 essentiale,
408 4128 575 4211 respondet
596 4129 757 4193 verbum:
814 4130 860 4189 est
877 4127 1056 4190 veroum.»
1074 4125 1112 4190 rt
1125 4126 1187 4189 hoc
1198 4128 1284 4208 patet
1298 4124 1396 4188 etiem
1410 4141 1467 4206 per
1475 4125 1582 4188 aucto

59 4245 133 4305 etc.
813 4233 921 4297 uitales
938 4233 1114 4313 Augustini
1135 4250 1214 4314 quas
1235 4230 1386 4312 Magister
1404 4228 1531 4294 adducit
1546 4228 1583 4293 in

54 4352 134 4413 tem
148 4348 225 4410 hoc
233 4345 411 4409 ostenditur
421 4362 479 4427 per
489 4342 759 4425 comparationem
813 4326 931 4415 littera,
948 4345 979 4403 et
1000 4339 1171 4403 Anselmus
1190 4338 1225 4401 in
1245 4337 1421 4419 Moaolopc'o
1443 4337 1506 4400 hoo
1523 4356 1582 4401 ex-

53 4456 142 4538 [uod
153 4451 371 4537 perverbum
383 4450 509 4514 dicitur.
522 4448 609 4513 Nihil
618 4448 760 4512 medium
814 4464 921 4529 presse
947 4450 1056 4527 negat.
1079 4444 1210 4528 Propter
1235 4445 1312 4523 hoc,
1337 4443 1581 4525 intelligendum

53 4564 269 4628 creaturum
288 4563 320 4622 et
338 4557 517 4622 Creatorem
531 4562 578 4621 est
590 4557 694 4634 notio,
708 4557 760 4621 vel
814 4553 900 4635 quod
925 4552 1030 4637 elicere
1051 4555 1099 4615 est
1119 4551 1204 4615 idem
1236 4550 1320 4634 quod
1349 4551 1437 4634 loqui
1462 4572 1470 4613 ε
1494 4551 1582 4633 toqtd

53 4671 138 4749 tale,
154 4668 324 4751 quoniam
339 4667 483 4731 medium
494 4666 656 4749 aequaliter
667 4665 761 4729 distat
815 4662 923 4722 autem
938 4664 985 4723 est
998 4658 1165 4740 dupliciter
1180 4681 1189 4737 ;
1203 4659 1253 4722 vel
1269 4658 1309 4723 ad
1322 4678 1366 4735 se,
1378 4658 1409 4722 id
1423 4660 1480 4736 est,
1496 4657 1582 4739 apud

56 4775 204 4842 tremis
238 4797 245 4837 :
276 4774 329 4839 sed
354 4773 497 4839 Verbum
523 4776 570 4837 est
597 4771 758 4850 medium,
815 4785 865 4845 se;
883 4767 986 4831 velud
998 4765 1147 4830 alterurn.
1161 4764 1315 4848 Loquied
1328 4784 1379 4845 se,
1394 4765 1474 4828 nihil
1495 4764 1582 4829 aliud

53 4904 115 4949 am
148 4880 513 4963 omniapcheroum
537 4881 722 4959 [occucurri
747 4895 760 4937 :
815 4878 971 4957 estquam
985 4873 1106 4956 aliquid
1126 4877 1232 4937 mente
1252 4873 1440 4955 conciperet
1462 4893 1469 4935 :
1491 4889 1582 4935 mens

53 5000 131 5060 etc.
815 4987 923 5046 autem
937 4981 1071 5064 concipit
1083 4980 1312 5062 intelligendo:
1332 4984 1364 5044 et
1375 4979 1582 5060 intelligendo

153 5153 180 5204 d
220 5151 262 5200 T,
310 5151 345 5200 sb
373 5150 405 5199 lx
569 5152 596 5199 15
619 5175 646 5183 -
659 5148 739 5196 ,Μ
815 5089 918 5168 aliud,
934 5088 1070 5170 concipit
1090 5088 1192 5152 simile
1213 5088 1286 5167 alii3
1308 5086 1515 5168 intelligendo
1534 5104 1580 5166 se,

53 5159 133 5278 ,⁰553
142 5227 158 5261 a
178 5162 487 5284 iniiid.,¹r}0n01'.‚⁰t'ss¹
497 5163 642 5271 titus-
658 5219 668 5253 ι
686 5183 761 5278 reri}
815 5196 950 5279 concipit
968 5195 1070 5259 simne
1093 5196 1170 5275 sior,
1190 5196 1267 5277 quia
1280 5194 1490 5275 inteligendo
1503 5192 1583 5256 assa-

53 5329 61 5338 ·
80 5294 525 5417 ⁵1b5d·›⁰3¹¹ff¹4··⁶{¹¹{v‘¹st⁶
546 5292 623 5412 Ἦ»
637 5290 759 5413 Ἢν»
815 5303 945 5367 milatur
961 5290 1130 5367 intellecto.
1154 5302 1241 5367 Mens
1254 5302 1366 5384 igitur,
1384 5299 1516 5365 dicendo
1529 5317 1580 5379 se,

54 5379 146 5435 ‘¹¹¹’
175 5382 215 5419 η’
278 5380 292 5416 ⁸
340 5391 400 5415 ’”
466 5380 482 5415 ⁸
525 5378 570 5413 nse
610 5398 616 5411 ’
734 5394 759 5420 ”
816 5412 903 5493 apud
923 5427 956 5475 se
977 5409 1184 5494 concipitper
1204 5407 1583 5475 omniasimilesibi:et
