4100 6300
399 441 459 501 m
973 430 1282 503 suuruunlltuu
1301 428 1375 493 LlB.
1397 426 1422 492 l.

397 572 502 656 proles
514 571 649 655 perfecte
661 574 892 654 representans
903 572 1099 656 illumaquo
1108 575 1166 636 est.
1222 568 1393 649 depatreet
1402 567 1503 627 matre
1511 559 1709 637 viventibus,
1720 562 1979 624 ettameuntmn

398 678 876 761 Quantumadcoaeternitatem,
887 681 1169 763 similisestegres-
1222 692 1286 757 que
1308 672 1415 750 habet,
1430 669 1549 734 scilicet
1561 666 1842 751 imperfectionem
1860 668 1889 728 et
1904 667 1979 728 novi

398 789 451 853 sui
463 787 502 871 (a)
518 778 692 871 splendoris
702 806 722 852 a
733 788 815 869 luce,
830 787 865 852 in
873 807 938 872 quo
949 793 997 854 est
1007 788 1170 854 coaeterni·
1223 784 1331 845 tatem.

397 899 457 972 tas,
469 900 597 979 propter
615 895 695 960 lucis
707 896 931 961 actualitatem.
948 896 1110 975 Quantum
1127 896 1169 960 ad
1264 889 1357 973 Resp.
1367 885 1574 952 Ratiollilarii
1584 880 1977 966 ¹,sicutpatetperlittuun

399 1002 623 1085 aequalitatem,
638 1002 751 1067 similis
764 1008 812 1068 est
820 1004 1019 1085 generationi
1032 1002 1170 1067 viventis
1224 1004 1421 1081 sequentem,
1435 994 1643 1076 intelligenda
1663 996 1711 1056 est
1730 991 1772 1055 de
1791 989 1870 1054 vivo
1888 1007 1978 1071 perae

398 1128 440 1174 ex
449 1110 589 1187 vivente,
603 1111 659 1193 qui
669 1111 870 1193 generatsibi
882 1111 1005 1194 equale
1014 1111 1167 1175 omnino:
1224 1105 1370 1170 sentiam.
1386 1104 1448 1169 Ubi
1460 1104 1549 1169 enim
1562 1105 1609 1167 est
1623 1101 1739 1165 vivens
1750 1117 1811 1183 per
1821 1097 1976 1174 minna

398 1221 429 1283 et
449 1217 494 1281 sic
515 1218 728 1285 diversimode
757 1227 961 1304 eomparatur
984 1239 1004 1284 a
1035 1219 1168 1284 Sanctis.
1224 1232 1292 1277 non
1306 1214 1344 1276 nt
1356 1231 1398 1277 ex
1413 1229 1480 1276 non
1499 1210 1575 1276 vivo
1589 1209 1715 1287 vivens,
1731 1207 1819 1270 sicut
1841 1207 1877 1268 tlt
1895 1205 1924 1267 in
1939 1205 1977 1266 vi·

398 1325 565 1409 Comperat
576 1345 655 1409 ergo
669 1326 824 1409 Origenes
836 1328 876 1392 ad
889 1345 1057 1409 egressum
1069 1326 1172 1408 splen-
1225 1325 1320 1386 vente
1334 1338 1391 1403 per
1407 1317 1695 1402 participationem,
1708 1314 1768 1379 ubi
1781 1331 1850 1378 non
1869 1330 1979 1393 genera

398 1433 493 1513 doris,
517 1453 583 1499 non
603 1439 760 1518 quantum
775 1437 814 1500 ad
828 1435 1002 1500 iterationis
1015 1433 1171 1498 assimila·
1225 1432 1279 1493 tur
1289 1428 1401 1493 vivum
1416 1447 1458 1491 ex
1466 1427 1554 1504 vivo,
1565 1424 1629 1489 nisi
1642 1441 1700 1507 per
1715 1422 1845 1497 vivum,
1856 1423 1892 1484 nt
1904 1426 1977 1502 pelet

397 1540 529 1619 tionem,
544 1541 599 1605 sed
612 1546 771 1624 quantum
784 1542 824 1606 ad
844 1542 1057 1626 privationem
1071 1542 1171 1626 inter-
1225 1535 1302 1618 quia
1323 1535 1422 1599 homo
1446 1551 1510 1598 non
1528 1535 1701 1614 generatur
1726 1547 1768 1593 ex
1781 1528 1922 1603 homine,
1935 1528 1980 1589 nisi

400 1643 573 1724 missionis,
589 1645 657 1709 sive
668 1645 929 1729 interpolationis.
946 1645 986 1711 Et
996 1650 1074 1710 nota
1086 1645 1172 1727 quod

398 1751 551 1815 differunt
576 1751 735 1835 splendor,
764 1754 873 1818 radius
894 1754 1069 1830 etlumen,
1097 1772 1172 1818 cum

346 1926 349 1933 ,
399 1857 508 1922 omnia
520 1857 628 1923 dicant
647 1859 845 1924 influentiam
864 1860 1057 1926 aluminoso
1073 1877 1081 1922 ε
1096 1860 1174 1943 quia

400 1965 509 2029 radius
530 1965 604 2030 dicit
627 1967 830 2032 emissionem
853 1969 1030 2033 secundum
1051 1968 1173 2032 diame-

399 2072 512 2137 tralem
534 2073 733 2154 distantiam;
762 2076 885 2155 lumen,
909 2075 1088 2140 secundum
1111 2074 1174 2138 cir-

399 2182 662 2247 cumferentiam:
687 2186 838 2266 utrinque
858 2188 965 2247 tamen
985 2183 1020 2246 in
1040 2182 1173 2264 profun-

400 2286 478 2350 dum
491 2289 727 2353 transferentis:
747 2290 894 2372 splendor
914 2289 989 2353 dicit
1004 2308 1174 2372 repercus-

400 2396 523 2461 sionem
547 2398 586 2461 ad
615 2415 730 2481 corpus
756 2403 971 2481 transparens,
1001 2398 1124 2462 tersum
1144 2402 1176 2462 et

401 2502 585 2569 limitatum.
611 2504 672 2569 Sed
696 2509 804 2569 tamen
830 2505 882 2568 hic
908 2506 1061 2587 Origenes
1087 2509 1175 2569 notat

402 2612 613 2695 splendorem,
630 2612 741 2677 lumen
753 2612 991 2704 progrediens‘a
1004 2612 1087 2677 luce

442 2720 488 2785 sd
507 2720 586 2784 illud
600 2737 679 2801 ergo
699 2719 784 2802 quod
801 2718 960 2800 objicitur,
975 2719 1062 2802 quod
1075 2718 1176 2784 Filius

403 2826 536 2905 estlu13
552 2825 733 2905 dicendum,
749 2825 835 2908 quod
848 2826 907 2889 lux
919 2825 1014 2889 habet
1027 2825 1062 2888 in
1074 2843 1107 2889 se
1121 2842 1176 2888 na·

403 2936 510 2998 turam
524 2932 758 3011 manifestandi,
779 2937 810 2997 et
823 2932 867 2997 ita
881 2932 1007 3015 respicit
1020 2931 1177 3013 cognitio

403 3058 490 3119 nem,
504 3044 535 3104 et
551 3041 773 3124 appropriatur
786 3039 883 3119 Filio;
899 3040 1043 3105 hebetia
1057 3060 1091 3105 se
1106 3040 1176 3104 vim

405 3145 647 3230 multiplicandi,
674 3147 742 3212 sive
764 3147 941 3228 generandi
961 3147 1174 3232 splendorem,

403 3252 491 3317 etita
503 3253 836 3337 appropriaturPatri.

719 3455 789 3500 Due.
813 3454 860 3500 xl.

406 3568 437 3618 ut
446 3568 516 3633 qnod
530 3581 590 3620 curn
600 3572 762 3620 sacramento
775 3568 889 3620 scienda
897 3581 952 3619 sue
965 3580 998 3618 ex
1006 3581 1039 3618 eo
1052 3568 1175 3620 nescim.

444 3690 575 3756 Videtur
587 3694 675 3758 enim
689 3694 897 3773 maledicere,
912 3692 988 3776 quia
999 3693 1175 3757 secundnm

404 3798 466 3862 hoe
496 3799 583 3882 quod
613 3799 705 3866 Pater
733 3801 909 3866 secundum
941 3806 1177 3866 sacramentum

404 3905 544 3970 seienliae
564 3912 698 3988 generat
719 3907 860 3972 Filium:
883 3926 962 3990 ergo
982 3908 1114 3973 scientia
1130 3912 1177 3972 est

404 4011 486 4076 ratio
499 4013 686 4094 generandi.

446 4118 539 4203 Resp.
553 4120 739 4199 llicendum,
752 4122 839 4203 quod
853 4120 993 4188 Hilarius
1005 4129 1099 4189 vocat
1115 4124 1177 4187 hoc

1226 1644 1386 1708 mediante
1399 1642 1532 1708 semine.

1535 1831 1604 1877 DUB.
1622 1829 1693 1874 xm.

1259 1953 1346 2015 Neque
1360 1962 1394 2000 ex
1405 1946 1572 2011 derivatione,
1585 1946 1632 1997 aad
1645 1959 1679 1996 ax
1687 1944 1785 1994 virtute
1799 1943 1963 1994 nativitas&

1267 2076 1399 2140 Videtur
1411 2074 1495 2139 male
1511 2074 1627 2151 dicere,
1642 2071 1721 2154 quia
1738 2069 1918 2134 secundnm
1929 2068 1986 2132 llio
2035 2046 2036 2057 ¹

1228 2184 1358 2268 nysium
1370 2185 1382 2220 ¹
1394 2189 1426 2248 et
1446 2182 1669 2259 Anselmum³,
1689 2179 1785 2243 Peter
1802 2197 1837 2242 se
1857 2177 1985 2240 habetat

1228 2292 1348 2358 Filium
1369 2296 1401 2356 et
1418 2290 1575 2373 Spiritum
1594 2291 1745 2351 sanctum
1759 2291 1799 2350 ut
1812 2287 1897 2362 fons,
1911 2290 1939 2348 et
1955 2284 1987 2345 ili

1229 2404 1267 2464 ιιι
1277 2397 1376 2464 rivuli
1393 2418 1401 2460 :
1417 2397 1472 2462 sed
1486 2396 1576 2461 rivus
1596 2398 1644 2460 est
1665 2413 1685 2458 a
1703 2394 1792 2457 tonte
1813 2412 1872 2476 per
1885 2392 1986 2457 dedra

1229 2507 1361 2571 tionem.

1270 2613 1361 2696 Resp.
1383 2611 1569 2690 dicendum,
1590 2609 1679 2693 quod
1692 2609 1862 2685 nativitas,
1880 2613 1986 2691 quad

1229 2739 1286 2804 per
1314 2720 1561 2796 derivationem,
1582 2717 1759 2781 attenditur
1786 2715 1985 2799 quantumd

1229 2828 1527 2891 transmutationem
1549 2826 1691 2908 aliquam
1712 2825 1802 2888 circa
1823 2824 1905 2889 illud
1924 2822 1985 2907 qnod
2035 2848 2036 2859 ¹

1229 2942 1473 3016 transmutatur,
1497 2942 1530 3001 et
1542 2937 1586 3000 ita
1605 2935 1680 2999 dicit
1693 2934 1882 3017 passionem
1896 2951 1985 3015 quen

1229 3046 1315 3121 dam,
1339 3064 1376 3108 ac
1397 3063 1454 3126 per
1474 3044 1535 3108 hoc
1557 3043 1795 3120 infirmitatem
1820 3042 1877 3106 md
1899 3042 1984 3103 vivae
2034 3126 2035 3129 Ἴ

1230 3154 1317 3237 quod
1326 3157 1373 3218 est
1381 3154 1449 3217 vita
1457 3156 1505 3217 est
1515 3156 1607 3216 actus
1615 3170 1730 3235 purus,
1743 3151 1833 3215 etita
1843 3150 1982 3231 vitapnn
2034 3191 2035 3194 =

1230 3260 1342 3343 inqua
1361 3278 1428 3324 non
1451 3265 1498 3324 ast
1513 3259 1695 3336 infirmitas,
1713 3258 1772 3323 sed
1793 3276 1879 3341 pura
1899 3262 1982 3319 ertu*
2034 3299 2035 3342 5

1229 3366 1370 3431 liteszet
1384 3366 1456 3431 ideo
1467 3366 1537 3431 vult
1550 3364 1691 3429 Hilarius
1702 3362 1983 3447 dicerequodl'atu
2034 3387 2035 3390 ¹

1230 3491 1390 3556 generans
1401 3477 1449 3537 est
1460 3476 1527 3536 tota
1539 3472 1605 3536 vita
1618 3494 1626 3536 :
1639 3476 1671 3535 et
1683 3471 1774 3554 quod
1785 3474 1927 3553 generat,
1937 3485 1982 3531 ιιι

1230 3586 1280 3646 est
1300 3599 1356 3665 per
1377 3581 1570 3664 passionem,
1592 3579 1644 3644 vel
1663 3579 1926 3652 demutationem,
1941 3593 1982 3638 sm
2034 3575 2035 3590 ¹

1230 3687 1489 3766 diminutionem,
1516 3705 1590 3770 quae
1619 3686 1798 3751 attenditur
1826 3687 1862 3749 in
1881 3684 1982 3750 deta

1230 3796 1333 3874 tione;
1349 3794 1404 3859 sed
1417 3812 1475 3878 per
1488 3794 1709 3858 omnimodam
1727 3794 1903 3858 virtutem
1921 3807 1981 3869 ego

1230 3901 1330 3967 Filius
1353 3901 1482 3983 genitus
1501 3907 1548 3966 est
1562 3902 1676 3980 virtus,
1696 3919 1765 3965 non
1786 3919 1845 3985 per
1856 3898 1981 3964 nuntie

1230 4012 1425 4073 nemnatns.

1532 4108 1602 4154 nne.
1623 4107 1692 4152 mv.

1278 4215 1329 4267 Ubi
1341 4219 1427 4266 autem
1439 4220 1513 4281 pater
1527 4218 1683 4278 auctorest,
1696 4214 1734 4265 ibi
1748 4218 1777 4267 et
1787 4215 1902 4266 nativitas
1911 4220 1950 4264 est

405 4232 642 4292 sacramentum
653 4247 780 4293 sacrum
792 4233 949 4293 secretum
963 4252 970 4291 :
984 4230 1060 4294 dicit
1068 4233 1176 4295 autem

406 4331 525 4398 Filium
537 4338 624 4399 nasci
638 4355 714 4400 cum
727 4340 923 4401 sacramento
935 4338 1087 4417 scientie,
1101 4337 1178 4421 quia
1272 4329 1403 4395 Videtur
1416 4331 1500 4414 quod
1516 4331 1691 4413 impmprie
1706 4329 1792 4395 dicat
1802 4337 1825 4410 ι,
1838 4332 1910 4415 qnia
1919 4347 1979 4392 aue

405 4438 476 4504 Filii
489 4442 655 4523 generatio
672 4461 737 4507 non
752 4446 878 4508 tantum
891 4461 991 4522 sacra,
1009 4444 1178 4509 sedetiam
1232 4436 1342 4501 toritas
1353 4438 1428 4502 dicit
1441 4439 1656 4503 causalitatem
1670 4460 1678 4501 ι
1693 4438 1751 4503 sed
1765 4439 1837 4504 lraec
1849 4438 1978 4516 nonreu‘-
2032 4417 2033 4462 ss

406 4555 527 4614 secreta
546 4556 614 4616 est:
639 4569 717 4632 non,
739 4552 884 4634 inquam,
900 4550 964 4616 ileo
975 4557 1106 4629 secreta,
1123 4551 1178 4616 sed
1232 4543 1321 4626 pitur
1332 4544 1368 4608 in
1380 4544 1499 4610 divinis
1513 4567 1521 4608 ι
1536 4561 1628 4626 ergo,
1643 4549 1704 4608 cte.
2032 4559 2033 4566 ’

370 4687 374 4694 ·
405 4656 497 4721 nobis
510 4678 518 4721 :
533 4658 766 4741 quianoseam
779 4677 846 4723 non
865 4659 1176 4741 comprehendimus,
1282 4652 1374 4735 Resp.
1406 4651 1581 4717 [licendum
1608 4653 1696 4736 quod
1727 4641 1894 4719 auotoritis
1921 4650 1975 4716 did

405 4762 473 4846 ipse
494 4769 604 4828 autern
626 4765 761 4849 perfecte
783 4766 873 4832 novit
891 4784 974 4831 eam.
991 4765 1066 4832 ldeo
1085 4768 1176 4850 dicit,
1233 4759 1407 4842 quamdam
1427 4759 1718 4843 principalitatem,
1745 4761 1815 4826 Sive
1837 4761 1974 4826 auctorit*

409 4877 827 4953 «cumsacramento,aetc.
1095 4942 1099 4950 ,
1233 4860 1973 4950 tem,inpers0naqueenihilhahetabeliosal

715 5054 784 5100 ΗΠΒ.
807 5054 864 5100 xn.

642 5168 716 5228 Quod
725 5173 812 5221 autem
826 5168 939 5221 exrivo.
1013 5198 1019 5230 ς

445 5289 578 5358 Videtur
597 5294 660 5358 hoc
681 5295 813 5374 salsum3
840 5296 917 5379 quia
939 5314 1020 5379 puer
1037 5295 1179 5361 nascitur

439 5416 549 5482 stillat,
560 5417 592 5468 de
606 5418 707 5482 litate,
725 5420 771 5472 lib.
784 5422 841 5473 vll.
853 5447 887 5462 —
897 5420 1025 5487 ¹Dionys.
1038 5423 1178 5488 Areopag,

1233 4974 1354 5056 abipsa
1367 4974 1404 5058 (ὁ)
1416 4992 1527 5038 omnes
1542 4990 1551 5035 z
1566 4979 1598 5038 et
1608 4975 1670 5037 ista
1682 4975 1853 5041 auctoritas
1864 4971 1969 5038 aare

1233 5084 1281 5145 est
1292 5081 1518 5146 innascibilitas
1532 5102 1540 5144 z
1555 5081 1642 5146 unde
1664 5100 1732 5147 non
1748 5083 1820 5148 dicit
1836 5077 1971 5147 amun·

1233 5196 1264 5248 de
1276 5199 1335 5250 Dio.
1344 5198 1456 5260 Nomia,
1466 5212 1489 5249 c.
1501 5198 1582 5250 11.-⁸
1592 5199 1722 5262 Anaelm„
1736 5200 1767 5250 de
1779 5201 1901 5258 Im„
1910 5203 1968 5245 Mil

1235 5296 1267 5307 -
1277 5271 1287 5306 ι
1299 5271 1348 5322 Ubi
1362 5284 1449 5335 supra.

1235 5351 1391 5473 appllere.
1415 5351 1473 5401 ven.
1493 5352 1572 5413 ιιιι,
1587 5363 1724 5417 φωρ,
1743 5352 1814 5404 mu.
1832 5378 1856 5389 -
1878 5349 1906 5414 ιιι
1923 5346 1966 5397 αι

1289 5460 1296 5473 .
1309 5437 1376 5488 rpso.
