4100 6300
329 519 386 567 nv
937 444 1296 571 1111111111

328 653 391 717 que
412 636 543 699 tortasse
566 634 723 717 amplius,
746 630 943 713 vigesimum
965 645 1067 709 agens
1087 645 1231 706 annum,
1253 630 1319 691 toto
1340 628 1476 710 pectoris
1496 629 1609 694 ardore
1631 630 1672 695 ad
1695 632 1934 714 capessendam

328 741 442 804 Christi
455 742 603 816 militiam
618 741 755 815 accinxit
769 757 813 805 se.
830 735 906 806 itale
919 737 1027 817 itaque
1041 736 1158 798 saecuio
1173 737 1274 812 dicto,
1292 734 1456 803 Minoium
1469 737 1671 817 institutum,
1687 740 1825 823 quodid
1841 744 1934 804 tem-

329 848 414 930 poris
427 867 555 924 summo
575 848 690 923 eratin
703 848 844 923 honore,
866 843 1009 925 generali
1031 843 1151 917 ordinis
1171 842 1317 917 ministro
1330 841 1496 925 Hayrnone
1512 846 1734 926 gubernante,
1749 865 1936 929 aggressus

329 964 377 1024 est
391 976 476 1020 auno
490 957 530 1020 ab
547 957 623 1020 orbe
639 954 802 1034 redempto
817 953 907 1014 1113.
928 948 1127 1013 Probatiouis
1141 949 1180 1013 de
1194 968 1284 1014 more
1302 952 1462 1016 curriculo
1479 971 1607 1018 emenso
1620 1003 1628 1033 ,
1647 955 1760 1019 studiis
1776 956 1932 1035 illectus,

328 1070 360 1131 et
373 1065 523 1130 doctrinis
534 1063 693 1143 flagrans,
710 1058 848 1123 Parisios
861 1061 1006 1123 actutum
1019 1058 1159 1121 mittitur
1171 1057 1262 1123 velut
1279 1059 1318 1122 ad
1332 1060 1529 1142 optimarum
1542 1063 1679 1141 artium,
1695 1067 1727 1127 et
1740 1063 1936 1146 discipliua-

328 1192 403 1237 rum
417 1170 615 1252 magistram.
637 1167 762 1231 Scilicet
775 1166 809 1229 in
822 1184 860 1229 ea
873 1165 1028 1229 inciderat
1043 1169 1206 1245 tempora,
1226 1166 1262 1227 in
1281 1167 1400 1248 quibus
1419 1167 1524 1231 studia
1542 1174 1573 1232 et
1592 1174 1676 1234 artes
1693 1170 1769 1234 hinc
1785 1169 1933 1234 Parisios

329 1283 472 1343 extorres
489 1276 710 1359 profugerant.
731 1273 798 1336 Hoc
811 1290 887 1336 sane
900 1273 1032 1336 nomine
1047 1273 1209 1353 1111111111
1223 1278 1405 1337 nostrorum
1419 1274 1619 1356 diligentiam
1633 1296 1842 1360 summopere
1856 1278 1935 1341 iau-

330 1386 463 1460 damus,
481 1384 555 1465 qui,
570 1400 645 1446 cum
662 1380 888 1462 cognovissent
900 1398 933 1442 se
945 1378 1111 1441 hominem
1125 1381 1290 1443 communi
1303 1380 1387 1444 bono
1400 1382 1622 1463 acquisivisse,
1644 1404 1715 1448 eam
1728 1385 1790 1448 sibi
1810 1402 1931 1448 curam

329 1487 541 1576 sumpserint,
561 1495 598 1554 ut
613 1490 653 1554 ad
669 1488 757 1552 illam
776 1486 1021 1551 Universitatem
1034 1484 1294 1559 11111111111111
1309 1488 1490 1568 mitterent,
1506 1508 1579 1572 quae
1591 1509 1665 1554 cum
1680 1493 1769 1556 omni
1783 1491 1935 1574 discipli-

330 1619 448 1664 narum
461 1616 590 1681 genere,
604 1600 675 1660 tum
693 1594 880 1659 Ductoribus
895 1593 1023 1657 eximiis
1040 1592 1172 1657 ilorebat
1188 1594 1340 1658 maxime.
1360 1594 1453 1660 Haud
1467 1601 1558 1662 erant
1570 1598 1668 1662 nescii
1688 1599 1935 1683 prudentissimi

330 1706 414 1786 Viri,
429 1706 547 1771 reterre
561 1703 765 1785 cumprimis,
780 1721 800 1765 a
813 1720 878 1785 quo
892 1700 1095 1783 potissimum
1109 1701 1264 1782 magistro
1279 1702 1446 1767 erudiaris.

373 1813 510 1877 Parisios
522 1812 578 1875 ubi
597 1811 723 1874 labente
737 1827 821 1873 anno
837 1808 1075 1886 111111111εεί1,
1093 1827 1127 1872 se
1145 1807 1328 1873 Alexandro
1348 1810 1457 1873 Alensi
1474 1810 1620 1876 omnium
1637 1813 1743 1894 primo
1763 1811 1934 1877 Minorum

329 1921 445 2002 Aliptae
462 1920 496 1984 in
516 1919 714 2000 disciplinam
726 1916 855 1981 tradidit
870 1938 878 1979 ε
899 1916 956 1999 qui
970 1934 1129 1997 magnum
1142 1916 1273 1997 juvenis
1288 1917 1478 1998 ingenium,
1498 1906 1595 2000 atque
1607 1919 1823 1983 felicissimam
1838 1919 1935 1983 indo-

329 2029 394 2092 lem
410 2027 586 2104 admirans,
607 2025 704 2100 dixit,
722 2023 782 2087 sibi
806 2023 927 2101 videri,
944 2046 959 2083 1
972 2022 1057 2105 quod
1071 2023 1106 2085 in
1122 2041 1159 2086 eo
1176 2023 1278 2086 Adam
1292 2042 1357 2087 nou
1371 2030 1528 2107 peccasset
1538 2027 1587 2088 ¹.n
1606 2025 1647 2090 Ut
1659 2027 1752 2090 illum
1766 2026 1864 2091 brevi
1878 2027 1933 2090 in·

329 2137 432 2201 stituit
445 2134 586 2213 niensis,
608 2151 645 2196 ac
663 2132 803 2214 plurima
815 2149 890 2194 cum
904 2130 1132 2212 philosophiae,
1152 2131 1331 2194 tumetium
1351 2131 1522 2212 theologiae
1538 2137 1697 2216 precepta
1717 2134 1761 2198 illi
1777 2134 1932 2214 tradidit,

329 2244 417 2309 senio
429 2226 590 2308 conlectus
603 2239 682 2303 abiit
695 2239 772 2302 hino
785 2256 870 2302 anno
883 2240 983 2317 1115,
1000 2242 1038 2300 11
1052 2237 1110 2301 cal.
1126 2238 1325 2320 septembris,
1338 2237 1421 2302 Huic
1434 2256 1530 2320 porro
1544 2242 1731 2324 praeceptori
1743 2241 1934 2306 laudatissi-

328 2370 421 2416 mum
435 2351 548 2413 damus
568 2349 713 2413 Ecclesiae
728 2348 888 2412 doctorem
902 2344 1181 2423 Bonaveuturam,
1197 2364 1263 2410 nou
1276 2343 1292 2409 J
1295 2347 1390 2409 oanni
1404 2347 1601 2430 Rupellensi,
1616 2350 1667 2413 vel
1681 2351 1785 2413 cuivis
1799 2347 1934 2414 1111111-

328 2477 448 2523 norum
465 2457 631 2538 magistro.
654 2456 690 2521 Ei
709 2455 867 2538 siquidem
885 2451 1009 2516 Alensis
1025 2452 1150 2516 facilem
1170 2453 1284 2517 stravit
1298 2452 1337 2536 lat
1359 2454 1447 2518 viam
1467 2457 1507 2521 ad
1526 2462 1646 2525 ceteras
1661 2458 1831 2534 scientias,
1852 2475 1935 2551 quas

330 2566 506 2649 peroptime
520 2565 639 2643 calluit,
656 2562 894 2646 comparandas.
910 2560 1015 2636 Quare
1027 2579 1060 2624 se
1072 2559 1117 2623 ita
1128 2559 1235 2623 Δ111111
1244 2561 1366 2625 addixit
1378 2560 1615 2645 Beneventum,
1629 2570 1667 2629 ut
1680 2566 1719 2633 ad
1729 2566 1801 2648 ejus
1812 2566 1936 2648 scripta

333 2678 489 2754 tanquam
502 2672 542 2736 ad
557 2690 674 2735 sanum
689 2670 859 2736 adhaesisse
872 2667 1029 2733 videatur.
1425 2681 1429 2689 ·

371 2780 409 2844 ln
422 2779 573 2843 humanis
586 2779 688 2861 igitur
699 2777 874 2860 disciplinis
887 2776 927 2840 ad
941 2775 1074 2858 plenum
1089 2775 1251 2852 eruditus,
1269 2776 1459 2858 theologicae
1472 2777 1650 2857 Facultati,
1669 2778 1722 2845 cui
1736 2776 1788 2842 vel
1802 2779 1844 2842 ab
1858 2777 1934 2841 ado·

332 2887 507 2952 lescentulo
520 2904 724 2968 summopere
737 2885 863 2949 deditus
880 2887 966 2962 erat,
986 2881 1130 2946 sedulam
1144 2883 1276 2945 navavit
1293 2902 1435 2965 operam.
1455 2883 1536 2948 Huic
1549 2889 1646 2949 tauta
1660 2884 1835 2969 disciplinae
1850 2888 1932 2952 adeo

333 2995 467 3061 credidit
478 3013 529 3073 se,
544 2998 661 3058 utnon
675 2992 770 3057 modo
784 2991 964 3072 degustarit
975 3008 1031 3068 11,
1044 3006 1118 3071 quae
1132 2988 1266 3052 adhunc
1280 2991 1444 3054 scientiam
1459 2992 1643 3073 conterunt,
1660 2992 1715 3057 sed
1727 2992 1761 3057 iu
1774 2992 1831 3058 illa
1843 2994 1934 3059 velut

335 3102 378 3167 ad
391 3102 526 3167 sireuios
539 3101 685 3184 scopulos
698 3097 901 3164 consenuerit
919 3098 1027 3162 etiam.
1042 3094 1184 3180 Septimo
1198 3097 1324 3165 Ordinis
1339 3097 1504 3181 pervoluta
1515 3117 1620 3179 anuo,
1635 3119 1711 3164 cum
1722 3101 1757 3166 in
1769 3120 1862 3167 sacra
1875 3101 1933 3167 Fa·

333 3211 452 3273 1111111
468 3209 543 3272 satis
560 3227 719 3291 superque
732 3213 877 3271 versatus
895 3210 996 3287 esset,
1018 3206 1107 3270 huuc
1126 3207 1305 3289 promeruit
1317 3208 1493 3288 honorem,
1514 3214 1551 3272 11
1568 3208 1651 3272 11111
1665 3208 1827 3274 ltlinorum
1843 3214 1933 3293 septa
1957 3189 1961 3198 ¹

334 3315 543 3396 constitutus,
566 3315 767 3379 auditoribus
785 3314 902 3378 nostris
923 3313 1162 3379 Sententiarum
1180 3313 1290 3378 Libros
1308 3314 1431 3397 legeret
1450 3335 1534 3380 anuo
1557 3320 1648 3381 laad.
1672 3316 1743 3381 tam
1763 3337 1842 3382 vero
1860 3323 1932 3381 tum

333 3424 522 3488 1111111111
541 3423 848 3504 1111113111119,
872 3425 928 3485 aut
945 3421 1121 3486 variasse.
1141 3422 1190 3485 Ab
1207 3421 1319 3486 intimo
1339 3423 1379 3487 ad
1398 3441 1587 3505 supremum
1607 3424 1771 3505 dignitatis
1789 3425 1931 3507 gradum

336 3531 481 3615 pervenit
494 3530 606 3594 brevi:
629 3548 706 3592 nam
721 3529 776 3593 ubi
790 3534 854 3592 tres
865 3529 949 3592 inter
962 3529 1151 3592 domesticos
1164 3530 1246 3592 lares
1259 3529 1295 3593 in
1310 3529 1408 3593 sacris
1419 3530 1616 3612 exponendis
1635 3531 1747 3595 litteris
1761 3531 1932 3615 insumpsit

334 3657 454 3719 anuos,
475 3659 493 3704 e
513 3638 641 3721 publico
655 3636 876 3701 Universitatis
893 3636 965 3700 loco
977 3654 1106 3700 summo
1120 3654 1195 3699 1111
1207 3636 1355 3700 omnium
1365 3637 1486 3721 plausu
1505 3636 1608 3700 dicere
1627 3639 1746 3724 caepit:
1768 3639 1879 3722 sicque
1897 3638 1931 3710 in

336 3748 481 3829 ubisque
496 3745 532 3829 (tl
548 3743 705 3809 subselliis
717 3748 863 3809 versatus
875 3743 936 3807 1111
948 3743 1071 3826 optima
1083 3747 1115 3808 et
1128 3745 1335 3823 anctoritate,
1350 3744 1490 3808 1111111.

376 3852 443 3917 Hoc
454 3853 563 3935 itaque
576 3869 661 3915 anno
674 3854 771 3930 1153,
786 3850 984 3915 baccalaurei
997 3869 1119 3915 munus
1133 3849 1229 3932 (nam
1243 3851 1368 3934 primus
1382 3851 1515 3916 11111111
1529 3851 1705 3935 Magistcni
1719 3856 1862 3936 gradus)
1876 3873 1932 3919 su·

337 3960 418 4040 biit;
440 3959 538 4042 idque
556 3958 591 4021 in
605 3955 794 4023 Schoiarum
807 3957 1056 4038 instauratione,
1076 3976 1169 4041 quae,
1192 3962 1230 4022 ut
1242 3959 1366 4039 lerunt,
1386 3960 1421 4024 in
1439 3961 1575 4025 octobris
1595 3979 1739 4026 mensem
1752 3963 1929 4028 inciderat:

339 4086 404 4151 quo
418 4085 494 4132 cum
506 4064 601 4130 laude
619 4065 808 4148 perfuncto,
827 4065 869 4130 ad
886 4065 1032 4129 altiorem
1047 4064 1206 4147 madum,
1228 4084 1326 4149 quem
1345 4067 1627 4134 Licentiandorum
1642 4069 1819 4152 appellant,
1835 4070 1871 4134 in
1883 4087 1931 4133 se-

336 4174 448 4257 quenti
463 4192 548 4238 auno
562 4178 730 4256 provectus
742 4174 873 4252 fuisset,
893 4173 957 4236 nisi
975 4173 1157 4238 Academici
1170 4174 1320 4237 acerrimi
1333 4172 1582 4239 Mendicantium
1597 4193 1723 4256 osores,
1741 4195 1782 4242 11
1802 4178 1931 4243 Princi-

334 4285 447 4365 ptum,
461 4284 499 4346 ut
514 4280 626 4359 aiunt,
643 4281 677 4344 iu
693 4279 873 4364 Episcopali
884 4280 969 4346 Aula
982 4281 1134 4358 haberet,
1148 4280 1367 4364 impediisseut
1379 4283 1524 4347 omniuo.
1544 4283 1624 4361 Qua
1643 4286 1752 4349 tamen
1773 4284 1929 4348 Parisien-

337 4390 424 4455 sium
446 4388 711 4454 Academicorum
731 4373 904 4471 pertinacia
923 4405 988 4452 non
1010 4388 1105 4452 illum
1124 4389 1278 4453 deterruit
1295 4407 1352 4464 eo,
1373 4407 1440 4471 quo
1459 4391 1567 4454 miuus
1587 4391 1722 4473 puhlicis
1740 4391 1931 4456 lectionibus

337 4498 427 4562 daret
439 4515 581 4579 operam.
604 4495 695 4561 Unde
708 4496 870 4579 reliquum
887 4496 957 4576 iter,
978 4495 1064 4578 quod
1081 4498 1149 4579 jam
1169 4496 1367 4574 instituerat,
1384 4498 1540 4562 conticere
1552 4498 1710 4580 perrexit,
1725 4503 1756 4564 et
1769 4487 1930 4564 liinomm

340 4604 540 4683 Gatbedram,
554 4623 653 4688 quam
662 4606 738 4687 jure
751 4603 911 4669 Nostrates
924 4603 1060 4668 11111111
1071 4603 1208 4684 1111111,
1224 4604 1264 4668 ad
1276 4621 1400 4668 annum
1412 4623 1516 4687 usque
1531 4609 1610 4669 1156
1625 4605 1726 4670 multa
1738 4606 1929 4672 Auditorum

338 4713 517 4795 frequentia
529 4713 643 4778 tenuit.
663 4710 733 4775 Una
752 4710 855 4792 igitur
868 4710 935 4775 sola
948 4711 994 4775 illi
1008 4716 1175 4793 supererat
1186 4711 1295 4789 rudis,
1314 4715 1410 4794 atque
1428 4711 1601 4794 Magisterii
1614 4713 1728 4796 virga,
1742 4733 1807 4797 qua
1820 4713 1930 4779 donari

338 4839 405 4885 non
423 4821 547 4904 potuit,
567 4824 735 4904 propterea
751 4820 838 4902 quod
854 4819 890 4883 in
907 4819 974 4884 dies
993 4821 1100 4903 magis
1117 4838 1155 4884 ac
1174 4819 1280 4901 magis
1300 4817 1528 4883 Parisiensium
1546 4819 1668 4885 invidia
1689 4821 1849 4902 gliscebat.
1871 4820 1929 4887 Sed
2025 4896 2027 4898 ‚

341 4928 419 5012 quid
431 4928 534 5010 potuit
545 4928 795 4993 obtrectatorum
806 4926 1004 5008 procacitas?
1019 4928 1155 5010 paulum
1168 4926 1283 5009 oppido
1297 4944 1367 4990 rem
1379 4926 1634 5009 procrastinavit.
1653 4926 1799 5012 Namque
1817 4929 1928 5013 hujus·

339 5036 427 5100 modi
441 5035 544 5116 gloria
555 5080 564 5112 ,
577 5053 652 5117 quae
664 5031 899 5100 Bonaventurae
912 5035 974 5099 hoc
986 5054 1072 5100 anno
1086 5034 1259 5100 debebatur
1269 5036 1366 5117 jure,
1380 5034 1416 5098 in
1428 5039 1614 5118 sequentem
1628 5040 1707 5100 1157
1721 5036 1816 5102 dilata
1828 5037 1900 5101 1111.

381 5142 443 5208 Sed
456 5160 533 5206 cum
546 5141 581 5205 in
594 5143 740 5207 omnium
754 5141 855 5206 oculis
867 5142 991 5208 viveret
1002 5141 1240 5222 Beneventum,
1254 5159 1392 5224 cumque
1406 5144 1476 5224 ejus
1487 5141 1558 5205 laus
1567 5142 1629 5206 late
1643 5143 1803 5228 longeque
1816 5143 1928 5208 dilibsa
1992 5162 1995 5167 ’

341 5256 442 5331 esset,
457 5267 496 5315 eo
509 5249 641 5314 honoris
653 5265 842 5333 progressus
855 5253 913 5326 est,
926 5252 964 5314 ut
973 5250 1103 5332 juvenis
1115 5250 1237 5325 adbuc,
1252 5249 1386 5330 triginta
1397 5249 1429 5313 id
1440 5253 1489 5315 est
1500 5253 1532 5316 et
1542 5249 1686 5334 quinque
1698 5269 1801 5316 armos
1814 5255 1926 5328 natus,

374 5396 431 5448 ι111
445 5408 541 5462 suppar
555 5393 669 5458 scriptor
682 5393 797 5446 Barthol.
811 5395 918 5446 Pisanus
930 5393 959 5443 in
971 5393 1018 5444 lib.
1033 5395 1157 5459 Corseas,
1171 5398 1236 5459 pact.
1250 5396 1286 5457 11,
1300 5395 1410 5446 111118.

375 5487 409 5553 ta)
422 5485 494 5538 Edit.
509 5486 569 5539 Ven.
582 5485 682 5537 sternit
692 5511 724 5524 -
733 5484 769 5552 (1)
782 5484 848 5537 11111.
861 5486 1003 5552 uniusque.
