4100 6300
462 524 560 590 DlST.
579 524 699 590 xxvii.
721 523 836 590 PART.
860 521 884 590 l.
906 525 997 591 ΛΒΤ.
1019 526 1045 592 l.
1070 527 1218 605 QUAEST.
1241 528 1280 594 ll.
1612 537 1672 599 tili

99 660 170 725 Nam
179 658 351 722 secundum
360 659 523 742 propriam
529 660 696 740 rationem,
712 677 851 740 genera-
906 660 1017 745 aliqui,
1033 662 1118 744 quod
1131 663 1267 746 privatio
1278 681 1345 728 non
1364 667 1412 729 θεῖ
1427 665 1509 730 ratio
1525 666 1671 747 habitus,

97 770 136 832 tio
156 766 225 830 dicit
248 766 492 842 emanationem,
508 767 575 831 sive
588 767 767 848 originem3
793 786 852 849 pe-
905 767 1127 851 scilicetpura3
1143 770 1198 835 sed
1208 770 1344 853 privatio
1357 771 1463 855 aliqua
1476 773 1673 838 cumhabitu

95 874 217 938 temitas
233 872 308 936 dicit
328 873 548 937 habitudinem
573 893 582 936 ε
602 879 724 938 constat
743 879 851 939 autem
905 875 1074 955 substrato,
1087 881 1134 941 θεῖ
1143 877 1235 941 ratio.
1250 876 1351 956 Unde,
1359 879 1441 944 siem
1451 880 1566 963 aliquis
1574 881 1672 947 homo

96 980 173 1062 quod
183 980 273 1061 origo
286 984 334 1044 est
345 981 427 1045 ratio
441 981 657 1060 habitudinis,
673 1001 739 1046 uon
756 981 852 1045 habi·
905 985 1044 1050 liberalis
1058 986 1173 1051 invitat
1184 986 1225 1050 ad
1234 987 1476 1069 comedendum,
1484 990 1562 1072 quia
1573 990 1670 1071 solus,

94 1087 252 1151 tudoratio
266 1086 400 1167 originis
408 1092 455 1151 θεῖ
470 1109 478 1151 :
493 1092 524 1151 θῖ
538 1088 609 1153 ideo
628 1088 792 1169 generatio
806 1090 853 1152 est
905 1094 949 1158 sic
964 1092 1056 1158 Pater
1070 1098 1202 1176 generat
1214 1113 1255 1159 ex
1268 1095 1465 1176 liberalitate,
1478 1100 1510 1160 et
1522 1115 1563 1162 ue
1575 1097 1672 1162 sitso

93 1195 168 1258 ratio
179 1194 384 1276 paternitatis,
398 1212 463 1258 non
477 1212 495 1258 θ
508 1213 661 1261 converso
670 1218 678 1260 :
688 1196 759 1261 ideo
773 1214 852 1260 oon-
904 1203 956 1268 lus
968 1225 975 1267 :
985 1207 1017 1267 et
1027 1203 1098 1267 ideo
1109 1221 1184 1268 cum
1198 1204 1296 1268 semel
1304 1205 1474 1286 generavit
1484 1209 1516 1269 et
1526 1206 1670 1289 spiravit,

92 1302 242 1365 ceduntur
252 1302 392 1366 rationes
405 1303 445 1366 ad
459 1303 531 1367 hoc.
904 1327 970 1374 non
986 1309 1124 1393 amplius
1136 1316 1279 1392 generat,
1294 1311 1372 1394 quia
1381 1314 1524 1394 jamnon
1535 1312 1673 1396 amplius

129 1408 212 1473 1.Αά
225 1409 304 1474 illud
314 1409 416 1490 igitur
425 1410 511 1492 quod
520 1408 669 1492 objicitur
680 1410 715 1474 in
726 1409 850 1475 contra·
905 1421 953 1481 est
964 1419 1061 1499 solus,
1074 1421 1222 1502 quemvis
1233 1419 1274 1483 sit
1285 1419 1437 1484 liberalis.
1452 1419 1552 1484 Aliter
1565 1424 1673 1485 mmen

89 1520 188 1598 rium,
201 1520 288 1603 quod
310 1539 376 1584 uon
396 1525 529 1602 generat
545 1521 608 1585 nisi
626 1541 762 1603 persona
785 1523 852 1587 dis-
905 1529 953 1590 est
964 1526 1146 1607 dicendum,
1159 1528 1241 1592 sicut
1252 1528 1455 1608 dictumluit,
1469 1528 1556 1611 quod
1567 1517 1673 1600 innes-

86 1629 195 1705 tincta;
211 1627 379 1692 dicendum
392 1629 479 1712 quod
489 1648 605 1695 verum
616 1634 664 1694 est
673 1632 851 1697 seeundum
905 1635 1037 1699 nbilitas
1050 1639 1097 1698 est
1109 1634 1258 1718 privatio,
1271 1652 1345 1718 quae
1356 1635 1533 1700 secundum
1544 1653 1613 1700 rem
1626 1641 1674 1701 est

85 1736 240 1799 rationem
252 1736 466 1818 intelligendi3
482 1756 610 1803 necesse
621 1742 668 1803 θεῖ
681 1739 852 1804 animante
904 1742 1042 1823 perfecta
1068 1743 1192 1825 positio.
1216 1741 1412 1814 innascibilis
1440 1743 1528 1808 enim
1553 1742 1672 1808 dicitnr

83 1843 322 1924 generationem
347 1863 414 1909 esse
438 1845 635 1928 hypostasim
658 1846 852 1929 (secundum
905 1846 1008 1926 Pater,
1023 1850 1101 1933 quia
1111 1853 1236 1915 nonest
1257 1850 1297 1914 ab
1311 1850 1395 1914 alio:
1412 1854 1444 1915 et
1463 1868 1530 1914 non
1542 1868 1610 1915 esse
1631 1851 1672 1914 ab

82 1950 237 2013 rationem
244 1951 443 2033 intelligendi
455 1953 578 2036 loquor)
594 1976 601 2018 :
614 1953 744 2018 sednon
756 1970 851 2036 opor-
904 1958 967 2022 alio
978 1962 1026 2023 est
1037 1977 1105 2023 θεεθ
1118 1959 1276 2041 primum3
1292 1962 1324 2024 θῖ
1336 1958 1481 2041 primitas
1493 1963 1541 2024 est
1555 1958 1673 2023 nobilis

80 2061 123 2122 tet
135 2059 384 2142 praeintelligere
397 2079 469 2124 eam
488 2065 560 2127 actu
570 2062 762 2142 distinctam,
774 2063 851 2146 quia
904 2065 1019 2149 positio
1032 2071 1054 2130 ¹.
1067 2064 1212 2130 Primum
1225 2066 1323 2145 enim,
1338 2065 1461 2131 rabone
1474 2066 1582 2148 primi,
1593 2066 1673 2130 adeo

80 2165 147 2247 ipsa
169 2168 380 2250 distinguitur
399 2187 456 2252 per
480 2170 704 2253 proprietatem
715 2189 852 2253 genera·
904 2173 980 2238 dicit
990 2175 1129 2239 nobilem
1138 2175 1327 2258 positionem
1338 2178 1370 2239 θῖ
1378 2174 1614 2253 conditionem,
1635 2178 1673 2238 ut

77 2273 175 2337 tionis
201 2274 398 2341 distinctione
425 2278 592 2360 completa,
628 2279 712 2342 sicut
737 2277 853 2342 melius
903 2281 1078 2359 videbitur,
1098 2281 1237 2365 quodod
1251 2282 1442 2364 positionem
1458 2282 1555 2364 primi
1563 2279 1672 2363 sequi·

75 2382 199 2463 patebit
218 2384 301 2447 intra
321 2388 469 2465 ttamen,
496 2387 672 2451 secundnm
694 2387 851 2451 rationem
903 2389 957 2449 tur
968 2385 1081 2467 positio
1090 2384 1230 2449 secundi.
1241 2383 1341 2464 Unde,
1352 2384 1589 2468 qruaprimum,
1599 2381 1672 2446 ideo

73 2490 291 2571 intelligendi,
303 2493 383 2557 ratio
400 2493 617 2576 distinguendi
634 2494 803 2559 inchoatur
816 2496 850 2558 in
903 2491 1097 2575 principium
1107 2514 1115 2556 ι
1126 2492 1203 2575 quia
1211 2491 1417 2574 principium,
1429 2492 1511 2568 ideo,
1524 2490 1576 2558 vel
1584 2494 1669 2570 actu,

72 2594 352 2662 innascibilitate:
374 2599 445 2664 ideo
463 2604 609 2682 generat,
633 2601 672 2684 (a)
699 2606 736 2667 ut
759 2602 851 2686 prius
903 2599 955 2666 vel
966 2599 1094 2676 babitu,
1114 2601 1163 2663 est
1173 2598 1416 2682 principiatum.
1432 2597 1592 2676 Quoniam
1604 2596 1671 2678 igi-

71 2702 228 2767 distincta
241 2699 381 2787 quodam
394 2707 489 2770 modo
502 2707 754 2774 innascibilitate,
903 2706 958 2767 tur
971 2703 1052 2767 ratio
1065 2701 1234 2785 primitatis
1246 2701 1281 2766 in
1295 2701 1402 2785 aliquo
1415 2719 1534 2784 genere
1550 2706 1599 2765 est
1617 2717 1673 2764 ra·

111 2813 144 2874 2.
165 2811 221 2874 Ad
234 2811 312 2876 illud
323 2813 410 2894 quod
422 2813 589 2895 objicitur,
605 2816 691 2898 quod
706 2835 772 2881 non
794 2837 850 2882 ac-
902 2811 947 2876 tio
965 2810 1146 2894 principiali
1165 2811 1201 2875 in
1220 2810 1289 2889 illo;
1314 2810 1401 2891 ideo,
1420 2807 1497 2894 quia
1514 2815 1604 2893 pater
1624 2813 1673 2873 θεῖ

70 2922 220 3002 quiritur
232 2941 290 3005 per
302 2928 426 3003 actum3
440 2924 612 2991 dicendum
626 2927 712 3009 quod
723 2929 758 2992 in
767 2928 852 2993 divi-
902 2917 1046 3000 primum
1057 2922 1201 3000 respectu
1212 2916 1435 2997 emanationis,
1443 2914 1671 2999 generationis,

70 3029 120 3092 uis
135 3030 235 3094 nulla
247 3031 424 3114 proprietas
435 3032 627 3115 acquiritur,
641 3035 719 3116 quia
733 3036 850 3117 quaeli-
903 3028 934 3088 θῒ
947 3025 1174 3108 Ρϊθῢθῦῖὶῡῦἰθ,
1192 3028 1343 3108 &illimis
1357 3029 1389 3090 θῑ
1406 3025 1515 3108 spirat·
1530 3023 1570 3088 Εἴ
1587 3040 1672 3106 quo-

70 3134 125 3200 bet
133 3141 187 3202 θεῖ
202 3137 339 3202 essentia
355 3158 363 3201 :
380 3142 488 3204 tamur
502 3142 679 3207 secundum
693 3143 850 3208 rationem
902 3132 992 3198 niam
1014 3153 1082 3199 θεεθ
1102 3134 1246 3218 primum
1262 3132 1298 3197 in
1311 3151 1430 3215 genere
1442 3130 1670 3214 generationis,

70 3243 294 3324 ntelligendi,
311 3243 422 3325 origo,
435 3245 502 3311 sive
516 3248 677 3312 emanatio
700 3248 847 3331 originis,
903 3242 980 3325 quia
992 3242 1197 3321 issssflfflihffisss
1214 3246 1262 3307 ⁰⁸ss
1272 3259 1341 3305 0⁵⁸0
1351 3239 1542 3323 primumn
1554 3256 1673 3321 &essere

70 3353 115 3411 est
129 3351 223 3413 ratio
236 3349 413 3430 relationis,
429 3353 511 3417 sicut
530 3354 565 3417 in
580 3354 631 3418 his
645 3355 850 3422 inferioribus
903 3349 1102 3432 Spirtlifflis,
1116 3349 1193 3432 qula
1210 3347 1298 3415 Deus
1309 3347 1586 3431 ifflpmoefflibiliflt
1602 3346 1673 3411 id0⁰

70 3457 223 3520 stratio
243 3458 420 3523 secundum
440 3477 517 3524 esse.
535 3459 644 3541 Unde,
660 3462 742 3526 sicut
761 3466 851 3527 actus
904 3463 1048 3545 generat,
1060 3458 1136 3541 quia
1149 3457 1233 3523 lleus
1243 3456 1450 3537 innascibilis,
1465 3460 1497 3521 et
1509 3455 1595 3521 ultra
1607 3474 1674 3520 non

70 3563 299 3644 generationis
317 3568 365 3629 est
384 3570 543 3645 aeternus,
563 3566 607 3630 ite
628 3571 660 3631 et
674 3570 851 3652 proprietas
903 3571 952 3632 est
965 3584 1083 3650 ponere
1094 3584 1195 3648 quare
1209 3568 1256 3629 θεῖ
1270 3563 1476 3628 innascibilis.
1492 3563 1573 3628 Cum
1586 3562 1673 3628 eninr

70 3670 278 3735 ›atermtatu
289 3676 409 3737 aeterna
424 3674 540 3750 :unde
555 3675 704 3755 quamvis
718 3693 784 3739 non
796 3695 850 3739 ac·
904 3672 1131 3737 innascibilitas
1143 3672 1228 3737 dicat
1239 3670 1435 3754 prinritetem
1446 3675 1469 3748 ¹,
1480 3672 1619 3735 orantus
1632 3669 1675 3733 sit

70 3779 230 3860 priratur
239 3797 295 3861 per
308 3785 428 3861 aetum,
441 3781 645 3845 iuesttamcn
658 3787 846 3865 peractum.
902 3780 938 3845 in
950 3781 1066 3863 primo,
1083 3779 1165 3859 ideo,
1180 3782 1241 3843 etc.
1256 3778 1296 3842 Et
1312 3778 1375 3843 hoc
1386 3780 1436 3842 θεῖ
1453 3777 1539 3860 quod
1556 3776 1673 3841 dicitur

71 3884 159 3950 lude
179 3886 243 3948 illa
254 3887 426 3969 propositio
442 3891 489 3951 est
501 3887 589 3968 falsa,
604 3893 637 3952 θῖ
648 3889 740 3953 debet
752 3909 849 3972 gene-
905 3888 999 3969 inira,
1015 3888 1087 3953 dist.
1103 3905 1207 3968 xxix,
1226 3886 1309 3951 circa
1321 3886 1540 3970 principium:
1556 3884 1673 3951 «Pater

71 3992 182 4057 aliter
191 3994 315 4075 exponi
325 3995 395 4058 sic:
415 3993 544 4058 alubis
562 4013 636 4078 quae
656 4015 723 4061 non
738 3997 849 4064 insunt
902 3999 950 4060 est
978 3995 1171 4079 principium
1201 3994 1300 4058 totius
1324 3993 1522 4074 damnus,
1552 3992 1672 4075 quina

70 4104 267 4179 teractum,
278 4121 294 4159 o
306 4106 379 4181 etc.;
391 4101 774 4168 etnmcminorestialsa.
786 4102 846 4169 Po-
902 4103 1016 4169 nullo:
1032 4125 1048 4164 r
1065 4107 1097 4168 et
1111 4103 1172 4168 hoc
1197 4106 1259 4179 est,
1278 4102 1365 4184 quod
1376 4101 1411 4165 in
1427 4100 1575 4184 pluribus
1593 4098 1671 4164 locis

70 4212 118 4271 ²st
132 4213 259 4271 tamen
271 4206 333 4271 dici
345 4208 432 4290 quod
444 4208 523 4273 illud
537 4214 583 4273 est
596 4227 711 4275 verum
724 4210 764 4274 de
774 4215 847 4276 actu
901 4229 999 4295 supra
1011 4215 1023 4251 ⁸
1037 4210 1178 4294 positum
1188 4214 1245 4273 est.

71 4314 631 4399 uieliciturexhabitu,sicutopus
642 4317 845 4384 meritorium
941 4318 1031 4396 Quod
1057 4322 1166 4383 autem
1191 4318 1298 4382 movet
1324 4315 1365 4380 ad
1391 4315 1452 4379 hoc
1479 4313 1667 4395 dicendum,

70 4423 237 4506 agretia
253 4443 260 4487 :
274 4422 328 4487 sed
347 4429 436 4488 actus
446 4425 662 4507 generationis
676 4444 742 4491 non
757 4427 845 4491 elici-
898 4427 1041 4511 primum
1055 4429 1102 4490 θεῖ
1116 4423 1248 4507 auique
1262 4422 1377 4506 positio
1387 4422 1669 4505 magnorumlloo·
1758 4428 1766 4443 ⁸

70 4551 120 4613 rr,
134 4549 211 4595 nec
221 4529 412 4612 intelligitur
419 4531 489 4596 elici
502 4550 544 4596 ex
554 4533 742 4616 paternitate
755 4535 844 4600 :ideo
898 4541 1027 4612 torum,
1043 4533 1101 4617 qui
1114 4534 1269 4599 dixerunt
1292 4531 1378 4613 quod
1392 4531 1619 4596 innascibilitas
1632 4530 1666 4593 in

70 4658 117 4704 on
134 4640 280 4721 oportet
302 4639 547 4722 praemtehigere
564 4641 788 4723 paternitatem
803 4642 843 4707 ad
899 4642 992 4708 Patre
1005 4641 1081 4707 dicit
1097 4638 1249 4705 fontalem
1262 4637 1493 4722 plenitudinem
1515 4661 1523 4703 :
1541 4637 1667 4704 fontalis

70 4766 122 4825 ic,
141 4745 249 4830 quod
268 4746 465 4827 intelligatur
477 4766 642 4828 generare.
898 4752 1006 4814 autem
1017 4743 1666 4830 plenitudoconsistitinproducendo.Sed

84 4860 124 4920 3.
144 4854 211 4918 Ad
227 4853 307 4917 illud
321 4871 329 4917 :
344 4856 410 4918 Aut
424 4859 571 4936 generat,
588 4856 664 4939 quia
676 4855 771 4936 Deus,
786 4863 843 4923 aut
897 4857 1019 4920 constat
1033 4853 1131 4936 quod,
1145 4871 1213 4917 uon
1225 4851 1296 4916 ideo
1308 4851 1384 4935 quia
1395 4856 1575 4918 creaturam
1587 4869 1666 4935 prc-

70 4967 123 5031 ria
142 4963 267 5041 Pater,
279 4968 352 5043 etc,
377 4963 569 5046 dicendum,
591 4966 678 5048 quod
690 4972 839 5048 generat,
895 4963 995 5041 ducit,
1009 4960 1171 5026 diciturin
1191 4979 1230 5026 eo
1250 4960 1377 5026 fontalis
1388 4961 1571 5044 plenitudo,
1585 4961 1663 5044 quia

70 5076 125 5139 ria
141 5060 248 5137 Deus
267 5070 479 5152 innascibilis,
495 5078 527 5136 et
544 5073 660 5157 spirat,
682 5073 759 5156 quia
775 5075 841 5138 im·
895 5070 957 5134 hoc
970 5069 1121 5134 convenit
1130 5068 1251 5147 tribus;
1270 5085 1329 5133 nec
1341 5069 1414 5134 ideo
1426 5068 1503 5152 qrria
1516 5067 1664 5153 producit

70 5177 291 5248 ccessinilts.
308 5176 399 5255 Quod
415 5178 580 5260 objicitur,
602 5180 689 5262 quod
702 5180 841 5245 innasci-
895 5175 1051 5260 Spiritum
1062 5180 1221 5254 sanctum,
1233 5174 1383 5258 quiahoc
1396 5175 1546 5242 convenit
1556 5174 1636 5241 Filio
1653 5197 1661 5240 :

70 5293 161 5356 litas
168 5286 482 5353 dicitursecundum
490 5287 717 5370 privationem
729 5289 841 5354 dicunt
894 5284 995 5366 igitur
1007 5282 1135 5349 fontalis
1158 5282 1321 5366 plenitudo
1342 5283 1378 5346 in
1391 5281 1484 5348 Patre
1497 5281 1588 5365 pouit
1599 5300 1662 5365 ge-

82 5434 197 5486 lnstat
217 5429 290 5480 Scot
303 5433 393 5481 contra
404 5430 455 5481 hoc
466 5429 577 5495 dictum,
590 5443 617 5495 q.
626 5442 663 5495 rr,
676 5429 730 5480 ibi:
746 5431 839 5482 eontra
893 5445 1160 5496 Mammam-a
1169 5450 1247 5510 Aug„
1256 5443 1287 5496 ,10
1298 5444 1376 5506 pren„
1388 5443 1433 5496 pb,
1444 5445 1487 5509 pv,
1497 5455 1574 5509 ω,
1585 5457 1613 5494 ῃ,
1620 5446 1661 5496 29,

70 5526 99 5590 a)
120 5523 209 5575 Cot.
230 5518 289 5571 edii.
302 5523 532 5585 gemuerunt.
892 5515 1045 5569 -⁸Distu
1059 5520 1140 5569 etxr.
