4100 6300
521 468 619 535 nlsr.
636 466 718 536 Vlll.
741 466 857 533 PART.
882 466 907 532 1.
929 466 1019 533 ART.
1043 466 1067 531 1.
1090 466 1240 545 QUAEST.
1264 469 1289 535 l.
1631 475 1690 535 aaa

411 666 549 715 nun-ax.
1130 644 1408 715 ARTICULUS
1437 647 1464 714 Ι.

99 791 105 803 ’
238 801 313 854 ⁸⁰¹¹¹⁸
327 801 396 851 ⁰⁹⁰⁸
407 800 486 852 Μ
502 798 726 850 immorandum.
962 818 1000 883 ln
1012 820 1074 885 hac
1086 823 1191 902 parte,
1206 820 1247 886 ad
1262 820 1454 886 evidentiam
1472 821 1610 887 duarum
1625 822 1693 906 pri-

139 927 312 1011 Quaeritur,
334 930 494 1014 quomodo
518 930 571 994 hic
590 927 792 1008 intelligatur
809 924 869 987 im·
921 945 1050 992 marum
1063 929 1311 1013 proprietatum,
1325 948 1407 1013 quas
1421 929 1571 1012 Magister
1586 929 1691 1012 primo

96 1035 284 1114 moralitas,
300 1054 376 1100 cum
388 1035 441 1099 hic
454 1030 766 1114 dicatAugustinus¹
780 1028 867 1112 quod
922 1036 1080 1119 assignat,
1101 1037 1219 1102 scilicet
1233 1037 1382 1103 Veritatis
1394 1042 1425 1104 θῖ
1440 1037 1692 1103 iucommutabi-

96 1143 251 1227 accipitur
272 1161 331 1227 pro
357 1141 674 1208 incommutabilitate
695 1159 704 1202 :
728 1138 783 1203 sed
806 1137 869 1201 hoc
922 1143 1036 1224 litatis,
1051 1145 1117 1210 duo
1130 1145 1346 1230 principaliter
1357 1151 1550 1230 queruntur
1567 1147 1693 1230 :primo

96 1271 166 1318 non
188 1252 316 1318 videtur
337 1251 541 1317 conveniens.
568 1249 653 1314 Mors
685 1247 772 1312 enim
802 1262 869 1309 11011
922 1253 962 1318 de
984 1253 1054 1337 ipsa
1070 1253 1225 1334 Veritate3
1248 1255 1388 1320 secundo
1409 1257 1450 1322 de
1475 1241 1692 1320 immutabili-

95 1360 174 1426 dicit
185 1378 315 1426 omnem
329 1359 591 1435 mutabilitatem,
606 1357 661 1421 scd
676 1356 781 1421 solum
794 1371 868 1419 cor-
922 1364 998 1425 tate.
1022 1361 1066 1427 Ile
1086 1362 1225 1429 veritate
1244 1364 1362 1429 iterum
1380 1367 1573 1448 queruntur
1590 1361 1656 1428 duo
1683 1385 1691 1426 :

95 1469 343 1553 ruptibilitatam
361 1467 545 1535 viventium
570 1487 578 1530 ι
598 1483 679 1547 crgo
697 1482 765 1529 non
784 1461 869 1527 idem
890 1452 897 1467 '
923 1468 1046 1552 primo,
1066 1474 1177 1536 uuum
1198 1470 1321 1537 Veritas
1338 1472 1380 1536 sit
1396 1472 1573 1556 proprietas
1592 1459 1695 1536 divini

96 1582 148 1641 est
158 1578 272 1643 dicere.
924 1577 1014 1659 Esse3
1033 1579 1191 1660 secunde,
1207 1584 1320 1646 utrum
1331 1582 1374 1646 sit
1385 1583 1455 1663 ejus
1469 1580 1645 1664 proprietas
1658 1580 1693 1642 in

138 1684 234 1769 Resp.
255 1684 345 1751 Sicut
361 1685 429 1750 vita
442 1684 595 1766 accipitur
610 1681 825 1746 communiter
838 1682 871 1743 et
924 1705 1063 1768 summo,
1078 1687 1111 1752 id
1124 1690 1171 1753 θεῖ
1183 1688 1262 1753 adeo
1273 1688 1359 1772 quod
1372 1707 1440 1754 non
1450 1689 1549 1773 possit
1560 1688 1695 1770 cogitari

96 1795 239 1877 proprie,
252 1795 338 1859 itaet
348 1812 445 1873 mors,
458 1793 504 1857 ita
516 1795 548 1856 et
556 1788 790 1855 immortalitas.
801 1784 871 1851 Uno
923 1813 991 1860 non
1004 1814 1082 1861 esse,

97 1903 188 1967 enim
206 1903 302 1968 modo
312 1901 433 1983 ¹dicitur
450 1902 517 1966 vita
530 1904 620 1966 actus
634 1898 825 1973 continuus,
840 1897 872 1959 θῖ
1197 1925 1250 2004 ΟΠ
1250 1925 1377 1993 AEST10
1398 1927 1423 1992 l.

96 2012 263 2093 internus,
285 2012 342 2096 qui
362 2015 410 2077 cst
429 2030 449 2075 a
465 2012 569 2075 torma
582 2007 740 2093 spirituali
755 2026 764 2070 ε
779 2008 812 2070 θῖ
825 2005 871 2069 sic

97 2119 217 2185 dicitur
248 2120 403 2205 proprie:
426 2118 521 2184 etsie
544 2116 768 2182 immortalitas
797 2116 874 2181 dicit

97 2229 202 2293 vitam
214 2228 311 2294 talem
325 2246 399 2294 cum
408 2226 660 2311 impossibilitate
672 2226 713 2290 ad
725 2227 796 2309 ejus
809 2224 872 2307 pri-
965 2228 1058 2307 Quod
1078 2227 1200 2296 Veritas
1221 2220 1262 2294 sit
1283 2229 1460 2313 proprietas
1479 2230 1581 2295 divini
1599 2228 1674 2293 Esse
1686 2278 1695 2310 ,
1715 2266 1818 2311 mm,

97 2339 275 2403 vationem.
290 2337 362 2401 Alio
373 2337 469 2401 modo
479 2335 594 2400 dicitur
605 2335 673 2399 vita
685 2335 775 2398 actus
787 2351 873 2398 com·
925 2338 1102 2403 ostenditur
1114 2337 1356 2406 auctoritatibus
1367 2343 1400 2403 et
1413 2338 1604 2403 rationibus.
1721 2329 1817 2436 ff·

97 2447 207 2530 pietus
216 2446 389 2529 potentiae,
404 2463 478 2528 qua
491 2449 540 2509 θεῖ
552 2443 730 2509 secundum
749 2443 795 2507 rei
813 2460 873 2506 na·
966 2445 1076 2511 Primo
1094 2446 1190 2511 modo
1213 2446 1277 2523 sic,
1297 2446 1485 2511 auctoritate
1506 2435 1698 2528 Hieronymi

98 2560 230 2632 turam,
249 2555 332 2619 sicut
345 2554 461 2619 dicitur
474 2553 667 2635 aquaviva,
682 2570 757 2635 quae
775 2550 873 2615 hahet
926 2553 972 2622 oct
984 2555 1177 2632 Marcellam,
1189 2558 1220 2619 et
1232 2554 1370 2619 habetur
1383 2555 1418 2617 in
1431 2554 1560 2618 littera:
1581 2553 1700 2618 «Solus

97 2662 319 2745 operationem
339 2680 433 2745 aquae
457 2662 701 2726 convenientem
726 2682 733 2723 ε
759 2662 792 2725 θῖ
812 2658 873 2722 hoc
926 2663 1010 2729 Deus
1023 2682 1098 2728 vera
1111 2667 1173 2742 θεῖ,
1189 2664 1283 2745 cujus
1296 2662 1441 2727 essentia
1461 2666 1698 2745 comparatum,

100 2771 199 2835 modo
212 2769 363 2854 importat
376 2769 624 2854 repugnantiam
641 2767 681 2832 ad
698 2767 873 2850 corruptio
927 2775 1073 2836 nostrum
1088 2790 1155 2836 esse
1168 2789 1235 2835 non
1245 2774 1293 2834 θεῖ
1307 2789 1315 2833 :
1330 2792 1346 2829 a
1359 2769 1413 2834 sed
1428 2771 1515 2854 quod
1531 2770 1627 2834 alicui
1639 2769 1699 2834 soli

98 2897 179 2944 nem
193 2901 200 2942 ε
214 2882 247 2943 et
258 2877 330 2943 ideo
344 2878 437 2943 debet
446 2877 519 2957 dici,
533 2875 710 2941 secundum
722 2875 806 2940 hanc
822 2876 872 2941 vi·
927 2881 1088 2957 convenit,
1102 2884 1151 2944 est
1162 2880 1330 2964 proprium
1341 2879 1388 2943 illi
1401 2898 1410 2944 ι
1424 2896 1503 2961 ergo
1516 2877 1639 2944 Veritas
1652 2881 1700 2942 est

98 2992 188 3064 mm,
203 2986 402 3064 immortale,
423 2985 509 3069 quod
528 2988 576 3049 est
595 2983 687 3048 itain
700 2989 775 3049 actu
788 3000 873 3050 com-
927 2987 1094 3071 proprium
1108 2987 1209 3052 divini
1222 2985 1310 3051 Esse.
1361 3010 1364 3013 ·

97 3095 199 3179 plato,
215 3094 300 3179 quod
313 3093 402 3160 nullo
416 3093 511 3158 modo
519 3096 621 3177 potest
631 3091 773 3176 aliquam
784 3092 872 3188 pejo-
968 3093 1065 3176 Item,
1090 3094 1310 3176 Augustinus,
1329 3093 1369 3162 de
1391 3110 1468 3162 cera
1484 3093 1647 3178 macione
1661 3094 1673 3130 ³
1689 3112 1698 3159 ε

95 3204 261 3270 rationem
280 3185 442 3287 recipere:
462 3202 553 3268 etsie
565 3201 679 3285 ancipit
691 3201 872 3285 Apostolus,
932 3202 1092 3269 «Falsitas
1107 3204 1205 3267 estin
1222 3203 1285 3266 illis
1304 3204 1418 3280 rebus,
1439 3221 1512 3286 quae
1530 3203 1700 3268 imitantur

96 3318 132 3378 et
144 3313 281 3397 exponit
291 3311 503 3394 Augustinus.
927 3310 1149 3390 bludunam,
1171 3314 1429 3394 quoestunum
1453 3310 1610 3395 quidquid
1632 3314 1699 3386 est,

927 3417 963 3483 in
985 3422 1144 3502 quantum
1164 3417 1244 3483 illud
1263 3417 1396 3502 implere
1415 3434 1482 3482 non
1502 3422 1649 3502 possunt.
1678 3440 1695 3478 a

929 3524 964 3591 Si
981 3545 1061 3609 ergo
1080 3526 1170 3592 narlla
1188 3531 1334 3591 creatura
1355 3530 1458 3610 potest
1474 3524 1554 3591 illud
1571 3544 1700 3592 summe

271 3621 325 3672 ³³⁰⁰
336 3619 518 3674 'imm
531 3617 703 3670 &mm
928 3653 1034 3700 unum
1055 3635 1205 3721 implere,
1229 3636 1348 3702 veritas
1371 3654 1436 3701 non
1460 3634 1566 3700 estin
1589 3634 1698 3718 aliqua

140 3748 315 3828 Quaeritur,
331 3766 405 3833 quae
417 3746 595 3813 differentia
607 3746 649 3810 sit
659 3746 743 3810 inter
755 3743 874 3810 vicissi-
928 3745 1093 3823 creatura,
1108 3743 1208 3808 sedin
1221 3744 1372 3808 omnibus
1387 3742 1517 3808 falsitas.

96 3859 248 3924 tudinem
260 3863 293 3923 θῖ
303 3857 599 3935 obumbrationem
616 3859 649 3920 et
666 3873 739 3938 quae
754 3871 872 3919 convc-
968 3850 1049 3916 ltem
1058 3852 1261 3934 Augustinus
1271 3854 1306 3916 in
1320 3851 1568 3934 salmanticae
1578 3850 1702 3918 ἀθυθτα

95 3968 240 4045 mentiti,
267 3967 389 4032 1250ssss
416 3966 510 4050 cuius
534 3965 661 4029 ditatur
687 3961 873 4031 VitissiffldO
929 3967 1314 4053 Reliptonc⁵dicit,quod
1330 3968 1389 4033 lux
1400 3969 1540 4033 increata
1558 3972 1605 4033 est
1619 3970 1702 4034 ratio

97 4075 307 4141 obumbrare.
929 4076 1154 4159 cognoscendi,
1165 4081 1197 4143 et
1208 4077 1275 4142 sola
1285 4077 1494 4142 luxincreata
1503 4076 1699 4143 estvcritas:

139 4184 235 4269 Rasp.
250 4183 439 4262 Dicendum,
456 4182 543 4266 quod
556 4180 740 4248 vicissitudo
752 4181 874 4265 impor-
929 4185 1008 4267 ergo
1021 4185 1140 4250 veritas
1151 4189 1199 4249 est
1210 4185 1386 4269 proprietas
1402 4184 1457 4249 Dei
1472 4185 1582 4250 solius.
1696 4179 1699 4188 '

95 4298 147 4359 tat
159 4312 337 4359 numerum
345 4292 436 4372 vicis,
452 4296 485 4356 et
500 4292 560 4354 iste
573 4293 621 4354 est
632 4306 789 4354 numerus
800 4306 875 4353 cum
969 4292 1050 4359 ltem
1063 4292 1234 4358 Anselmus
1242 4294 1265 4375 ⁶,
1276 4292 1401 4358 inlibro
1415 4292 1453 4359 de
1466 4292 1703 4372 testaudus

96 4402 353 4485 interruptione3
371 4400 426 4466 sed
448 4399 651 4465 obumbratio
672 4396 793 4462 dicitur
817 4415 876 4480 per
929 4402 1015 4485 quod
1038 4403 1148 4466 omnia
1164 4406 1240 4466 sunt
1260 4419 1338 4472 vcra
1350 4401 1455 4485 prima
1473 4401 1605 4466 veritate
1622 4424 1630 4465 ε
1646 4405 1704 4466 aut

95 4511 316 4596 privationem
331 4513 421 4575 actus
445 4500 537 4573 lucis.
554 4506 714 4585 Quoniam
728 4523 808 4588 ergo
821 4524 875 4569 ac-
929 4528 1009 4592 ergo
1021 4509 1174 4591 intelligit
1186 4508 1341 4587 effectivo,
1359 4512 1416 4573 aut
1427 4508 1603 4573 formaliter
1618 4526 1703 4573 :non

96 4625 154 4684 tus
167 4618 280 4683 format
292 4618 352 4683 lux
371 4620 434 4696 est,
452 4617 591 4701 privatio
604 4618 676 4698 ejus
690 4618 775 4679 recte
793 4614 873 4679 dici·
930 4618 1090 4698 effective,
1107 4617 1186 4701 quia
1198 4616 1344 4682 similiter
1363 4617 1474 4681 omnia
1491 4619 1625 4701 possunt
1639 4615 1703 4680 dici

96 4728 367 4794 tnrobnmbratio
386 4749 394 4791 ε
414 4729 447 4791 θῖ
465 4726 542 4810 quia
554 4722 737 4790 vicissitudo
749 4723 874 4788 ratione
918 4727 1028 4806 bona,
1043 4727 1148 4810 prima
1162 4726 1303 4790 bonitate
1323 4743 1422 4808 :ergo
1435 4724 1705 4807 intelligiturior-

98 4838 235 4901 numeri
273 4836 348 4901 dicit
375 4834 660 4917 interruptionem,
690 4836 722 4897 et
753 4832 876 4897 ratione
929 4834 1055 4898 maliter
1072 4856 1079 4897 :
1096 4851 1174 4915 ergo
1186 4852 1253 4899 non
1265 4837 1313 4899 θεῖ
1324 4833 1387 4898 alia
1398 4833 1528 4913 veritas,
1543 4850 1642 4916 quam
1651 4850 1705 4897 vc·

99 4944 347 5027 interruptionis
358 4942 435 5007 dicit
451 4942 665 5025 privationem
678 4988 687 5019 ,
702 4944 734 5005 et
747 4941 871 5006 ratione
929 4941 1007 5006 ritas
1028 4942 1170 5006 increata
1185 4958 1193 5003 :
1209 4959 1306 5023 ergo,
1325 4941 1353 5005 si
1366 4941 1427 5023 ,illa
1444 4944 1504 5021 est,
1519 4941 1614 5005 estin
1628 4940 1702 5021 Deo,

100 5051 295 5139 privationis
315 5050 611 5129 obumbrationem
629 5049 706 5114 hinc
726 5049 875 5133 estquod
930 5055 990 5116 cto.
1008 5068 1017 5113 ε
1033 5068 1111 5132 ergo
1129 5049 1247 5115 veritas
1267 5051 1315 5112 est
1330 5046 1428 5112 solius
1442 5046 1496 5112 Dei
1514 5049 1702 5141 proprietas.

68 5181 76 5218 ·.
99 5166 188 5227 recte
205 5160 321 5225 dicitu
339 5158 568 5226 vicissitudinis
586 5158 799 5224 obumbratio.
1551 5152 1558 5168 '

1015 2083 1063 2139 Aa
1078 2083 1187 2139 Veritas
1199 2083 1237 2138 sit
1246 2083 1402 2155 proprietas
1414 2080 1506 2139 divim·
1517 2083 1611 2141 Esset

428 3503 497 3550 DUB·
518 3502 552 3548 X.

931 5213 941 5263 l
957 5213 1037 5270 Sena,
1057 5211 1116 5262 dist.
1131 5221 1196 5275 vau,
1211 5209 1481 5274 q.111.-³August.,
1494 5208 1525 5260 de
1539 5224 1600 5260 aera
1612 5210 1705 5275 Aelia,

109 5318 112 5322 f
136 5289 147 5324 ²
161 5289 281 5353 August,
293 5284 326 5335 de
338 5285 438 5349 trinit,
451 5275 496 5336 ta.
507 5285 527 5349 l,
543 5299 565 5335 c.
577 5296 595 5335 1.
606 5310 638 5321 -
652 5284 664 5319 ¹
678 5284 759 5347 0118.
773 5283 874 5350 mom,
931 5294 1056 5348 c.xxxv1,
1070 5297 1098 5332 n.
1107 5287 1146 5334 66.
1156 5309 1188 5319 -
1198 5283 1210 5320 ⁸
1219 5284 1274 5333 lmo
1288 5286 1387 5345 auctor,
1402 5281 1516 5346 quisquis
1535 5282 1581 5346 sit,
1596 5282 1704 5348 soliloq.

98 5373 128 5424 p.
140 5360 164 5423 l,
180 5373 207 5426 q.
226 5368 307 5421 xvrrr,
320 5360 369 5407 art.
384 5358 413 5421 l;
428 5356 513 5421 AEgid.
532 5354 639 5421 ltom.,l
654 5356 735 5418 sena,
749 5355 873 5420 dlat.xrx,
929 5355 975 5408 lib.
988 5356 1008 5421 1,
1023 5370 1047 5406 c.
1063 5366 1127 5419 rur,
1145 5368 1172 5405 n.
1185 5354 1263 5405 la-
1274 5353 1342 5417 ⁸ld.,
1357 5353 1457 5404 devera
1470 5352 1563 5419 Aelia,
1576 5369 1599 5404 c.
1609 5366 1705 5419 mxlv,

100 5445 128 5496 q.
147 5442 195 5494 1¹13
216 5428 373 5494 Richardus,
393 5430 403 5480 l
423 5430 501 5492 Sent,
522 5429 581 5480 dist.
597 5440 660 5492 rur,
678 5442 705 5493 q.
723 5439 758 5491 u;
782 5430 871 5492 steph.
928 5435 958 5479 n.
971 5430 1017 5488 tt,
1032 5427 1059 5477 in
1075 5426 1202 5477 fine-⁶
1217 5425 1343 5489 anselm,
1361 5424 1392 5476 de
1415 5425 1504 5490 Verit,
1518 5440 1541 5476 c.
1560 5437 1589 5477 11
1602 5430 1629 5477 at
1644 5438 1705 5490 xrv;

99 5502 213 5568 titulat,
235 5504 246 5553 l
267 5501 348 5563 Sena,
362 5500 421 5553 dist.
437 5511 501 5565 vui,
518 5515 546 5565 q.
565 5512 574 5550 1
581 5516 590 5565 ;
614 5501 703 5552 Petrus
716 5500 748 5551 de
761 5502 875 5565 Tarant,
930 5503 1050 5566 August,
1064 5498 1161 5550 devera
1172 5496 1265 5563 Retio,
1279 5511 1303 5548 c.
1314 5508 1406 5563 mu,
1419 5512 1448 5550 n.
1457 5501 1498 5550 66.

286 5610 361 5658 ron.
382 5609 405 5657 r.
1443 5627 1447 5642 ·
1487 5591 1527 5653 lo
