4100 6300
581 457 678 523 DlST.
697 456 777 524 xlv.
798 457 889 524 ART.
912 457 951 522 ll.
973 456 1124 536 QUAEST.
1146 456 1186 521 II.
1621 462 1677 522 m

85 594 182 660 modo
192 597 319 659 tautum
332 611 352 657 a
364 591 474 671 bonis;
496 591 590 657 tertio
611 592 708 657 modo
729 596 857 658 tentum
910 593 1032 675 quitur,
1046 592 1131 686 quod
1145 589 1244 674 possit
1255 606 1410 671 generare
1420 589 1517 654 aliam
1529 591 1679 672 gratiam.

83 718 106 763 a
123 700 197 764 ilco.
214 700 252 763 Et
273 718 331 782 per
351 698 419 763 haeo
438 698 604 762 manifesta
624 701 672 762 est
694 700 856 781 responsio
949 703 980 762 ὅ.
994 697 1136 763 Aditlud
1150 696 1404 779 qnodobjicitur,
1418 697 1504 780 quod
1517 698 1552 761 in
1565 699 1681 780 justifl-

83 807 209 871 adduc
231 806 345 870 ultima
367 805 499 887 objecta,
515 822 588 887 quae
607 805 742 887 probant
755 805 856 888 Spiri-
910 806 1033 869 catione
1048 805 1140 868 debet
1153 808 1297 887 peccator
1309 803 1491 885 humiliari3
1509 805 1681 871 dicendum

82 916 157 977 tum
170 918 316 977 sanctum
329 912 414 990 dari,
427 911 504 994 quie
516 911 561 974 ibi
572 910 658 975 detio
674 910 754 974 nihil
768 911 856 976 aliud
910 912 995 993 quod
1008 929 1124 976 verum
1139 912 1196 987 est,
1209 910 1286 993 quia
1298 909 1565 976 humiliaridebet
1578 917 1609 977 et
1621 914 1681 978 sub

81 1020 457 1104 estquampraeparatio.
909 1016 1051 1094 homine,
1067 1020 1099 1082 et
1112 1016 1209 1081 etiam
1227 1017 1287 1081 sub
1301 1009 1482 1082 visibilibus
1494 1019 1681 1100 signistta-

127 1134 156 1190 t.
181 1103 229 1191 Ad
253 1125 332 1190 illud
354 1143 433 1207 ergo
460 1124 546 1207 quod
568 1123 716 1207 objicitur
738 1124 853 1207 primo,
910 1142 986 1188 men
998 1123 1090 1188 aliter
1103 1142 1202 1206 quam
1213 1124 1273 1187 sub
1287 1123 1370 1204 lleo;
1388 1125 1466 1207 quia
1481 1125 1564 1190 alius
1578 1125 1681 1191 honor

79 1235 171 1316 quod
192 1252 293 1315 agens
311 1238 452 1298 creatum
467 1232 566 1314 possit
578 1231 613 1296 in
626 1232 764 1297 formam
778 1232 855 1297 suh·
910 1231 1043 1297 debetur
1050 1232 1114 1296 lleo
1126 1249 1227 1314 quam
1237 1230 1362 1295 homini
1379 1250 1388 1296 z
1403 1236 1435 1297 et
1446 1232 1518 1297 ideo
1531 1232 1608 1315 quia
1621 1233 1681 1297 sub

78 1327 274 1418 stantialem,
290 1342 360 1406 dico
373 1338 459 1422 quod
472 1356 539 1402 non
552 1342 655 1420 potest
670 1337 704 1400 in
724 1356 855 1403 omnem
910 1338 973 1404 ileo
985 1339 1175 1404 humiliatur
1185 1386 1195 1415 ,
1207 1343 1245 1403 ut
1262 1340 1322 1403 sub
1341 1339 1500 1422 principio
1513 1339 1634 1416 salutis,
1650 1343 1683 1403 et

77 1449 345 1529 sulutantialem,
366 1451 480 1530 utputa
494 1446 528 1509 in
545 1464 618 1510 eam
635 1464 709 1529 quae
723 1451 771 1510 est
786 1446 855 1512 dei·
909 1465 1006 1530 aquo
1019 1447 1179 1526 salvatnr3
1192 1446 1239 1510 sic
1251 1464 1317 1510 non
1340 1446 1433 1510 debet
1454 1447 1514 1511 sub
1537 1450 1682 1511 ereatura

77 1556 208 1633 formis,
228 1556 311 1620 sicut
328 1559 376 1619 est
392 1554 501 1619 anima
521 1554 695 1617 rationalis.
716 1553 756 1618 Et
777 1554 856 1636 quia
909 1552 1085 1629 humiliari,
1099 1557 1136 1616 ut
1149 1571 1169 1617 a
1181 1571 1246 1636 qua
1257 1553 1343 1617 salus
1357 1552 1450 1617 detur
1467 1554 1513 1631 ei,
1535 1553 1589 1619 sed
1607 1558 1681 1619 uta

76 1664 246 1745 gratiaeat
259 1664 432 1738 deiformis,
447 1663 532 1726 sieut
542 1667 589 1726 est
599 1662 707 1725 anima
719 1662 855 1726 ratione·
910 1679 975 1743 qua
992 1660 1078 1725 salus
1091 1661 1299 1725 ministratur.
1316 1659 1356 1725 Et
1368 1660 1413 1724 sie
1424 1663 1510 1743 patet
1522 1661 1619 1726 etiam
1630 1679 1681 1725 se-

75 1766 136 1845 lis,
149 1768 220 1831 ideo
233 1786 300 1831 non
314 1770 416 1851 potest
434 1765 476 1830 ab
495 1769 611 1847 agente
633 1764 690 1828 tali
710 1764 853 1846 produci.
910 1786 1013 1851 quens
1034 1768 1074 1833 de
1091 1768 1314 1833 humiliatione
1334 1768 1368 1832 in
1387 1785 1497 1851 poeua3
1515 1770 1681 1834 nonenim

76 1871 118 1937 Si
132 1878 239 1938 autem
252 1874 292 1938 de
303 1873 372 1937 aliis
389 1871 501 1936 formis
522 1870 722 1935 naturalibus
739 1888 856 1951 argue·
909 1879 957 1939 est
979 1874 1082 1938 simile
1110 1876 1149 1939 de
1175 1873 1397 1939 humiliatione
1428 1873 1503 1950 illa,
1532 1874 1610 1956 quia
1635 1875 1681 1948 ibi

74 1984 156 2060 tur,
175 1998 240 2044 non
261 1983 308 2045 est
322 1979 412 2044 locus
424 1998 444 2041 e
457 1977 586 2042 minori.
909 1981 1019 2045 anima
1039 1998 1209 2064 perversa,
1230 1998 1365 2044 maneus
1392 1980 1428 2043 in
1450 1998 1510 2044 sua
1527 1982 1683 2063 perversi·
1744 2035 1749 2040 .

123 2091 155 2149 2.
170 2086 218 2151 Ad
232 2086 312 2151 illud
327 2086 414 2169 quod
428 2085 576 2168 objicitur
588 2084 628 2147 de
640 2082 764 2148 lumine
781 2101 855 2147 cor-
908 2090 984 2163 tate,
998 2087 1121 2152 ratione
1134 2088 1220 2152 illius
1229 2087 1396 2168 subjicitur
1405 2086 1548 2152 interiori
1558 2106 1616 2171 per
1625 2107 1682 2153 ua·

74 2193 198 2275 porali,
214 2194 384 2258 dicendum
402 2195 487 2276 quod
502 2210 568 2257 non
590 2196 637 2256 est
652 2191 766 2256 simile.
787 2189 854 2255 Lu·
911 2195 1035 2272 turam;
1051 2194 1104 2260 vel
1118 2194 1195 2278 quia
1207 2193 1303 2257 hebet
1319 2193 1471 2275 reliquias
1490 2193 1682 2276 perversita-

75 2322 161 2367 men
187 2304 273 2366 enim
299 2301 461 2384 corporale
491 2298 683 2364 diffunditur
703 2316 760 2380 per
783 2316 854 2361 me-
908 2300 971 2364 tis:
992 2300 1048 2365 aed
1069 2301 1105 2365 iu
1124 2301 1238 2383 gratiae
1261 2300 1447 2380 donatione,
1472 2300 1582 2365 anima
1607 2321 1683 2384 per·

74 2408 177 2474 dium
189 2407 348 2489 deterens,
363 2412 395 2472 et
415 2425 472 2490 per
490 2406 575 2471 idem
589 2405 733 2469 medium
753 2408 855 2488 potest
909 2426 1002 2472 versa
1024 2429 1045 2473 a
1063 2408 1268 2491 perversitate
1290 2411 1450 2485 mutatur,
1465 2412 1497 2472 et
1520 2407 1561 2472 ad
1578 2409 1681 2474 ileum

74 2517 203 2580 iterum
224 2514 371 2597 generari
394 2532 452 2596 per
471 2512 557 2595 quod
571 2511 710 2575 defertur
726 2533 733 2574 :
750 2511 854 2592 gretie
909 2514 1092 2580 immediate
1118 2514 1295 2579 ordinatur.

74 2625 194 2687 autem
208 2640 274 2685 non
289 2624 337 2684 est
347 2635 404 2703 per
417 2618 617 2697 delationem,
630 2617 687 2680 sed
697 2635 754 2699 per
764 2615 855 2698 illap-
949 2627 979 2687 6,
1003 2624 1053 2689 Ad
1073 2622 1154 2687 illud
1172 2623 1258 2705 quod
1283 2622 1445 2704 objicitur,
1469 2622 1555 2705 quod
1580 2642 1681 2706 agens

74 2749 160 2795 sum
181 2729 316 2811 agentis,
332 2732 364 2792 θῐ
379 2745 437 2811 Pet
460 2724 679 2791 omnimodam
694 2723 853 2786 indislfln·
910 2732 1084 2812 perlectum
1107 2731 1162 2794 dat
1175 2730 1350 2813 potentiam
1366 2730 1484 2812 agendi
1495 2730 1612 2810 simile;
1629 2733 1681 2798 di-

74 2837 175 2901 tiam.
909 2837 1048 2902 cendum
1060 2836 1147 2920 quod
1163 2855 1278 2902 verum
1299 2841 1347 2902 est
1370 2837 1398 2900 si
1417 2839 1542 2919 patiens
1561 2857 1680 2904 conve·

123 2947 156 3007 3.
171 2943 221 3008 Ad
232 2942 311 3007 illud
324 2941 411 3025 quod
432 2940 592 3022 objicitur,
608 2938 693 3021 quod
708 2942 855 3001 ereatura
909 2944 1034 3008 nienter
1047 2947 1153 3026 posset
1173 2944 1332 3026 suscipere
1352 2966 1360 3007 :
1383 2944 1451 3023 sed,
1474 2945 1556 3009 sieut
1574 2949 1680 3010 osten·

72 3050 298 3133 corruptibilis
319 3049 411 3114 dehet
425 3048 543 3112 habere
560 3046 735 3128 potentiam
751 3061 853 3125 gene·
909 3068 983 3114 sum
995 3053 1054 3128 est,
1068 3068 1110 3115 ex
1123 3055 1211 3134 parte
1225 3049 1368 3114 hominis
1388 3067 1455 3114 non
1469 3055 1517 3115 est
1533 3052 1681 3133 possibile

71 3158 193 3237 randi;
209 3158 378 3222 dicendum
391 3155 477 3240 quod
490 3150 853 3234 verumestdeillaqnae
910 3163 946 3223 ut
963 3158 1035 3222 tatis
1052 3157 1193 3241 potentia
1216 3157 1257 3221 ab
1280 3175 1318 3222 eo
1339 3158 1528 3241 recipiatur,
1551 3165 1681 3243 propter

71 3264 298 3347 corruptibilis
315 3266 364 3328 est
375 3262 414 3327 de
427 3280 461 3325 se
476 3282 484 3325 ε
499 3259 554 3323 sed
565 3259 670 3340 gratia
680 3257 761 3321 dese
772 3276 855 3321 nun·
911 3264 979 3329 talis
989 3264 1102 3329 torma
1115 3263 1324 3344 nobilitatem,
1338 3282 1412 3348 quaa
1424 3283 1490 3330 non
1502 3269 1681 3350 potestesse

70 3388 183 3454 quem
204 3370 438 3452 corrumpitur,
461 3367 515 3431 vel
539 3365 683 3430 senescit.
709 3364 766 3429 Vel
790 3364 852 3441 dic,
909 3374 970 3439 nisi
986 3375 1217 3440 mobilissimo
1230 3378 1358 3456 agente,

69 3477 170 3560 quod
186 3477 241 3541 illa
262 3496 328 3542 non
346 3482 393 3541 est
410 3480 476 3541 tota
493 3494 589 3540 causa
602 3474 743 3538 maxime
755 3474 790 3537 in
803 3473 854 3538 his
949 3484 979 3544 7.
998 3480 1048 3545 Ad
1061 3479 1141 3545 illud
1155 3482 1241 3565 quod
1254 3481 1511 3564 objicitur,⁴quod
1524 3482 1600 3548 dare
1620 3501 1679 3566 po-

69 3604 158 3669 quae
178 3604 244 3651 non
269 3587 380 3652 dieunt
403 3585 612 3650 substantiam
640 3584 852 3667 completam,
908 3588 1040 3652 tendam
1055 3588 1094 3652 ad
1115 3589 1195 3652 bene
1217 3606 1284 3652 esse
1300 3606 1366 3654 uon
1385 3588 1518 3670 derogat
1529 3587 1614 3668 lteo;
1628 3589 1679 3654 di·

69 3694 514 3778 sedmegisdispositionem.
909 3696 1046 3759 cendum
1060 3693 1678 3778 quodordoestincesenuisquicali-

117 3803 152 3863 l.
172 3800 223 3865 Ad
240 3801 320 3866 illud
337 3801 422 3884 quod
446 3799 616 3881 objicitur,
638 3797 724 3882 quod
748 3796 854 3879 gratia
908 3819 983 3883 qnae
995 3807 1149 3866 oreaturae
1159 3806 1236 3866 sunt
1246 3802 1290 3865 itu
1302 3801 1435 3881 nobiles,
1447 3800 1535 3883 quod
1546 3819 1614 3865 uon
1623 3801 1679 3866 de·

69 3911 184 3990 potest
208 3907 367 3989 expellere
397 3905 545 3988 culpam;
573 3904 743 3968 dicendum
767 3903 853 3984 quod
908 3912 959 3972 cet
972 3927 1025 3973 eas
1038 3909 1100 3972 nisi
1113 3928 1132 3974 a
1144 3909 1340 3974 nobilissimo
1353 3911 1469 3991 agente
1482 3909 1627 3992 produci,
1640 3913 1678 3975 ut

69 4015 239 4097 expellere
256 4014 383 4098 culpam
403 4017 451 4077 est
466 4011 659 4095 dupliciter:
679 4011 732 4075 vel
758 4012 853 4075 effee·
908 4015 1057 4080 suntillae
1070 4019 1231 4097 quaesunt
1250 4015 1290 4080 ad
1303 4016 1482 4097 imaginem
1498 4016 1677 4099 :quoniam

69 4120 163 4201 tire,
183 4122 236 4186 vel
257 4122 443 4187 formaliter.
465 4119 556 4196 Quod
577 4122 679 4202 potest
696 4118 853 4201 expellere
908 4139 986 4203 ergo
1003 4121 1110 4202 gratia
1127 4125 1174 4185 est
1189 4121 1228 4187 de
1246 4120 1467 4198 nobilissimis,
1485 4124 1572 4204 petet
1589 4122 1677 4204 quod

69 4228 226 4294 effective
239 4277 248 4307 ,
263 4234 366 4313 potest
382 4228 507 4294 eltlcere
523 4226 661 4308 gratiam
681 4247 689 4289 t
712 4225 766 4290 sed
787 4244 853 4290 non
907 4246 974 4292 non
985 4231 1087 4311 potest
1099 4228 1231 4310 produci
1244 4230 1284 4294 ab
1293 4229 1437 4309 homine,
1445 4228 1530 4292 sicut
1537 4246 1597 4292 nee
1608 4246 1677 4292 esse

69 4340 206 4419 oportet
226 4338 310 4419 quod
331 4336 410 4401 illud
441 4334 527 4418 quod
557 4333 746 4413 formaliter,
774 4335 852 4416 quia
907 4335 1036 4400 animae.
1051 4334 1471 4420 QuaeultimoohJiciuntur‚
1485 4335 1588 4400 soluta
1600 4338 1677 4399 sunt

68 4444 161 4508 illud
181 4443 286 4527 seipso
302 4444 453 4528 expellit:
473 4440 628 4525 quoniam
649 4458 728 4523 ergo
747 4441 852 4523 gratia
906 4459 1003 4525 supra
1020 4459 1078 4524 per
1095 4442 1330 4509 deductionem
1345 4443 1482 4510 dadonis
1496 4440 1674 4507 secundum

69 4549 213 4632 expellit
226 4550 417 4628 formaliter,
435 4555 468 4615 et
480 4548 598 4633 seipsa,
619 4547 692 4614 idco
712 4566 778 4614 non
803 4567 851 4614 se-
905 4549 1293 4616 naturamtrimembrem.
