4100 6300
440 511 664 578 insumi.
687 512 976 579 catulaster.
999 513 1272 592 ttoumsun.
1363 542 1365 545 ·
1512 546 1514 549 ·
1598 516 1657 577 303

40 698 56 731 2
82 654 117 719 Ut
132 651 324 724 autunum,
344 647 430 713 simet
447 652 479 712 ct
495 662 554 713 nor
570 664 673 713 caum
699 665 809 714 sumus
821 671 834 714 .·
889 648 1039 713 differant
1062 649 1097 713 in
1120 652 1253 729 natura,
1274 649 1346 714 idco
1369 667 1435 713 non
1459 648 1575 714 debent
1595 647 1658 713 dici

36 794 59 845 33x
78 778 148 840 crgo
161 759 266 840 justus
286 754 338 819 vir
360 773 435 818 cum
457 752 577 837 Spiritu
602 761 711 820 sancto
734 760 836 839 potest
889 774 1012 836 unum,
1027 757 1110 822 sicut
1124 757 1258 839 probant
1270 758 1410 822 rationes
1419 755 1459 821 ad
1472 756 1533 820 hoc
1544 756 1657 820 induc-

36 940 48 949 Ἡ
76 866 132 931 dici
146 880 257 928 unum.
485 938 488 943 Α
890 867 943 927 tae.
967 863 1049 940 Quia
1069 882 1148 929 vero
1168 864 1221 928 vir
1239 866 1347 946 justus
1368 864 1585 928 conformatur
1601 881 1660 945 per

111 977 138 1035 i.
160 970 251 1046 item,
266 967 371 1050 magis
388 968 501 1033 unitur
523 971 706 1034 membrum
724 969 834 1051 capiti,
890 971 1077 1035 charitatem
1090 971 1247 1036 voluntati
1261 971 1396 1050 dune,
1420 974 1452 1034 et
1471 971 1500 1034 ei
1519 970 1660 1035 adhaeret

75 1098 165 1163 quam
184 1079 365 1142 membrum
388 1095 462 1139 cnm
479 1079 623 1141 membro
639 1100 647 1141 :
665 1096 744 1159 ergo
761 1094 836 1140 cum
890 1078 995 1159 magis
1008 1096 1106 1160 quam
1120 1078 1215 1143 alicui
1228 1079 1303 1157 alii,
1319 1083 1402 1143 recte
1417 1079 1534 1142 dicitur
1554 1096 1658 1142 unum

39 1168 52 1263 s
75 1185 180 1249 Christi
193 1182 338 1248 membra
350 1181 415 1245 sint
425 1201 530 1246 unum
542 1183 577 1246 in
587 1183 720 1262 Christo,
732 1183 836 1247 multo
891 1204 967 1249 cum
981 1185 1262 1265 determinatione,
1274 1190 1311 1249 ut
1326 1190 1405 1269 puta
1417 1204 1504 1249 unus
1517 1186 1658 1268 spiritus.

73 1292 177 1356 fortius
191 1291 372 1355 membrum
384 1293 431 1353 cst
441 1289 526 1353 idem
537 1289 718 1372 capititsed
730 1289 837 1353 Chris·
891 1290 1029 1374 Spiritus
1052 1293 1139 1356 enirn
1166 1293 1315 1357 voluntas
1349 1293 1465 1356 dicitur
1489 1297 1521 1357 et
1543 1310 1657 1358 amor:
1772 1298 1775 1303 ’

36 1466 39 1471 ,
71 1405 120 1463 tus
134 1402 180 1462 est
196 1402 291 1480 caput
305 1415 372 1460 non
386 1399 512 1461 tantum
526 1395 703 1460 secundum
717 1395 833 1459 huma·
891 1399 976 1464 unde
998 1400 1056 1481 qui
1080 1399 1221 1463 adhaeret
1248 1399 1312 1463 lieo
1332 1418 1419 1464 unus
1437 1400 1569 1482 spiritus
1591 1406 1658 1476 est,

36 1594 38 1597 v
72 1506 210 1583 nitatem,
223 1504 277 1569 sed
299 1503 395 1567 etiam
409 1503 587 1566 secundum
603 1503 804 1567 divinitatem
826 1525 834 1567 ι
891 1507 968 1588 quia
980 1507 1077 1570 unius
1091 1509 1122 1570 et
1134 1506 1307 1570 conformis
1318 1506 1492 1570 voluntatis
1505 1510 1563 1570 est.

70 1632 156 1694 crgo,
169 1616 230 1677 etc.
894 1621 897 1629 '
932 1619 961 1676 i.
977 1614 1025 1678 Ad
1039 1613 1118 1676 iliud
1130 1614 1216 1695 quod
1228 1613 1388 1695 objicitur,
1406 1613 1487 1676 «Est
1497 1632 1582 1678 unus
1594 1614 1661 1697 spi-

36 1724 58 1755 ’·
108 1720 232 1784 Contra.
261 1716 310 1782 Ex
335 1716 389 1780 illo
417 1717 517 1780 verbo
546 1717 632 1799 quod
658 1717 775 1781 dicitur
802 1718 837 1780 in
890 1722 991 1799 ritus3
1013 1738 1093 1801 ergo
1106 1739 1173 1784 una
1187 1738 1253 1798 res,
1276 1742 1291 1778 ι
1315 1720 1485 1785 dicendum
1506 1723 1594 1804 quod
1617 1722 1661 1785 ibi

68 1827 184 1891 Joannc
197 1838 226 1890 ¹:
244 1829 309 1908 Epo
333 1831 363 1891 et
387 1827 484 1890 Patet
501 1842 602 1891 unum
624 1842 754 1904 mutua,
779 1826 838 1888 im·
891 1832 938 1892 est
957 1827 1080 1892 fallacia
1101 1828 1277 1892 secundum
1292 1829 1387 1911 quid,
1403 1832 1435 1892 et
1453 1829 1658 1913 simpliciter:

69 1939 214 2018 pugnant
225 1933 333 1999 Sancti
346 1933 495 1999 haeresim
504 1934 669 2013 Arianam,
679 1938 711 1997 et
727 1934 837 1997 maxi·
892 1933 973 1999 Nam
986 1951 1072 2000 unus
1085 1934 1273 1999 distrahitur
1286 1936 1442 2001 aratione
1455 1955 1515 2000 sna
1528 1955 1585 2019 per
1598 1938 1660 2001 hoc

69 2062 120 2106 mc
131 2043 334 2125 Augustinus
343 2051 366 2121 ¹,
379 2062 420 2108 ex
438 2043 499 2107 hoc
513 2042 705 2106 concludens
722 2042 834 2104 Arium
891 2042 978 2125 quod
991 2045 1039 2106 est
1058 2044 1213 2123 spiritua,
1226 2046 1259 2106 et
1277 2042 1352 2107 dicit
1365 2043 1411 2106 ihi
1426 2044 1582 2107 unitatem
1595 2062 1663 2107 non

68 2171 184 2230 errare,
201 2153 258 2234 qui
270 2152 345 2216 dicit
362 2152 482 2216 Filium
499 2152 595 2215 aliam
608 2149 726 2213 habere
740 2153 835 2213 natu·
890 2167 948 2232 per
961 2149 1185 2214 indivisionem
1201 2149 1270 2213 sive
1284 2150 1440 2215 unitatem
1452 2154 1597 2230 naturae,
1608 2151 1661 2215 sed

66 2279 145 2323 ram.
161 2260 194 2324 Si
208 2278 288 2342 ergo
299 2260 380 2323 ratio
388 2258 565 2341 Augustini
574 2258 658 2321 hona
665 2261 723 2335 cst,
735 2272 838 2321 unum
891 2275 949 2337 per
962 2256 1217 2321 conformitatem
1231 2258 1416 2321 voluntatis.

64 2367 139 2430 dicit
152 2366 311 2430 unitatem
324 2365 360 2429 in
374 2369 510 2429 natura:
526 2365 579 2427 sed
594 2364 649 2427 tali
661 2364 756 2426 modo
769 2380 838 2427 non
931 2369 962 2427 2.
987 2364 1037 2427 Ad
1057 2362 1137 2428 iilud
1159 2365 1245 2446 quod
1268 2364 1435 2445 objicitur,
1453 2386 1468 2425 r
1489 2365 1555 2428 Aut
1576 2381 1663 2428 unus

64 2478 110 2536 est
129 2492 237 2538 unum
256 2474 384 2539 Creator
401 2492 476 2537 cnm
490 2476 635 2536 creatura
652 2493 659 2533 :
674 2488 764 2551 erge,
777 2474 836 2534 etc.
892 2470 1163 2553 spirituscrcatns‚
1179 2475 1235 2535 aut
1248 2471 1418 2546 increatus,
1432 2493 1448 2531 n
1463 2475 1535 2549 etc.;
1552 2472 1663 2537 dicen-

103 2581 207 2661 item,
223 2581 285 2645 hoc
298 2581 426 2645 videtur
442 2579 503 2642 alia
516 2579 656 2654 ratione,
676 2578 751 2659 quia
764 2594 838 2659 quac
893 2577 970 2641 dnm
986 2576 1072 2659 quod
1085 2595 1145 2642 nec
1157 2581 1300 2655 creatus,
1315 2596 1375 2642 nec
1385 2578 1546 2643 increatus
1562 2602 1569 2642 :
1585 2598 1662 2643 nam

62 2690 210 2753 maxime
231 2689 365 2765 distant,
387 2686 522 2749 minime
543 2691 618 2749 sunt
639 2703 766 2750 unum:
785 2685 840 2749 sed
893 2686 1031 2765 optutus
1044 2702 1109 2748 non
1123 2687 1185 2749 stat
1195 2684 1239 2748 ihi
1253 2703 1311 2768 pro
1323 2685 1522 2765 substantia,
1536 2686 1591 2751 sed
1605 2705 1663 2768 pro

60 2796 194 2861 Creator
218 2802 250 2862 et
270 2800 415 2860 creatura
438 2796 579 2859 maxime
597 2794 739 2858 distant:
758 2811 837 2874 ergo
893 2794 966 2855 actu
980 2790 1177 2856 voluntatis:
1197 2796 1229 2857 et
1247 2809 1333 2858 uuus
1349 2811 1415 2856 non
1429 2793 1579 2876 importat
1599 2794 1662 2857 nisi

60 2922 128 2967 non
143 2908 283 2986 possunt
295 2902 481 2986 simpliciter
493 2901 555 2966 dici
570 2919 685 2964 unum.
752 2900 756 2915 '
894 2898 1146 2963 conformitatem
1161 2899 1293 2963 affectus
1306 2900 1442 2963 humani
1456 2901 1496 2964 ad
1518 2901 1663 2965 divinam

100 3009 205 3089 item,
224 3009 250 3071 si
264 3012 338 3073 sunt
350 3026 473 3087 unum,
489 3025 568 3087 ergo
582 3007 702 3088 aliquid
710 3025 814 3071 unum
831 3028 838 3067 :
894 3004 1105 3084 voluntatem,
1120 3005 1187 3069 sive
1201 3006 1241 3069 ad
1254 3006 1404 3071 divinum
1418 3026 1573 3087 amorem,
1587 3009 1665 3091 quia

57 3116 114 3181 sed
124 3118 153 3181 si
166 3116 293 3199 aliquid
305 3135 410 3181 unum
419 3118 513 3194 sunt,
524 3133 603 3197 ergo
615 3114 698 3179 Deus
711 3119 743 3180 et
753 3133 842 3179 crea·
895 3130 986 3176 amor
999 3113 1203 3177 transformat
1215 3119 1377 3178 amantem
1391 3115 1425 3178 in
1438 3118 1592 3180 amatum.

55 3234 136 3293 tura
157 3228 287 3292 hahent
298 3225 427 3309 aliquod
448 3242 638 3289 commune:
653 3228 685 3288 et
704 3224 731 3287 si
747 3224 839 3301 hac,
934 3224 965 3316 3
986 3220 1035 3282 Ad
1055 3219 1133 3285 iilud
1153 3221 1239 3302 quod
1260 3220 1408 3303 objicitur
1428 3223 1513 3304 quod
1535 3224 1665 3305 spiritus

55 3333 563 3415 univocanturinaiiquozergo
576 3348 652 3394 cum
665 3331 841 3395 univocum
895 3330 942 3389 est
964 3326 1107 3390 medium
1129 3327 1265 3407 uniens,
1286 3328 1459 3392 dicendum
1477 3331 1564 3412 quod
1590 3331 1665 3395 unit

54 3440 481 3525 simpliciussitquamqnae
491 3438 707 3501 univocantur
714 3437 839 3519 inipso,
895 3437 1054 3514 quantum
1066 3435 1106 3498 ad
1120 3434 1338 3515 voluntatem,
1353 3435 1406 3500 sed
1425 3455 1491 3500 non
1507 3442 1665 3518 quantum

52 3550 187 3632 aliquid
203 3552 253 3612 est
264 3546 438 3629 simplicius
447 3544 522 3608 [teo.
896 3541 936 3604 ad
953 3541 1205 3604 conformitatem
1217 3544 1363 3607 naturae:
1382 3547 1414 3606 et
1428 3562 1493 3607 non
1512 3545 1665 3609 dicuntur

97 3654 538 3731 item‚sii)eusetcrcatura
551 3654 627 3714 sunt
640 3669 842 3727 unum,cum
896 3666 1001 3711 unum
1022 3648 1144 3711 ratione
1166 3649 1394 3714 conformitatis
1417 3652 1590 3715 voluntatis
1610 3671 1663 3716 so·

50 3765 87 3828 in
113 3763 293 3827 infinitum
304 3761 400 3825 distet
420 3779 439 3823 a
457 3760 618 3842 qualibet,
638 3778 704 3841 qua
719 3760 842 3824 ratione
895 3754 964 3818 ium
981 3753 1074 3818 :ideo
1088 3774 1153 3819 non
1166 3756 1264 3833 valet,
1284 3758 1361 3839 quia
1374 3758 1513 3838 ligamen
1528 3758 1666 3841 Spiritus

50 3873 182 3936 dicitur
197 3888 304 3934 unum
322 3887 398 3932 curn
420 3886 503 3946 una,
525 3869 558 3930 ct
579 3884 654 3930 cum
675 3867 839 3948 qualibet:
896 3881 962 3926 non
975 3866 1022 3926 cst
1035 3866 1101 3926 tota
1111 3881 1207 3928 causa
1219 3864 1305 3946 quod
1318 3865 1380 3928 sint
1391 3884 1507 3929 unum.

47 3983 110 4046 sed
126 3996 354 4063 quaecumqne
376 3976 434 4038 nni
453 3979 484 4040 et
503 3975 607 4039 eidem
623 3975 840 4053 sumendam,
935 3974 966 4031 d.
982 3969 1031 4032 Ad
1045 3969 1125 4034 illud
1137 3971 1223 4053 quod
1244 3972 1393 4052 objicitur
1414 3973 1501 4055 quod
1520 3974 1666 4038 mamhra

48 4090 143 4153 inter
162 4108 203 4152 se
221 4092 296 4151 sunt
315 4086 466 4151 eadem³:
483 4104 562 4167 ergo
583 4084 759 4149 secundum
781 4085 842 4150 hoc
897 4077 1010 4143 Christi
1021 4081 1097 4141 sunt
1108 4096 1224 4154 unum,
1235 4078 1296 4143 (Ῑίθὶ
1308 4080 1505 4162 POiesiquod
1519 4081 1665 4144 membra

45 4199 175 4264 omnia
188 4202 268 4262 sunt
283 4215 398 4261 unum.
897 4183 1011 4249 Christi
1025 4202 1091 4247 non
1111 4185 1262 4248 dicuntur
1280 4204 1384 4249 unum
1398 4187 1595 4268 simpliciter,
1611 4187 1665 4250 scd
1740 4262 1747 4281 ι

896 4311 1001 4356 unum
1024 4309 1141 4373 corpus
1165 4311 1174 4355 ε
1199 4295 1231 4355 ct
1254 4292 1298 4355 sic
1321 4294 1419 4357 etiam
1448 4292 1591 4358 Christus
1620 4299 1667 4358 est

345 4436 569 4504 CONCLUSJO·
897 4419 1001 4465 unum
1016 4400 1292 4464 commcmhrum:
1316 4401 1371 4465 sed
1394 4401 1455 4466 hoc
1477 4407 1523 4465 est
1540 4401 1665 4466 ratione

897 4506 1107 4570 humanitatis
1119 4511 1307 4588 assumptae,
1322 4512 1382 4571 etc.

38 4614 124 4667 Deras
140 4623 209 4664 non
220 4610 308 4679 potest
321 4606 442 4663 absolute
459 4605 515 4661 dici
527 4621 611 4662 riuum
629 4621 687 4661 aaa
701 4609 840 4668 creatura,

83 4699 283 4771 quantamvis
305 4699 336 4752 in
357 4698 498 4752 uoluntate
518 4711 576 4752 cum
598 4711 626 4751 eo
646 4697 841 4764 conformata:

81 4805 156 4846 cum
174 4787 418 4853 determinatione,
432 4801 502 4842 anus
514 4787 628 4857 spiritus
638 4789 727 4857 potest
742 4784 806 4840 dici.

1152 4747 1329 4825 Qumsrlo
1351 4748 1390 4813 li.

899 4928 946 4983 Aa
966 4929 1091 4983 nectura
1108 4941 1167 4980 cum
1186 4929 1311 4981 arcura
1328 4926 1489 4996 simpliciter
1508 4941 1593 4981 uuam
1613 4923 1669 4979 dici

86 4957 208 5037 Resp.
220 4955 259 5018 ad
274 4954 353 5034 Arg.
371 4952 544 5017 Dicendum
558 4952 660 5035 quod,
676 4952 759 5014 sicut
770 4950 845 5013 dicit
1224 5017 1310 5087 possit
1322 5015 1344 5074 ὅ.

35 5061 309 5145 Augustinus‘‚
319 5060 359 5124 ad
371 5060 432 5125 hoc
441 5060 527 5142 quod
535 5060 643 5141 aliqua
651 5059 715 5120 sint
723 5076 840 5136 unum,

35 5191 119 5238 non
139 5153 273 5234 sufficit
292 5167 496 5232 conformitas
509 5166 703 5244 voluntatis,
717 5164 771 5229 sed
785 5183 845 5227 nc·
940 5162 1055 5227 Utrum
1064 5180 1129 5225 una
1141 5166 1286 5226 creatura
1296 5162 1394 5244 possit
1405 5161 1466 5225 dici
1478 5181 1583 5226 unum
1594 5179 1668 5225 cum
1685 5186 1720 5231 aa
1736 5199 1788 5243 app.

35 5298 145 5344 cesse
166 5279 224 5341 est
237 5277 442 5359 praesupponi
459 5274 716 5340 convenientiam
733 5273 768 5335 in
784 5290 843 5334 na·
901 5289 926 5335 ec
946 5285 1016 5335 cont.
1038 5283 1184 5342 Maxima„
1202 5282 1248 5332 ut.
1265 5284 1297 5332 ιιι
1318 5283 1367 5343 ιιι.
1381 5284 1432 5345 ιι),
1454 5298 1477 5332 c.
1490 5294 1543 5344 rr,
1562 5298 1589 5333 n.
1605 5288 1626 5333 1.
1638 5308 1670 5319 -

35 5395 144 5454 tura.
177 5384 265 5448 Cum
283 5403 361 5466 ergo
375 5383 475 5460 Deus,
489 5386 697 5459 mercaturae,
719 5397 846 5444 summe
899 5357 1216 5492 ξξξέῗὲξξῇῗζῇἓζί
1228 5357 1416 5491 {QZ-5⁸,
1428 5358 1668 5493 ssffiussigfnsffggssj

72 5509 471 5575 1Joan.,x,3o.-²Aug.,ue
484 5507 670 5571 Trin.,tib.1v,
682 5519 706 5557 c.
719 5516 755 5569 lx,
767 5518 795 5555 n.
806 5508 844 5569 12,
901 5502 1005 5566 arctet,
1026 5503 1037 5552 i
1052 5501 1132 5564 Seut,
1151 5500 1210 5552 dist.
1223 5512 1303 5564 mr,
1319 5515 1346 5564 q.
1360 5511 1418 5550 v111.
