4100 6300
338 400 414 447 6616
699 378 749 445 DE
769 376 944 452 stateris
965 376 999 443 S.
1022 375 1328 444 BONAVENTURAE
1348 376 1596 444 ATTRIBUTIS.

1029 583 1247 626 asservamus.

377 726 495 783 chacun
503 737 614 798 6611666
622 721 688 778 6616
701 736 756 795 par
762 721 805 778 les
815 720 980 796 frequentes
991 722 1126 779 citations
1134 721 1217 779 faites
1227 722 1279 778 des
1289 736 1433 793 ouvrages
1443 719 1595 778 6116161616
1602 720 1677 777 61666
1683 720 1712 778 16
1721 720 1937 779 commentaire

342 841 392 882 sur
405 824 448 881 les
461 825 624 891 866166666,
639 820 713 877 dont
726 823 809 877 66166
821 819 944 895 critique
957 837 995 878 66
1007 825 1135 900 66616616
1148 836 1202 895 pas
1216 819 1422 877 l'authenticite
1428 861 1438 890 ,
1453 836 1511 894 que
1523 819 1599 876 saint
1612 822 1815 877 [16666661666
1829 836 1866 877 66
1878 837 1936 877 666

341 922 448 996 6661611
460 937 514 996 666
527 919 625 976 moins
637 918 780 975 16616616
795 917 836 975 du
849 918 1029 995 philosophe
1041 935 1108 990 grec
1126 934 1184 993 que
1197 934 1233 974 66
1246 917 1274 974 16
1287 917 1383 975 1616611
1400 917 1428 974 16
1446 921 1569 975 11661666
1582 918 1751 993 angelique.
1766 921 1864 988 Quart
1878 935 1937 975 666

342 1020 576 1095 161666661611666
588 1019 750 1092 mystiques
765 1018 837 1093 qu'il
851 1018 925 1093 plalt
938 1027 976 1075 au
990 1017 1113 1090 critique
1127 1016 1164 1073 616
1178 1020 1297 1073 1666666
1311 1034 1348 1074 66
1361 1015 1484 1073 ridicule
1491 1058 1502 1088 ,
1519 1016 1590 1074 61166
1603 1021 1739 1075 trouvent
1751 1018 1817 1074 leur
1830 1034 1938 1074 excuse

343 1117 540 1193 616661666611
555 1118 596 1175 du
610 1123 721 1193 temps,
736 1117 846 1193 auquel
860 1135 899 1176 66
913 1120 1103 1194 pardonnera
1117 1121 1231 1174 666166
1246 1118 1326 1176 saint
1339 1116 1453 1174 d'avoir
1465 1120 1526 1173 tant
1542 1118 1599 1174 soit
1611 1134 1670 1191 peu
1687 1117 1812 1174 66661116.
1828 1117 1938 1175 016666-

342 1232 418 1274 6666
429 1217 508 1274 enlin
521 1233 579 1291 que
594 1221 639 1272 661
650 1232 779 1289 ouvrage
800 1233 850 1273 sur
870 1218 913 1274 166
927 1223 1065 1276 Psaumes
1079 1237 1098 1277 6
1112 1222 1156 1278 616
1168 1234 1300 1276 6666666
1317 1232 1372 1291 par
1389 1216 1432 1273 166
1444 1216 1571 1274 6611161166
1584 1218 1715 1275 66666166
1728 1233 1846 1274 comme
1860 1219 1940 1272 etant
2025 1237 2026 1240 ¹

344 1314 381 1372 de
394 1315 470 1371 66161
483 1317 695 1385 Bouaventure,
711 1321 738 1372 61
752 1314 824 1390 qu'il
837 1315 994 1391 1611666116
1011 1318 1053 1375 du
1070 1323 1149 1376 tome
1165 1321 1175 1376 1
1195 1315 1538 1387 616166111166116116666,
1553 1316 1632 1373 aussi
1645 1315 1716 1373 bien
1728 1332 1788 1390 que
1801 1315 1846 1373 les
1860 1315 1939 1372 deux
2025 1301 2026 1338 1

342 1414 515 1487 6666666616
534 1419 561 1471 61
580 1414 656 1471 66161
675 1415 727 1489 qui
740 1431 780 1471 66
790 1415 897 1472 661666.
913 1419 951 1473 16
962 1416 1171 1474 commentaire
1185 1431 1235 1472 sur
1251 1414 1279 1471 16
1299 1417 1420 1472 Psaume
1434 1430 1521 1472 66666
1535 1431 1573 1472 66
1585 1414 1755 1489 particulier
1769 1418 1813 1472 est
1825 1431 1939 1472 remar-

345 1511 465 1586 quable,
480 1516 508 1569 61
521 1529 552 1569 66
562 1515 666 1569 trouve
680 1516 897 1586 6666666661661
910 1513 1037 1571 attribue
1050 1531 1087 1571 au
1100 1515 1175 1571 saint
1189 1517 1312 1570 booteur
1324 1529 1378 1587 par
1392 1513 1469 1570 Sixte
1481 1513 1518 1570 de
1532 1514 1647 1572 sienne.
1664 1516 1760 1583 Quant
1773 1518 1878 1569 aceux
1889 1512 1940 1568 6166

344 1614 440 1667 autres
453 1615 601 1684 Psaumes,
615 1629 693 1670 nous
706 1629 743 1670 66
755 1616 953 1671 666166166666
966 1630 1020 1689 666
1035 1631 1092 1689 que
1106 1613 1253 1688 plusieurs
1267 1611 1361 1670 661661
1374 1630 1453 1670 assez
1466 1613 1526 1670 1661
1539 1613 1672 1686 rediges,
1691 1618 1720 1671 et
1733 1613 1831 1670 166166
1845 1617 1911 1670 1661
1924 1615 1941 1668 a

343 1708 396 1767 fait
408 1710 546 1783 indignes
558 1711 599 1768 du
614 1717 737 1770 booteur
750 1711 938 1787 serapbique.
955 1713 977 1771 11
990 1714 1102 1770 semble
1116 1713 1228 1788 6661616
1240 1729 1298 1787 que
1312 1728 1344 1768 66
1357 1712 1452 1769 661661
1466 1712 1518 1769 (166
1528 1717 1622 1783 66166,
1639 1730 1679 1770 66
1690 1729 1723 1770 66
1736 1714 1830 1787 qu'on
1840 1710 1940 1785 appel·

343 1807 428 1866 lerait
443 1810 632 1883 aujourd'lrui
647 1810 699 1868 6166
712 1814 834 1886 6666166
848 1811 995 1883 diverses,
1010 1811 1082 1887 qu'il
1093 1812 1175 1885 jetait
1187 1828 1237 1868 sur
1251 1810 1279 1867 16
1292 1811 1410 1885 666166,
1425 1827 1494 1868 sans
1509 1812 1596 1869 ordre
1610 1827 1726 1870 comme
1741 1827 1811 1868 sans
1825 1810 1940 1867 dessein

345 1905 383 1963 de
397 1908 553 1982 6616116116,
568 1914 587 1967 a
603 1926 718 1968 mesura
733 1909 854 1985 qu'elles
872 1909 915 1967 lui
928 1910 1079 1981 66661661,
1099 1914 1127 1967 61
1144 1910 1196 1984 qui
1211 1912 1262 1966 ont
1288 1910 1333 1966 616
1347 1911 1511 1969 66666111166
1530 1929 1598 1969 sans
1615 1912 1783 1986 jugement,
1803 1915 1832 1968 et
1844 1912 1940 1968 meme

345 2019 414 2062 saus
426 2005 584 2082 beaucoup
597 2008 635 2065 de
647 2008 768 2082 11661116,
783 2025 838 2083 par
852 2008 905 2066 des
916 2009 1043 2085 66616166
1057 2009 1239 2067 maladroits.
2025 1985 2026 2000 ¹

606 2242 656 2310 11.
674 2244 844 2327 Expositis
859 2243 1025 2310 tattheum
1040 2242 1245 2320 Ecclesiaste
1258 2247 1311 2328 16).
1326 2244 1391 2309 166.
1406 2247 1527 2313 Beatus
1540 2247 1604 2324 vir,
1619 2250 1679 2310 616.

388 2460 470 2526 Satis
488 2460 550 2524 luit
566 2459 717 2524 Romanis
737 2459 938 2539 Editoribus,
958 2463 996 2524 ut
1013 2457 1249 2525 bonaventurae
1268 2479 1388 2525 nomen
1406 2461 1440 2524 16
1457 2462 1589 2544 antiquo
1608 2458 1783 2543 exemplari
1799 2458 1941 2523 viderent

349 2569 550 2651 inscriptum,
566 2586 630 2651 quo
641 2568 827 2651 hujusmodi
840 2568 1079 2651 Expositionem
1093 2567 1127 2631 in
1141 2567 1376 2632 bonaventura
1390 2570 1573 2650 catalogum
1587 2568 1753 2632 referrent.
1769 2566 1812 2629 At
1825 2565 1940 2630 incauti

349 2676 497 2741 homines
515 2675 649 2740 minime
671 2676 895 2755 adverterunt,
914 2675 985 2739 11661
1001 2675 1172 2758 aliquando
1191 2694 1301 2758 66666,
1320 2680 1358 2740 61
1377 2676 1430 2740 661
1451 2678 1583 2759 antiqua
1602 2674 1798 2757 exemplaria
1818 2670 1941 2756 66666611
2025 2733 2026 2746 ,

350 2784 444 2848 nobis
459 2802 588 2847 oausam
606 2783 781 2865 praebeant.
802 2782 883 2846 lllud
901 2802 975 2847 cum
994 2783 1108 2865 primis
1123 2782 1388 2847 considerandum
1407 2787 1492 2859 erat,
1510 2801 1591 2846 uum
1607 2801 1681 2865 quae
1694 2781 1811 2864 scripta
1823 2785 1899 2845 sunt
1911 2780 1942 2842 in

353 2891 484 2974 antiquo
497 2890 683 2973 exemplari,
698 2889 739 2954 ad
751 2890 886 2971 genium
900 2889 1135 2955 bonaventurae
1147 2890 1343 2969 accederent,
1358 2896 1481 2954 666661
1497 2888 1532 2952 16
1546 2908 1643 2972 quam
1658 2908 1734 2953 saue
1748 2905 1941 2971 6666666661
2025 2967 2026 2978 ἵ

353 2998 409 3062 6111
422 3000 454 3062 61
465 2997 581 3061 laboris
594 2998 817 3078 contulissent,
838 3016 913 3063 cum
925 3017 966 3063 ex
980 2999 1047 3062 sola
1065 3000 1199 3062 lectione
1212 2998 1302 3061 166116
1316 2997 1495 3078 intelligere
1513 2997 1709 3080 potuissent,
1729 2997 1791 3060 tale
1809 3013 1943 3079 opuscu·
2025 3065 2026 3086 2

352 3104 423 3171 lum
435 3103 668 3171 bonaventura
684 3105 823 3171 indolem
835 3125 901 3172 666
914 3105 1063 3189 resipere.
1082 3104 1158 3170 Plus
1170 3106 1256 3170 euim
1271 3106 1360 3188 justo
1373 3105 1517 3169 curiosus
1528 3108 1577 3169 est
1588 3105 1759 3188 expositor,
1776 3121 1814 3168 66
1829 3104 1864 3166 16
1874 3102 1941 3185 6111-
2025 3182 2026 3187 ¹

355 3213 563 3295 losophorum
576 3214 800 3296 systematibus
812 3214 1003 3297 indagandis
1017 3214 1274 3298 explicandisque
1287 3214 1390 3277 nimio
1403 3214 1476 3296 plus
1487 3218 1642 3277 versatus.
1658 3213 1764 3294 Aqua
1775 3231 1811 3275 re
1824 3228 1943 3294 semper

358 3322 482 3386 6116666
501 3321 560 3385 1611
578 3320 818 3399 Beneventum,
841 3323 896 3405 qui
918 3323 1034 3388 maluit
1053 3323 1173 3387 versari
1192 3322 1228 3385 16
1246 3321 1436 3404 8661616616,
1457 3320 1556 3403 inque
1574 3318 1722 3385 Patribus
1745 3318 1940 3391 6616166116,
2025 3298 2026 3313 ’

360 3447 456 3512 quam
471 3430 504 3492 in
519 3429 781 3513 philosophorum
795 3429 910 3494 scholis
922 3435 1050 3513 tempus
1063 3448 1259 3512 operamque
1271 3429 1413 3511 perdere.
1430 3427 1517 3492 Nihil
1532 3446 1608 3492 sane
1619 3428 1771 3492 sollicitus
1783 3428 1856 3507 tuit,
1871 3444 1943 3490 num

362 3536 416 3602 Sol
429 3542 511 3602 rotet
527 3539 610 3602 61666
620 3537 764 3616 Terram,
780 3556 861 3601 uum
875 3557 893 3602 6
907 3538 1065 3602 66611666
1079 3536 1187 3601 'lellus
1200 3538 1284 3601 circa
1298 3535 1415 3601 Solem.
1431 3534 1604 3619 Nunquam
1617 3540 1711 3615 certe,
1731 3536 1819 3617 quod
1832 3535 1941 3609 sciam,

361 3643 594 3711 Bonaveuturae
608 3645 643 3708 in
655 3651 797 3710 mentem
809 3646 909 3725 66611,
926 3664 1007 3709 num
1019 3645 1156 3709 flumina
1167 3665 1185 3708 e
1197 3645 1309 3708 solutis
1321 3644 1462 3724 nivibus,
1482 3663 1562 3708 num
1576 3661 1653 3709 vero
1668 3662 1685 3707 6
1697 3642 1780 3706 mari
1794 3646 1861 3706 toto
1875 3660 1944 3724 pro·

360 3752 472 3816 fluant.
490 3752 567 3816 Haeo
586 3753 717 3835 quidem
736 3754 860 3817 6661666
872 3754 1070 3835 exspissatur
1082 3753 1253 3835 expositor,
1273 3752 1330 3833 qui
1343 3751 1419 3815 false
1432 3756 1520 3814 16661
1533 3751 1670 3815 aliorum
1685 3750 1943 3833 philosophorum

360 3864 551 3943 systemata,
566 3879 688 3944 suaque
700 3865 852 3944 tanquam
870 3879 946 3927 vero
960 3860 1076 3923 similia
1088 3859 1241 3925 venditat.
1251 3855 1371 3922 Praeter
1384 3859 1453 3922 16666
1465 3859 1612 3923 addimus
1619 3858 1895 3923 nomenclatorum
1907 3856 1943 3919 si·

360 3965 516 4045 lentium,
536 3986 650 4032 eorum
664 3969 760 4033 etiam
779 3968 898 4052 quibus
913 3967 995 4031 nihil
1009 3969 1116 4051 potius
1134 3968 1211 4048 1611,
1229 3985 1327 4051 quam
1348 3971 1384 4032 ut
1404 3965 1635 4033 Bonaveuturae
1655 3966 1839 4047 catalogum
1858 3965 1944 4030 adau-

362 4080 475 4157 gerent
488 4076 632 4140 omuino.

404 4180 524 4247 Prodiit
535 4181 695 4265 Venetiis,
710 4185 809 4264 11119,
823 4183 915 4265 16-8,
931 4183 1019 4268 66661
1034 4182 1226 4267 1166661616
1237 4184 1258 4247 ¹.

1053 4388 1270 4431 orsxxvrrrors.

401 4531 446 4587 011
456 4527 520 4584 voit
531 4542 587 4601 par
601 4525 699 4584 divers
712 4525 843 4584 endroits
857 4525 898 4584 du
912 4527 1127 4585 commentaire
1141 4543 1191 4584 sur
1204 4526 1246 4584 166
1263 4528 1431 4598 sentences,
1446 4543 1505 4601 que
1518 4526 1594 4585 saint
1609 4530 1812 4586 Bonaventure
1825 4541 1862 4584 66
1877 4522 1945 4582 dou·

364 4627 417 4685 tuit
428 4643 482 4702 pas
495 4626 533 4683 de
546 4625 718 4684 1666661666
731 4626 769 4684 616
782 4626 813 4683 16
826 4629 910 4698 terre,
924 4627 955 4684 61
968 4628 1069 4686 166166
1081 4626 1118 4685 de
1132 4625 1297 4685 l'existenoe
1312 4627 1365 4685 6166
1375 4625 1540 4701 antipodes.

397 4762 515 4827 (allidit.
534 4762 783 4816 1661166166166166.
855 4744 857 4748 ⁸

399 4851 568 4904 1111616616.
583 4854 722 4916 1166616166,
736 4856 801 4905 tom.
815 4854 843 4919 1,
857 4866 883 4918 p.
895 4856 950 4906 rsa.
