4100 6300
787 410 922 523 sncrte
944 458 969 521 t.

631 682 634 688 .
728 628 832 697 Testis
855 627 927 697 See.
951 627 1028 699 XV.

117 805 241 870 Similia
252 807 361 871 scribit
383 807 416 873 S.
434 808 640 873 Antoninus:
660 808 778 874 aldem
792 808 825 873 S.
840 807 1065 873 bonaventura
1079 808 1161 891 stylo
1181 808 1319 873 mirabili
1338 811 1438 874 vitam
1451 809 1488 876 B.
1512 810 1673 877 Francisei

79 912 280 994 compilavit,
295 915 463 998 ipsamque
477 915 625 980 diffusam
640 915 681 980 ad
695 914 1000 998 compendiosiorem
1011 916 1149 980 termam
1162 916 1286 997 redegit
1298 938 1306 994 ;
1324 916 1360 979 in
1373 936 1438 999 qua
1450 918 1536 982 nihil
1548 919 1672 1002 posuit,

78 1019 138 1082 nisi
150 1024 275 1085 certum
291 1026 322 1086 et
334 1024 506 1105 probatum
517 1023 650 1088 testibus
663 1023 725 1088 ilde
739 1021 847 1104 dignis
859 1022 880 1087 ¹.
899 1043 915 1081 a

719 1245 823 1315 Testis
845 1244 917 1316 Sec.
941 1245 1033 1317 XVI.

114 1451 220 1517 Suum
248 1469 376 1534 queque
405 1449 565 1514 caleulum
588 1449 709 1515 addidit
732 1448 926 1515 Trithemius
950 1452 1089 1534 diligens
1112 1451 1311 1535 Scriptorum
1335 1470 1446 1517 rerum
1468 1452 1669 1536 inquisitor:

78 1559 258 1640 «Legenda
273 1558 305 1623 S.
322 1556 492 1636 Francisci,
509 1556 565 1620 lib.
581 1575 603 1633 1,
619 1560 780 1640 Apparuit
793 1560 902 1640 qratia
915 1559 985 1639 net,
1000 1563 1060 1623 cte.
1078 1582 1093 1620 s

117 1665 239 1731 ullane
253 1666 399 1745 mirifice,
413 1665 572 1730 subnectit
584 1662 822 1745 Waddingns¹,
838 1665 982 1748 plerique
997 1665 1239 1744 commendant,
1256 1665 1419 1748 praecipue
1432 1665 1580 1748 Aloysius
1595 1665 1673 1749 Lip-

75 1792 235 1858 pomanus
257 1773 431 1856 Episcopus
451 1769 657 1847 Veronensis,
678 1772 734 1853 qui
757 1789 839 1853 puro
858 1776 891 1836 et
912 1773 1049 1856 simplici
1070 1772 1153 1856 stylo
1174 1773 1364 1856 descriptam
1384 1773 1428 1836 ait
1452 1776 1541 1837 tanta
1562 1791 1673 1837 rerum

75 1883 174 1964 eopia,
190 1885 224 1945 et
239 1880 472 1944 sententiarum
485 1878 643 1959 gravilate
655 1878 822 1951 refertam.
839 1884 877 1942 ut
891 1882 977 1944 tetus
991 1880 1132 1943 mundus
1148 1880 1219 1962 ejus
1232 1879 1365 1944 lectione
1379 1880 1496 1942 instrui
1511 1880 1625 1963 pessit,
1642 1885 1675 1945 et

75 1989 113 2052 ad
127 2006 274 2053 amorem
289 1988 343 2051 llei
353 2005 410 2070 per
422 1985 510 2052 Beati
523 1984 682 2049 Francisci
694 1986 881 2068 exemplum
893 1986 1078 2051 instaurari.
1093 1986 1131 2051 Et
1143 1987 1181 2051 de
1195 1985 1298 2069 seipse
1310 1987 1437 2064 latetur,
1452 1986 1537 2067 quod
1549 1988 1674 2069 quoties

75 2094 158 2158 hane
170 2095 274 2159 vitam
289 2094 415 2175 legerit,
430 2094 523 2157 toties
536 2111 602 2156 non
615 2093 719 2157 solum
736 2111 886 2159 aecensus
899 2096 957 2169 sit,
972 2094 1076 2159 sedin
1091 2096 1163 2177 ejus
1175 2092 1381 2157 meditatione
1401 2097 1487 2156 totus
1505 2095 1670 2159 exarserit.

76 2201 262 2267 leonardus
276 2202 427 2266 Arctinus
439 2203 585 2265 vetustus
597 2204 719 2276 auctor,
730 2199 917 2265 eruditionis
925 2205 957 2265 et
969 2202 1160 2284 eloquentiae
1171 2201 1263 2265 laude
1273 2201 1388 2278 clarus,
1401 2218 1478 2263 cum
1490 2200 1674 2283 Legendam

76 2307 159 2372 bane
172 2309 318 2373 studiose
331 2308 476 2389 legisset,
492 2308 683 2371 sententiam
697 2311 845 2388 rogatus,
860 2309 960 2387 dixit,
976 2308 1011 2371 in
1028 2308 1083 2372 illo
1097 2309 1253 2372 scribendi
1266 2326 1385 2389 genere
1398 2326 1419 2371 a
1438 2308 1567 2373 nemine
1580 2308 1673 2373 illum

77 2416 221 2499 superari
239 2434 341 2498 posse.
357 2413 467 2497 Neque
483 2414 514 2477 id
528 2415 647 2479 mirum
661 2414 755 2497 plane
771 2414 934 2499 scriptam,
952 2433 1052 2500 quam
1068 2415 1153 2480 inter
1167 2416 1292 2480 divinas
1307 2414 1539 2492 meditationes,
1555 2421 1587 2480 et
1599 2435 1673 2500 rap·

77 2526 127 2601 tos
140 2522 285 2587 coelestes
298 2523 404 2605 petius
418 2523 579 2598 dictatam,
594 2541 694 2604 qaam
710 2521 855 2586 humana
868 2522 1024 2586 industria
1038 2522 1232 2587 elaboratam
1244 2521 1362 2586 indicat
1376 2540 1513 2605 sequens
1524 2528 1671 2588 eventus.

77 2629 110 2693 b.
132 2629 277 2693 Thomas
290 2629 451 2712 Aquinas,
468 2630 525 2711 qui
541 2628 652 2692 eadem
671 2633 857 2712 tempestate
873 2629 943 2715 pari
967 2630 1086 2694 virtute
1109 2629 1224 2695 claruit
1245 2635 1277 2695 et
1291 2633 1452 2712 doctrina,
1478 2651 1555 2697 eum
1570 2631 1675 2697 Bona·

76 2741 248 2802 venturam
263 2756 392 2801 summa
407 2738 467 2801 sibi
482 2737 635 2800 charitate
651 2737 722 2817 conj
728 2742 877 2816 unctum,
905 2741 982 2800 tune
1002 2755 1131 2801 summo
1146 2738 1263 2801 affectu
1278 2741 1458 2804 studentem
1479 2741 1515 2803 in
1529 2745 1674 2805 contem·

76 2845 201 2926 plaudo,
217 2845 501 2924 eteoncinnando,
517 2861 615 2927 quam
635 2843 793 2920 diximus,
814 2843 933 2921 vitam,
953 2843 1122 2924 inviseret,
1139 2862 1196 2927 per
1214 2845 1349 2910 rimulas
1368 2846 1442 2910 ostii
1464 2847 1672 2931 prospiciens,

77 2950 154 3016 vidit
168 2951 312 3016 illumin
325 2952 589 3035 contemplatione
603 2955 755 3033 raptum,
768 2955 800 3016 et
812 2969 832 3014 a
844 2955 930 3015 terra
946 2950 1082 3014 miritice
1095 2951 1297 3017 sublevatum
1312 2973 1321 3032 ;
1337 2958 1409 3017 tum
1422 2956 1622 3019 retrocedens
1634 2955 1675 3021 ad

77 3077 149 3123 snos
162 3081 171 3124 ε
186 3059 350 3137 Sinamas,
367 3060 489 3145 inquit,
504 3058 675 3134 Sanctum,
691 3059 769 3141 quia
782 3059 906 3122 laborat
922 3076 981 3140 pro
997 3058 1126 3123 Sancto.
1150 3058 1260 3140 Magni
1278 3060 1339 3123 viri
1361 3079 1518 3142 magnum
1535 3062 1674 3145 prolecto

77 3168 308 3246 testimonium,
328 3186 394 3251 quo
409 3167 574 3232 viventem
585 3167 727 3231 amicum
741 3165 895 3231 Sanctum
912 3166 1096 3249 appellavit,
1118 3170 1150 3230 et
1165 3171 1250 3231 reete
1263 3169 1453 3233 scribentem
1467 3171 1673 3235 commenda-

77 3275 133 3338 vit.
148 3274 254 3339 Locus
267 3275 323 3338 ubi
336 3275 397 3340 hoe
410 3275 561 3355 contigit,
577 3273 683 3338 adhue
701 3271 829 3338 Parisiis
841 3274 878 3337 in
891 3273 959 3337 aede
970 3272 1134 3338 ldinorum
1148 3277 1251 3339 exstat
1267 3274 1369 3341 instar
1381 3277 1503 3356 sacelli,
1519 3283 1674 3362 tanquam

77 3381 439 3463 reimirabilitergestae
456 3385 748 3445 monumentum.»
1021 3377 1024 3382 ‘

115 3489 217 3569 Absit,
233 3493 273 3553 ut
291 3506 427 3552 aureum
438 3488 607 3571 Aquinatis
621 3486 741 3552 dictum
754 3504 911 3569 negemus
924 3486 1141 3551 fidentissime.
1158 3487 1289 3568 Verum,
1308 3490 1335 3553 si
1348 3490 1436 3572 quod
1449 3492 1559 3556 animo
1572 3493 1674 3556 senti-

79 3611 161 3673 mus,
177 3596 210 3660 id
232 3596 365 3661 candide
377 3596 519 3680 proferre
532 3595 636 3674 liceat,
650 3613 716 3659 non
731 3594 845 3660 leviter
858 3594 1078 3677 suspicamur,
1098 3595 1178 3658 nihil
1192 3596 1311 3660 horum
1334 3597 1451 3662 dixisse
1466 3598 1671 3682 Aquinatem.

81 3700 144 3765 lloe
156 3706 195 3767 ut
208 3703 389 3782 credamus,
405 3702 457 3766 vel
471 3702 613 3766 maxime
626 3700 817 3766 adducimur
830 3718 871 3764 ex
884 3718 939 3780 eo,
956 3702 1043 3783 quod
1058 3702 1181 3766 celebre
1195 3703 1315 3767 dietum
1333 3705 1394 3769 hoe
1413 3707 1556 3789 antiquis
1571 3709 1674 3790 serip-

79 3809 201 3874 toribus
219 3809 373 3892 ignotum
387 3810 481 3875 luerit
499 3810 644 3875 omnino.
669 3809 774 3894 lliuus
790 3827 918 3892 quoque
938 3827 1013 3873 eum
1029 3814 1211 3891 temporum
1233 3812 1314 3876 serie
1336 3830 1515 3894 congruere
1533 3815 1672 3879 videtur.

80 3915 158 3980 dum
170 3919 262 3981 enim
280 3917 504 3983 Beneventura
521 3919 557 3980 in
576 3917 674 3982 ltaliae
696 3918 841 4000 partibus
863 3935 1066 3981 commorans
1085 3916 1244 4000 Legenda
1267 3919 1345 3984 huie
1367 3937 1499 4002 operam
1520 3922 1672 4003 navabat,

78 4028 146 4087 tum
163 4025 313 4107 Aquinas
326 4024 454 4090 Parisiis
469 4045 488 4089 e
501 4025 630 4108 publico
645 4023 801 4089 Subsellio
819 4023 951 4087 dicebat.
976 4022 1169 4106 Quanquam
1191 4024 1382 4091 Ptolomaeus
1400 4026 1562 4104 Lucensis,
1590 4029 1675 4093 indi-

79 4131 195 4195 viduus
208 4131 381 4215 Aquinatis
394 4134 516 4210 socius,
535 4137 663 4215 tempus
680 4131 934 4214 haudquaquam
954 4130 1092 4207 indicet,
1113 4149 1179 4214 quo
1194 4133 1337 4216 Aquinas
1351 4132 1478 4198 Parisiis
1497 4135 1537 4199 ad
1551 4133 1673 4200 ltaliam

79 4237 267 4319 adventarit,
283 4257 325 4303 ex
340 4240 380 4303 iis
394 4245 513 4319 tamen,
530 4258 606 4322 quae
621 4239 732 4314 reteri,
749 4238 837 4301 iacile
853 4237 988 4319 quisque
1000 4237 1138 4319 colligit,
1153 4239 1246 4304 illum
1265 4259 1331 4305 non
1353 4247 1428 4305 ante
1447 4261 1570 4306 annum
1595 4248 1674 4308 laea

80 4342 200 4408 ltaliam
208 4346 388 4420 accessisse.
401 4346 585 4411 Audiantur
598 4345 764 4411 Ptolomaei
777 4344 915 4409 verba⁸2
930 4344 1004 4410 Post
1020 4346 1149 4411 tertium
1164 4363 1284 4412 annum
1300 4351 1355 4413 aut
1371 4350 1556 4432 magisterii
1571 4348 1674 4417 rediit

78 4453 114 4515 in
126 4453 273 4533 ltaliam,
290 4459 428 4536 tempere
445 4453 597 4521 videlieet
617 4454 737 4520 Urbani
758 4451 809 4517 ΙΙΙ.
834 4454 877 4517 At
891 4452 1040 4519 Urbanus
1055 4454 1095 4520 IV
1120 4456 1160 4518 ad
1178 4473 1339 4521 summam
1359 4458 1518 4538 pontilicis
1532 4457 1674 4540 dignita·
1746 4499 1749 4506 -

80 4563 142 4623 tem
155 4561 305 4643 pervenit
320 4580 406 4626 anno
419 4566 509 4640 lael,
526 4562 576 4627 die
588 4566 628 4626 29
642 4561 786 4643 augusti.
802 4559 863 4637 Qui
878 4577 957 4642 ergo
972 4561 1042 4625 iteri
1060 4562 1176 4644 potuit,
1190 4565 1229 4626 ut
1243 4564 1389 4646 Aquinas
1401 4581 1455 4627 an.
1472 4568 1551 4627 1260
1572 4563 1672 4629 Bona·

79 4672 250 4732 venturam
272 4670 305 4731 in
326 4666 417 4732 ltalia
432 4685 493 4752 pro
512 4669 628 4735 Souote
652 4669 851 4732 laborantem
871 4667 1036 4732 inviseritt
1060 4668 1123 4733 Sed
1144 4673 1309 4753 uteunque
1331 4688 1383 4734 res
1404 4688 1438 4734 se
1463 4670 1592 4751 habeat,
1614 4689 1674 4734 nos

81 4773 159 4837 nihil
173 4774 255 4839 eerti
269 4776 457 4857 statuimus,
471 4776 554 4841 nibil
573 4781 692 4841 temere
706 4775 859 4853 dicimus,
874 4775 929 4840 sed
946 4782 1091 4840 nostram
1107 4776 1148 4840 ab
1161 4775 1283 4841 ineerta
1301 4795 1336 4841 re
1349 4776 1566 4842 assensionem
1583 4777 1675 4843 cohi·

80 4877 202 4948 beram

696 5020 853 5112 Antiqua
871 5019 1052 5090 Editiones.

118 5201 252 5271 Vetusta
264 5204 422 5288 Legenda
435 5209 537 5292 hujus
549 5211 652 5274 exstat
670 5208 775 5271 italica
787 5207 882 5272 editio
897 5207 1066 5274 Mediolani
1079 5208 1212 5290 {peraeta
1224 5205 1286 5270 hoe
1300 5223 1377 5269 eum
1390 5206 1484 5272 titulo
1501 5230 1509 5271 ε
1531 5205 1609 5275 Vita
1622 5203 1675 5274 aa

113 5364 197 5417 ¹Part.
210 5367 244 5417 ΙΙΙ
261 5368 356 5419 Suram.
371 5369 447 5431 tibi..
459 5369 500 5420 tit.
513 5371 602 5434 xxiv,
617 5382 640 5419 e.
651 5380 710 5421 rur.

112 5433 240 5488 ‘temti
255 5439 359 5503 Arnai„
371 5440 405 5491 sd
415 5454 476 5492 ann.
492 5442 562 5505 126⁰,
576 5454 605 5491 a.
617 5451 696 5505 xvtn,
710 5455 737 5505 p.
748 5443 804 5492 2⁰6.
817 5467 845 5478 -
855 5439 866 5476 ⁸
876 5441 906 5490 ln
919 5438 1094 5504 Hietaecclea„
1105 5438 1152 5489 lib.
1164 5438 1232 5490 xxti
1240 5474 1250 5503 ,
1263 5451 1287 5488 c.
1299 5448 1366 5488 mr.
