4100 6300
617 487 715 555 DIS‘l'.
737 487 858 553 XXXII.
879 487 971 554 Alit.
994 489 1019 553 l.
1042 489 1190 568 QUAEST.
1211 491 1235 555 l.
1654 495 1713 555 dl'l

124 630 212 692 catur
225 630 256 690 et
269 623 720 706 inabstractionetergocum
732 624 891 707 processio
945 625 980 688 in
998 624 1113 688 tribus.
1127 622 1160 689 Si
1174 627 1393 707 ergotenetur
1406 623 1622 705 essentialiter,
1638 625 1715 690 falsa

31 744 53 761 ’·
124 753 188 799 ιιοιι
202 732 369 797 conveniat
380 730 464 795 Patri
478 736 510 796 et
526 730 606 796 Filio
618 732 654 795 in
667 731 888 809 abstractione,
945 736 993 797 est
1006 732 1136 812 locutio,
1147 732 1224 815 quia
1235 736 1313 797 tunc
1325 733 1469 816 sequitur
1480 732 1566 816 quod
1580 731 1673 797 Pater
1683 737 1716 798 et

32 938 34 943 ι
123 858 201 923 ergo
213 858 272 904 nec
285 838 531 905 denominative.
946 839 1046 905 Filius
1057 843 1133 905 sunt
1151 840 1272 923 Spiritu
1289 846 1397 905 sendo
1417 862 1425 905 :
1442 846 1473 905 et
1490 841 1525 904 in
1542 840 1604 904 hoc
1619 858 1715 905 sensu

946 964 1123 1028 pronomen
1135 966 1212 1010 cum
1224 948 1323 1012 verbo
1335 947 1530 1012 construitur
1541 947 1712 1029 reciproce.

392 1091 617 1161 CONCLUSIO·
945 1051 979 1116 Si
988 1058 1096 1118 annm
1105 1053 1317 1132 notionaliter,
1330 1071 1407 1119 vera
1418 1057 1476 1132 est,
1487 1052 1569 1118 sicut
1579 1053 1715 1136 probant

945 1161 1085 1226 rationes
1098 1161 1138 1226 ad
1148 1159 1330 1244 oppositum
1346 1164 1397 1224 :et
1411 1160 1444 1222 in
1456 1159 1518 1223 hoc
1530 1177 1626 1224 sensu
1639 1179 1715 1244 pro-

31 1292 43 1309 =·
121 1262 230 1316 Patrem
243 1258 424 1315 “Filium
440 1257 553 1327 allicere
568 1256 678 1328 Spiritu
693 1260 786 1312 ⁸⁰2¹⁶²⁰
801 1270 891 1311 ⁰⁰⁷²&-
945 1288 1066 1334 nomen
1078 1270 1272 1333 construitur
1291 1286 1367 1333 cum
1383 1267 1483 1333 verbo
1501 1268 1712 1334 retransitive.

155 1348 216 1492 {lere
228 1362 376 1419 Wm’
390 1347 597 1449 adlectionem
615 1345 793 1401 ''mmmm‘'
805 1345 890 1399 ‘'me‘'
946 1376 1035 1441 Unde
1052 1395 1165 1440 sensus
1181 1380 1228 1440 est
1250 1398 1257 1438 :
1274 1399 1290 1436 c
1305 1372 1396 1438 Pater
1411 1379 1443 1437 et
1462 1373 1560 1436 Filius
1577 1374 1717 1456 diligunt

167 1436 374 1508 cpomm3quod
393 1451 417 1492 se
446 1436 627 1492 essentialiter
653 1450 712 1491 eom
737 1448 888 1502 aimoinus,
1006 1485 1014 1497 ,
1370 1481 1399 1495 ..
1567 1481 1597 1495 ..

44 1534 48 1541 .
154 1530 242 1598 falna
254 1528 380 1585 ”Mem
392 1542 487 1584 mo·
945 1503 990 1563 se,
1005 1485 1037 1548 id
1051 1488 1108 1564 est,
1124 1482 1215 1547 Pater
1228 1482 1332 1562 d1lrg1t
1344 1480 1476 1559 Filium,
1493 1485 1525 1544 et
1538 1479 1640 1545 Frnus
1652 1480 1716 1546 Pa-

35 1610 42 1631 ²
945 1596 1046 1669 trem;
1063 1612 1079 1650 ι
1095 1594 1127 1654 et
1141 1595 1219 1654 tunc
1231 1608 1308 1653 vera
1321 1594 1367 1653 est
1377 1588 1601 1679 locutio,quia
1612 1607 1714 1666 amor,

30 1756 34 1761 ,
99 1718 104 1726 ·
160 1699 458 1784 Resp.addrg.Ad
472 1698 698 1781 praedictorum
712 1696 891 1777 intelligen-
945 1700 1005 1784 qui
1027 1705 1074 1763 est
1092 1698 1230 1782 Spiritus
1248 1702 1392 1774 sanctus,
1412 1701 1459 1760 est
1478 1714 1571 1761 amor
1588 1702 1718 1762 nectens

119 1811 197 1874 tiam
211 1813 258 1872 est
270 1807 458 1886 notandum,
469 1806 552 1889 qnod
563 1804 693 1889 quidam
705 1803 891 1887 predictam
946 1806 1072 1871 Patrem
1081 1824 1157 1870 cum
1166 1804 1258 1884 Filio,
1271 1809 1302 1869 et
1315 1823 1333 1867 e
1346 1822 1514 1883 converso;
1525 1807 1557 1868 et
1563 1809 1641 1869 tunc
1651 1823 1717 1869 non

36 1980 40 1985 .
119 1915 312 1980 locutionem
325 1913 508 1996 simpliciter
524 1916 742 1995 negaverunt,
756 1915 788 1975 et
800 1911 892 1975 dixe-
945 1914 1018 1979 licet
1035 1915 1173 1977 inferre:
1193 1935 1208 1972 u
1227 1911 1315 1994 Ergo
1327 1911 1419 1976 Pater
1432 1910 1537 1993 diligit
1549 1930 1584 1975 se
1596 1911 1717 1994 Spiritu

37 2091 40 2095 ,
118 2029 198 2089 runt
221 2042 332 2088 omnes
358 2021 536 2087 consimiles
565 2039 633 2085 esse
663 2022 847 2084 retractatas
871 2038 892 2081 a
944 2026 1099 2086 sancto.»

119 2133 213 2197 beato
224 2131 405 2214 Augustino
417 2135 450 2193 in
470 2148 529 2193 sua
542 2129 649 2204 simili,
668 2129 702 2191 in
720 2128 781 2191 hac
802 2127 890 2190 scili·
987 2136 1018 2209 l,
1032 2133 1052 2192 2
1064 2134 1096 2193 et
1113 2130 1144 2192 3.
1161 2127 1209 2193 ux
1221 2128 1283 2192 hoc
1297 2128 1405 2210 patent
1421 2125 1483 2188 tria
1502 2126 1616 2208 prima.
1637 2125 1717 2190 Nam

119 2247 191 2305 cet:
212 2266 227 2301 a
246 2239 338 2305 Pater
356 2242 404 2303 est
418 2238 543 2321 sapiens
560 2237 716 2321 sapientia
733 2236 887 2317 genita.»
946 2237 1090 2320 primum
1112 2235 1252 2318 procedit
1274 2233 1452 2297 secundum
1472 2233 1559 2315 quod
1582 2232 1718 2317 diligere

119 2350 180 2415 Sed
195 2350 264 2414 haec
279 2348 394 2412 solutio
411 2365 477 2411 non
494 2351 597 2429 potest
609 2349 711 2424 stare,
730 2345 808 2428 quia
826 2363 892 2409 non
946 2350 1075 2411 tenetur
1087 2343 1307 2411 essentialiter.
1324 2340 1508 2405 Secundum
1521 2340 1618 2405 etiam
1629 2342 1718 2405 simi-

31 2538 32 2541 *
118 2456 225 2520 solum
237 2455 391 2519 eamdicit
399 2454 613 2536 Augustinus,
624 2453 678 2517 sed
687 2454 783 2517 etiam
792 2453 892 2517 sancti
945 2456 1044 2520 liter:
1064 2473 1140 2519 nam
1162 2468 1271 2537 sapere
1284 2470 1350 2516 non
1370 2451 1485 2516 dicitur
1504 2451 1717 2532 notionaliter,

117 2564 184 2641 alii,
201 2581 340 2646 quorum
361 2562 443 2626 dicta
465 2561 667 2642 Augustinus
687 2579 753 2625 non
774 2566 891 2625 retrac·
947 2567 1030 2631 sient
1044 2565 1197 2647 diligam
1210 2563 1325 2629 sedvel
1338 2567 1385 2627 est
1398 2580 1581 2642 commune,
1596 2563 1648 2627 val
1661 2583 1720 2647 ap-

117 2673 199 2735 tat¹.
221 2670 294 2736 Ideo
308 2672 439 2735 inerunt
461 2669 516 2733 alii
536 2668 591 2751 qui
614 2687 685 2733 eam
708 2667 892 2752 simpliciter
947 2674 1158 2757 propriatum.
1168 2670 1312 2735 'lertium
1321 2657 1477 2746 similiter,
1488 2668 1565 2751 quia
1577 2671 1720 2752 procedit

117 2783 356 2855 concesserunt,
375 2777 513 2842 dicentes
526 2777 610 2841 hanc
620 2777 815 2841 locutionem
836 2779 892 2843 de·
946 2780 1122 2846 secundnm
1146 2779 1233 2862 quod
1254 2778 1402 2861 obliquus
1422 2778 1617 2842 construitur
1638 2780 1719 2843 reci-

118 2887 196 2950 bere
209 2886 344 2967 intelligi
363 2903 420 2969 per
436 2884 740 2968 appropriationem,
756 2902 821 2947 non
835 2903 893 2967 per
946 2906 1057 2972 proca,
1073 2895 1105 2951 et
1115 2892 1193 2951 tunc
1209 2885 1344 2969 diligere
1359 2887 1484 2948 tenetur
1497 2883 1717 2950 essentialiter.

118 2994 361 3078 proprietatem,
376 2997 413 3057 ut
426 2992 467 3056 sit
482 3010 595 3056 sensus
611 3013 618 3054 :
638 2989 773 3070 «Pater,
788 2995 820 3054 et
837 2990 892 3055 Fi·
986 3000 1017 3059 l.
1033 2995 1081 3058 Ad
1092 2994 1170 3059 illud
1182 2994 1268 3078 quod
1280 2993 1431 3075 objicitur
1444 2992 1530 3074 quod
1546 3010 1609 3056 non
1624 2993 1720 3075 possit

117 3103 182 3168 lius
195 3102 333 3184 diligunt
345 3120 378 3166 se
389 3118 510 3177 amore,
520 3100 577 3183 qni
587 3099 809 3183 appropriatur
821 3098 893 3182 Spi·
946 3103 1049 3170 teneri
1064 3101 1280 3180 notionaliter3
1304 3099 1548 3181 intelligendum
1567 3104 1614 3165 est
1633 3101 1718 3184 quod

117 3210 201 3273 ritui
223 3215 342 3274 sancto.
366 3232 381 3269 i
408 3207 469 3273 Sed
487 3209 548 3271 ista
568 3207 683 3271 solutio
704 3225 769 3272 non
792 3212 894 3290 potest
946 3215 1028 3278 sicut
1046 3210 1210 3295 generatio
1230 3208 1397 3292 dupliciter
1409 3211 1511 3289 potest
1528 3207 1717 3289 significari,

117 3321 219 3396 stare,
241 3317 318 3398 quia
336 3319 414 3379 tunc
428 3314 573 3378 similiter
594 3314 665 3378 haec
684 3319 765 3378 esset
779 3332 891 3379 00110e·
946 3341 1014 3386 uno
1026 3321 1122 3386 modo
1135 3324 1171 3384 ut
1184 3319 1258 3383 dicit
1272 3316 1521 3392 emanationem,
1536 3315 1598 3379 alio
1619 3316 1715 3380 modo

117 3425 248 3488 denda:
268 3448 284 3486 ι
306 3423 400 3489 Pater
421 3429 453 3487 at
472 3422 573 3487 Filius
588 3427 663 3486 sunt
677 3422 754 3485 boni
773 3420 892 3505 Spiritu
945 3432 984 3491 ut
1000 3428 1076 3492 dicit
1100 3428 1233 3492 modum
1253 3424 1423 3488 emanandi
1441 3422 1644 3505 superaddita
1661 3440 1719 3486 ex-

117 3536 252 3610 ecante,
278 3549 353 3595 cum
381 3528 514 3612 Spiritui
539 3533 646 3592 sancto
671 3530 892 3612 approprietur
946 3535 1125 3617 pressione3
1140 3536 1172 3598 ei
1184 3532 1288 3615 primo
1303 3530 1397 3594 modo
1411 3548 1468 3612 per
1486 3529 1548 3593 hoc
1563 3530 1717 3607 verbum,

117 3640 264 3717 bonitas;
280 3657 353 3721 quae
364 3643 472 3701 tamen
483 3627 573 3700 nullo
585 3636 681 3700 modo
696 3636 890 3701 conceditur.
945 3658 1108 3725 generare,
1135 3640 1274 3705 secundo
1296 3637 1390 3702 modo
1410 3654 1466 3719 per
1487 3634 1548 3699 hoc
1566 3636 1717 3713 verbum,

118 3745 225 3827 Igitur
242 3746 345 3827 prima
365 3744 473 3826 opinio
493 3762 558 3807 non
581 3747 683 3827 potest
700 3753 803 3823 stare,
818 3763 892 3827 (111ae
945 3749 1064 3826 dicere,
1077 3749 1292 3830 significatum
1307 3745 1352 3808 sic
1365 3748 1396 3807 et
1409 3742 1539 3827 spiratio
1552 3742 1719 3825 dupliciter

116 3856 305 3939 simpliciter
321 3856 400 3921 tales
410 3855 586 3920 locutiones
598 3860 708 3937 negat,
723 3876 799 3921 cum
810 3857 892 3921 mul·
946 3862 1048 3941 potest
1062 3855 1236 3939 significari
1250 3873 1258 3917 τ
1271 3853 1375 3938 primo
1384 3851 1490 3927 modo,
1503 3868 1560 3933 per
1573 3849 1635 3914 hoc
1647 3867 1720 3914 ver·

116 3959 398 4046 tiplexauctoritas
409 3982 463 4027 eas
475 3964 568 4028 dicat.
581 3962 734 4027 Similiter
742 3983 891 4047 sequens,
946 3966 1043 4040 bum,
1058 3963 1144 4047 quod
1160 3967 1207 4026 est
1220 3963 1346 4044 spirare
1354 3983 1367 4032 ;
1380 3957 1519 4022 secundo
1541 3957 1648 4034 modo,
1662 3974 1719 4039 per

116 4089 195 4153 quae
222 4088 275 4134 eas
302 4070 486 4152 simpliciter
513 4070 670 4149 concedit,
699 4088 765 4134 non
791 4077 894 4154 potest
946 4073 1009 4136 hoc
1030 4072 1180 4149 verbum,
1199 4055 1291 4152 ‚quod
1314 4071 1361 4131 est
1383 4065 1531 4148 diligere.
1556 4062 1718 4140 Quemad-

116 4184 216 4256 stare,
233 4195 308 4240 cnm
321 4176 487 4259 multiplex
500 4177 581 4241 ratio
598 4177 800 4241 contradicat.
816 4179 892 4243 Res-
948 4182 1081 4246 modum
1092 4181 1179 4245 euim
1189 4178 1293 4244 cicae
1302 4178 1452 4258 importat
1465 4173 1716 4256 generationem,

118 4289 168 4349 tat
180 4285 284 4366 igitur
292 4285 412 4367 eligere
420 4284 604 4366 opinionem
615 4285 764 4364 mediam,
776 4286 894 4352 scilicet
946 4297 977 4356 et
985 4291 1119 4355 ulterius
1128 4287 1301 4373 quamdam
1312 4267 1639 4367 expressionemcirca
1650 4300 1719 4365 per·

116 4391 208 4472 quod
226 4409 293 4455 uuo
313 4391 409 4456 modo
428 4391 468 4455 sit
487 4410 581 4470 vera,
602 4391 664 4456 alio
686 4392 781 4457 modo
802 4393 890 4462 falsa.
946 4416 1070 4478 sonam,
1084 4398 1172 4461 sicet
1185 4395 1329 4478 diligere.
1345 4391 1434 4456 Unde
1448 4391 1530 4454 sicut
1542 4389 1647 4455 (licere
1661 4389 1719 4452 im-

118 4498 204 4562 Nam
218 4500 290 4579 hoc,
304 4500 390 4583 quod
399 4498 597 4583 cantilinae,
613 4504 716 4582 potest
728 4504 829 4566 teneri
840 4522 893 4566 es-
945 4508 1050 4587 portat
1061 4505 1169 4566 actum
1181 4497 1367 4582 generandi,
1383 4502 1414 4560 et
1428 4494 1562 4571 dicendi,
1577 4494 1647 4559 sive
1660 4513 1719 4557 ex-

116 4608 305 4687 sentialiter,
320 4607 372 4672 vel
385 4607 596 4671 notionaliter.
612 4606 796 4672 Secundum
807 4610 893 4691 quod
946 4610 1117 4695 primendi,
1126 4612 1159 4673 et
1166 4607 1288 4672 ratione
1297 4613 1386 4669 actus
1394 4602 1529 4680 dicendi,
1538 4601 1604 4666 sive
1614 4602 1719 4683 expri-

118 4719 249 4778 tenetur
258 4713 474 4792 essentialiter,
485 4714 530 4777 sic
541 4713 616 4777 dicit
624 4714 798 4778 voluntatis
808 4734 893 4780 com·
946 4719 1066 4798 mendi,
1081 4716 1219 4783 dicitur:
1237 4738 1253 4775 c
1267 4711 1358 4777 Pater
1370 4730 1404 4775 se
1416 4708 1637 4787 dictitabat
1657 4708 1719 4772 hoc

118 4821 330 4903 placentiam,
345 4838 419 4904 quae
440 4820 620 4885 communis
638 4825 685 4884 est
700 4822 812 4886 tribus.
840 4822 913 4904 Se·,
946 4831 1005 4906 est,
1017 4824 1168 4900 dicende,
1182 4823 1250 4886 sive
1263 4818 1471 4903 exprimendo
1490 4819 1623 4899 generat
1634 4813 1717 4878 Ver-

117 4929 267 4993 cundum
282 4929 368 5012 quod
386 4934 512 4993 tenetur
526 4928 745 5008 notionaliter,
759 4930 803 4993 sic
819 4930 893 4995 dicit
950 4934 1029 4997 hum
1043 4982 1051 5012 ,
1066 4932 1117 4996 vel
1138 4927 1321 5013 generando
1333 4925 1497 5001 Verbum,
1518 4940 1553 4987 se
1566 4922 1719 5004 exprimit

117 5035 295 5100 voluntatis
321 5037 557 5101 foecunditatem
584 5037 623 5099 ad
656 5037 893 5119 producendam
945 5039 1071 5118 lierb03
1091 5040 1136 5102 sic
1148 5038 1181 5101 in
1193 5034 1369 5120 proposit0,
1389 5033 1520 5115 diligere
1535 5033 1642 5093 actum
1655 5029 1718 5091 im-

118 5162 294 5225 personam
317 5163 358 5208 ex
380 5162 434 5223 se,
460 5161 534 5226 quae
552 5143 683 5225 quidem
707 5143 894 5210 ioecunditas
946 5151 1053 5229 portat
1064 5143 1283 5220 connectendi,
1297 5142 1365 5205 sive
1379 5137 1645 5212 concordandi,et
1658 5135 1719 5218 spi·

119 5252 228 5315 solnm
242 5260 289 5316 est
310 5253 345 5315 in
362 5253 501 5330 duobus,
521 5252 670 5333 quamvis
688 5251 836 5316 voluntas
851 5255 894 5319 sit
947 5255 1060 5334 randi,
1075 5258 1108 5319 et
1121 5253 1243 5317 ratione
1256 5254 1346 5314 actus
1359 5245 1565 5313 connectendi
1577 5243 1692 5309 dicitur
1707 5267 1715 5306 ε

157 5414 164 5446 ¹
177 5413 229 5463 lib.
242 5414 262 5463 li
275 5414 391 5470 Reti-act,
407 5427 429 5461 c.
440 5423 512 5461 xxvi.
528 5415 620 5462 Scotns
632 5412 790 5475 respondens
801 5413 834 5463 ad
843 5413 893 5476 pri·
946 5429 1009 5480 pure
1024 5414 1204 5476 emendentur,
1226 5426 1311 5476 neque
1329 5408 1493 5460 rationaliter
1510 5410 1620 5458 tenetur.
1643 5403 1718 5465 Quod

117 5499 195 5536 mum
208 5485 361 5550 principale,
374 5499 401 5549 q.
412 5496 437 5549 1,
450 5484 508 5535 dist.
519 5495 594 5535 xxru
602 5521 610 5547 ,
625 5483 709 5548 inquit
723 5485 793 5548 qnod
809 5499 892 5550 neque
948 5489 1024 5539 ctiam
1039 5488 1121 5552 tangit
1134 5489 1161 5538 S.
1172 5488 1352 5538 Bonavcntura
1365 5481 1523 5546 respondeus
1536 5477 1676 5543 adpenult.
