4100 6300
447 528 543 596 nist.
565 529 644 597 xlx.
666 529 783 597 Plus.
807 529 831 597 Ι.
853 529 944 595 ART.
966 529 991 594 l.
1014 527 1164 608 Quasi.
1188 530 1238 596 lv.
1570 533 1626 594 331

56 660 134 742 talis,
149 661 319 726 seeundum
338 663 424 746 quod
437 663 512 730 dicit
523 663 678 748 Hilarius,
694 671 726 731 et
739 664 808 730 lla·
860 666 922 729 hoe
934 664 1019 748 quod
1034 668 1081 730 est
1095 682 1162 730 esse
1174 665 1209 729 in
1222 664 1331 743 Paua
1345 662 1516 729 dicendum
1528 662 1627 746 quod,

56 771 147 853 gister
158 769 275 834 inducit
286 769 320 833 in
331 770 445 835 littera.
860 771 943 836 sicut
956 773 1056 836 sancti
1070 773 1230 848 innuunt,
1245 770 1327 835 sicut
1340 769 1462 853 aequale
1475 769 1550 833 dicit
1561 786 1629 833 res-

39 857 44 886 '
91 875 258 942 aldium
268 893 345 958 ergo
355 878 439 959 quod
451 878 609 962 objicitur,
621 880 705 964 quod
716 880 808 946 Pater
861 882 990 960 pectam
1006 879 1184 944 secundnm
1199 878 1354 942 unitatem
1375 871 1577 959 quantitatis,
1597 879 1629 939 et

54 990 96 1048 est
107 982 237 1060 inFilio,
252 986 283 1047 et
294 982 392 1048 Filius
404 985 440 1049 in
451 984 554 1067 Patre,
570 1004 647 1068 ergo
660 986 807 1052 Paterest
861 984 963 1050 simile
982 985 1160 1050 secundnm
1173 983 1330 1049 unitatem
1341 983 1521 1066 qualitatis,
1542 981 1629 1045 simi·

53 1092 85 1155 in
108 1110 154 1171 se3
178 1090 287 1156 dieunt
309 1091 441 1174 quidam
465 1093 550 1175 quod
576 1098 806 1176 argumentum
860 1092 931 1156 liter
947 1093 1008 1157 hoc
1023 1092 1109 1176 quod
1128 1096 1175 1155 est
1194 1109 1262 1155 esse
1284 1091 1319 1154 in
1337 1088 1429 1153 Patre
1453 1087 1628 1153 secundum

51 1197 295 1280 uonvalet,quia
308 1201 451 1262 mutatur
460 1199 612 1266 habitudo
626 1203 708 1284 ejus,
721 1202 806 1285 qnod
860 1199 1016 1263 unitatem
1040 1198 1236 1262 substantiae.
1264 1195 1372 1274 Unde,
1398 1196 1480 1259 sicut
1505 1193 1628 1277 aequale

51 1310 93 1370 est
109 1308 161 1384 trt;
178 1306 253 1388 quia
264 1306 300 1369 in
314 1325 380 1371 uno
393 1307 468 1371 dicit
477 1307 700 1373 habitudinem
717 1310 806 1391 prin·
860 1305 956 1369 simul
970 1305 1121 1386 importat
1137 1302 1348 1367 substantiam
1368 1319 1443 1366 cum
1459 1299 1627 1376 relatione,

50 1413 148 1497 cipiali
158 1412 195 1478 ad
209 1413 419 1497 principium,
434 1416 469 1479 in
485 1415 545 1480 alia
557 1420 665 1481 antem
678 1417 805 1481 habitu·
859 1412 941 1475 sicut
954 1411 1074 1495 patebit
1082 1411 1174 1482 inira,
1189 1410 1273 1473 itaet
1283 1408 1344 1473 hoo
1351 1408 1437 1490 quod
1447 1411 1566 1474 estesse
1577 1409 1627 1473 in.

50 1521 149 1585 dinem
173 1520 321 1604 principii
348 1522 388 1586 ad
419 1523 656 1606 principiatum.
686 1523 806 1588 Tamen
860 1517 898 1583 Et
911 1519 993 1584 sicut
1002 1519 1081 1596 hoc,
1096 1517 1181 1601 quod
1192 1520 1239 1581 ast
1251 1514 1386 1598 oeqteatt's
1403 1516 1506 1592 Patri,
1522 1519 1628 1578 arcta-

50 1627 121 1692 illud
134 1646 198 1691 non
209 1632 333 1711 oportet
345 1629 459 1708 dicere,
476 1629 562 1712 quia,
577 1630 734 1713 sicutJ‘am
749 1649 806 1713 pa·
859 1630 913 1689 tur
926 1627 966 1690 ad
982 1625 1131 1690 standum
1153 1643 1211 1708 pro
1229 1623 1299 1687 eliis
1315 1623 1479 1705 personis,
1494 1621 1538 1685 ita
1551 1622 1630 1687 etin

49 1735 134 1814 tebit,
156 1735 193 1800 tn
212 1753 277 1799 non
300 1734 374 1800 dicit
397 1735 556 1802 diversam
573 1737 804 1801 habitudinem.
859 1733 1021 1816 proposito
1040 1732 1295 1814 intelligendum.

50 1840 107 1904 Neo
120 1845 221 1906 lamen
234 1843 394 1925 sequitur,
412 1844 513 1907 immo
529 1848 576 1908 est
588 1843 731 1907 accidens
742 1843 803 1924 ibi,
899 1842 929 1902 5.
954 1839 1002 1903 Ad
1022 1839 1101 1903 illud
1124 1839 1211 1922 quod
1232 1837 1404 1921 quantur,
1424 1841 1536 1902 utrum
1564 1837 1629 1900 im-

49 1949 179 2031 eoquod
198 1952 235 2015 in
251 1954 341 2015 notat
359 1951 612 2028 distinctionem,
634 1953 714 2016 sicut
727 1952 806 2015 acci·
859 1949 1005 2030 portetur
1028 1947 1139 2011 eadem
1162 1945 1336 2026 habitudo,
1363 1944 1533 2009 dicendum
1560 1944 1629 2008 sina

49 2055 119 2119 dans
135 2062 179 2120 est
195 2056 248 2121 hio
265 2075 273 2121 :
299 2056 439 2123 «Petrus
455 2063 502 2124 est
519 2059 631 2122 similis
645 2057 760 2139 Paulo,
774 2063 807 2123 et
859 2052 1045 2137 praejudicio
1057 2053 1143 2134 qnod
1156 2053 1211 2132 sic,
1227 2055 1384 2135 quantum
1395 2055 1443 2115 est
1453 2052 1492 2117 de
1507 2051 1630 2116 ratione

50 2161 264 2243 PaulusPetro,
276 2182 356 2245 ergo
365 2163 477 2231 Petrus
485 2169 532 2230 est
541 2165 655 2229 similis
665 2164 756 2230 Petro
767 2188 801 2230 :o
858 2158 998 2224 nominis
1008 2164 1032 2223 ¹.
1054 2158 1142 2224 Sicut
1155 2161 1242 2224 enim
1259 2177 1334 2224 cnm
1351 2159 1488 2224 dieitur:
1508 2158 1631 2224 nl‘ater

47 2268 85 2332 ita
98 2273 127 2333 et
139 2269 172 2333 in
184 2271 345 2354 proposito
358 2271 612 2353 intelligendum,
859 2267 1037 2329 estsimilis
1055 2265 1150 2344 Filio,
1170 2290 1186 2327 a
1207 2271 1239 2331 et
1257 2285 1276 2330 e
1294 2283 1462 2342 converso,
1483 2284 1548 2330 non
1567 2267 1630 2329 im·

82 2380 110 2440 2.
132 2377 179 2441 Ad
199 2376 277 2442 illud
301 2378 386 2460 quod
410 2379 560 2461 objicitur
578 2401 585 2443 :
606 2404 621 2440 u
644 2378 806 2463 Simplicia
858 2378 1004 2459 portetur
1017 2375 1079 2440 alia
1093 2379 1124 2439 et
1134 2374 1197 2439 alia
1210 2375 1379 2453 habitnd03
1391 2374 1434 2439 ita
1443 2393 1501 2439 neo
1510 2376 1544 2440 in
1553 2375 1625 2456 hoo,

48 2482 135 2546 simul
150 2483 316 2549 existentia
333 2486 573 2550 contunduntur
593 2487 628 2550 in
648 2507 800 2568 unum3o
859 2483 946 2566 quod
958 2487 1005 2546 est
1024 2499 1087 2549 esse
1107 2484 1164 2562 tn,
1180 2483 1256 2565 quia
1274 2483 1423 2566 importat
1442 2483 1628 2547 relationem

47 2590 204 2655 dicendum
229 2594 317 2676 quod
341 2593 420 2658 illud
445 2612 561 2659 verum
582 2598 648 2672 est,
676 2595 804 2678 quando
857 2591 1049 2671 identitatis,
1073 2591 1141 2655 sive
1168 2589 1508 2655 consubstantialitatis.
1538 2588 1627 2655 Unde

46 2697 190 2780 simplicia
216 2699 337 2764 habent
361 2699 517 2782 distingui
543 2719 640 2786 penes
666 2702 743 2766 illud
769 2703 804 2766 in
858 2698 941 2763 sieut
953 2699 980 2761 si
993 2699 1139 2764 dicatur:
1157 2722 1172 2760 a
1187 2696 1279 2763 Pater
1299 2702 1346 2763 est
1361 2697 1472 2762 similis
1485 2696 1586 2775 Filio,
1608 2718 1624 2756 a

46 2823 103 2887 quo
121 2811 209 2886 sunt,
224 2806 308 2870 sicut
330 2809 468 2890 punctus
481 2810 513 2871 et
533 2809 640 2873 unitas
658 2810 699 2874 ab
716 2828 754 2874 eo
769 2811 803 2875 in
857 2811 889 2871 et
900 2826 918 2871 e
931 2825 1097 2887 converso,
1112 2825 1178 2871 non
1190 2806 1305 2871 dicitur
1319 2805 1381 2869 alia
1391 2803 1563 2882 habitudo;
1579 2803 1625 2867 sie

46 2913 237 2994 quoesused
249 2913 380 2996 quando
394 2913 505 2997 seipsis
516 2914 761 2996 distinguuntur
772 2922 804 2981 et
857 2914 893 2977 in
913 2914 1091 2997 proposito,
1106 2915 1182 2997 quia
1196 2911 1354 2996 signifieat
1372 2912 1452 2992 hoc,
1472 2912 1559 2996 quod
1578 2913 1626 2974 est

46 3019 76 3082 in
97 3020 201 3105 seipsis
224 3020 534 3097 substantificantur,
558 3025 635 3085 tunc
656 3023 804 3104 quamvis
856 3024 970 3089 esseio
984 3022 1098 3101 Putre,
1111 3020 1195 3085 idem
1210 3019 1297 3103 quod
1308 3022 1355 3085 est
1372 3035 1436 3086 esse
1449 3019 1540 3085 Petri
1552 3033 1625 3085 eon·

45 3125 101 3189 sint
112 3126 223 3206 simul,
238 3146 305 3193 non
320 3127 574 3210 contunduntur,
594 3131 626 3193 et
639 3129 716 3193 tales
728 3133 804 3195 sunt
855 3127 1106 3196 substantialem.
1122 3126 1161 3193 Et
1173 3127 1374 3193 uniformiter
1384 3126 1538 3209 accipitur
1549 3143 1623 3190 eon·

44 3231 215 3315 hypostases
232 3236 365 3300 divinaess
376 3233 415 3299 Et
428 3235 528 3319 hujus
539 3236 641 3301 simile
652 3236 803 3318 quamvis
855 3236 1087 3312 substantialis,
1100 3254 1175 3300 eum
1190 3235 1305 3302 dieitur
1316 3235 1355 3300 de
1368 3234 1459 3299 Patre
1469 3237 1502 3299 et
1513 3232 1595 3298 Filio
1613 3256 1621 3299 :

44 3341 167 3421 periecte
190 3360 256 3407 non
279 3342 379 3425 possit
406 3342 442 3406 in
468 3346 614 3406 creatura
642 3343 800 3423 inveniri,
857 3345 886 3405 et
900 3340 1073 3423 hoopatet,
1088 3341 1202 3424 qniasi
1216 3360 1282 3405 non
1296 3342 1412 3406 diceret
1426 3340 1623 3405 consimilem

43 3450 142 3510 tumen
161 3447 332 3532 Dionysius
350 3450 360 3485 ¹
381 3449 471 3532 ponit
493 3449 678 3532 exemplum
694 3450 728 3514 in
748 3449 802 3514 lu·
855 3448 1088 3527 habitudinem,
1099 3466 1164 3512 non
1175 3452 1256 3512 esset
1264 3447 1532 3524 circumincessio,
1542 3446 1624 3511 sicut

44 3554 186 3637 minibus,
212 3575 286 3640 quae
314 3558 416 3622 multe
437 3561 514 3621 sunt
535 3556 570 3620 in
595 3558 706 3622 eodem
729 3576 801 3624 aare
854 3573 915 3619 nec
930 3559 977 3620 est
989 3555 1118 3637 qnando
1131 3555 1246 3619 dicitur
1259 3557 1483 3619 creaturaasse
1496 3554 1530 3617 in
1543 3553 1618 3634 Deo,

44 3659 195 3727 inconfusa
207 3682 215 3727 z
226 3663 509 3746 ethujussignum
517 3668 574 3744 est,
588 3664 664 3747 quia
674 3666 801 3748 quando
855 3667 887 3727 et
900 3662 983 3727 Deus
993 3681 1061 3727 esse
1075 3664 1277 3740 increatum,
1297 3663 1373 3746 quia
1386 3663 1448 3727 alia
1469 3663 1624 3746 importa-

43 3764 189 3834 lumiuare
202 3770 359 3848 aufertur,
369 3770 467 3835 trahit
479 3770 590 3835 lumen
601 3789 711 3850 suum,
720 3772 801 3837 nihil
854 3774 908 3834 tur
920 3770 1075 3834 habitudo
1089 3771 1124 3834 in
1139 3774 1286 3854 utroque.

43 3874 77 3938 de
88 3875 153 3940 aliis
165 3877 349 3942 convellens
363 3900 371 3942 :
385 3882 418 3943 et
431 3877 512 3942 ratio
525 3878 627 3961 hujus
639 3883 701 3956 est,
722 3881 801 3962 quia
894 3881 924 3941 6.
940 3876 990 3941 Ad
1007 3876 1086 3941 illud
1099 3877 1185 3960 quod
1202 3878 1358 3961 quaeritur
1377 3878 1416 3943 de
1436 3877 1517 3958 hoc,
1533 3879 1622 3961 quod

43 3979 155 4045 lumina
166 3982 200 4047 in
219 4000 293 4048 aere
305 4001 372 4048 non
390 3983 634 4066 distinguuntur
653 4003 751 4068 penes
767 3986 801 4051 id
850 3967 902 4049 'est
914 3984 1013 4066 apud,
1028 3988 1101 4065 etc,
1112 3985 1281 4050 dicendum
1290 3985 1531 4068 quodquaedam
1542 4003 1624 4069 prae·

44 4086 155 4171 inquo.
854 4091 1023 4175 positiones
1043 4093 1082 4176 (a)
1101 4092 1274 4175 important
1285 4091 1505 4157 habitudinem
1519 4111 1621 4176 repu-

78 4200 104 4260 3.
118 4197 165 4262 ld
183 4197 263 4262 illud
276 4197 362 4280 quod
380 4198 543 4282 objicitur,
559 4200 645 4281 qnod
665 4200 800 4265 essentia
854 4199 1007 4281 guantiae,
1022 4204 1197 4274 utcontra,
1220 4200 1368 4283 quaedam
1387 4200 1567 4280 distantiae,
1584 4203 1623 4264 ut

42 4318 98 4365 non
120 4309 165 4367 est
176 4305 209 4369 in
227 4305 365 4370 essentia
383 4304 444 4369 nisi
461 4324 518 4388 per
536 4306 702 4389 illapsum,
717 4312 796 4387 eto.;
853 4305 914 4369 hoc
934 4305 1019 4387 quod
1033 4310 1079 4369 est
1093 4305 1138 4371 od
1151 4310 1183 4370 et
1195 4322 1310 4389 prope:
1328 4306 1477 4390 quadam
1495 4325 1622 4387 causas,

42 4408 198 4476 dicendum
211 4413 298 4496 qnod
313 4430 381 4477 non
393 4416 440 4477 est
452 4413 572 4491 simile,
589 4414 668 4496 quia
680 4414 738 4478 ubi
753 4421 800 4480 est
853 4416 891 4477 ut
901 4412 941 4478 de
954 4416 985 4476 et
998 4427 1058 4482 ee:
1073 4414 1221 4495 quadam
1233 4414 1474 4495 convenientia,
1487 4416 1523 4479 ut
1535 4416 1573 4481 tit
1587 4417 1619 4479 et

41 4518 237 4584 essentiamm
252 4520 436 4600 diversitas,
450 4521 479 4584 si
496 4539 562 4585 una
575 4520 669 4585 estin
681 4521 796 4602 altera,
853 4536 936 4586 mm.
958 4519 1075 4585 Primae
1097 4524 1129 4584 et
1149 4521 1296 4586 secundae
1315 4521 1405 4586 nullo
1424 4521 1519 4586 modo
1539 4522 1619 4587 reoi-

41 4628 153 4703 oportet
165 4626 250 4709 quod
263 4645 331 4692 una
344 4627 384 4690 sit
395 4627 503 4710 aliquo
517 4626 612 4693 modo
628 4628 799 4693 materialis
853 4626 997 4711 piuntur,
1010 4627 1065 4691 sed
1078 4627 1177 4691 tertiae
1191 4631 1223 4692 et
1231 4633 1354 4710 quartae
1366 4629 1411 4693 sic
1424 4651 1433 4693 ι
1447 4614 1548 4693 tertiae
1559 4628 1618 4708 sic,

41 4729 137 4810 alteri3
151 4734 367 4817 sedquoniam
378 4752 523 4818 personae
533 4734 695 4810 differunt,
711 4736 799 4799 salva
853 4734 938 4816 quod
949 4752 1016 4799 non
1025 4734 1202 4798 conversim
1212 4753 1220 4814 ;
1232 4736 1419 4819 sedquartae
1427 4737 1617 4816 conversim,

41 4839 174 4904 eausa
186 4840 319 4921 unitate,
333 4861 400 4906 una
413 4845 460 4906 est
473 4842 507 4905 in
517 4841 591 4921 alia,
603 4842 679 4925 qnia
691 4861 798 4907 essen·
852 4842 929 4924 quia
942 4842 1165 4906 convenientia
1175 4845 1223 4906 est
1235 4843 1346 4908 relatio
1365 4843 1617 4927 aequiparantiae.

41 4942 80 5007 tia
97 4947 190 5012 unius
211 4952 259 5013 eat
281 4949 417 5014 essentia
436 4949 589 5013 alterius:
610 4951 641 5013 et
657 4948 702 5012 ita
716 4948 799 5013 sicut
893 4955 931 5013 7:
943 4949 993 5014 Ad
1010 4948 1163 5014 ultimum
1183 4950 1371 5015 solvendum
1391 4950 1478 5034 quod
1495 4950 1554 5015 iste
1574 4954 1622 5016 est

41 5051 116 5117 idem
128 5073 191 5120 non
202 5057 342 5123 illabitur
353 5057 425 5138 sibi,
443 5058 487 5121 ita
496 5057 603 5122 nullus
617 5061 798 5140 potestesse
852 5054 1025 5137 singularis
1038 5055 1153 5120 modus
1169 5057 1292 5122 essenffi
1310 5060 1349 5124 tn
1362 5058 1417 5141 qui
1430 5076 1496 5124 non
1515 5059 1621 5123 conti·

41 5158 78 5223 ibi
91 5162 227 5247 illapsus.
852 5172 947 5231 netur
959 5167 1042 5231 inter
1054 5167 1136 5248 illos,
1153 5187 1213 5233 neo
1228 5171 1330 5252 potest
1341 5169 1475 5253 reperiri
1492 5169 1621 5253 proprie

76 5270 104 5332 l.
119 5269 164 5335 Ac
177 5270 257 5338 illud
269 5273 353 5357 quod
367 5272 535 5357 quaeritur,
551 5273 628 5358 quid
641 5274 798 5357 siguificat
851 5272 886 5337 in
899 5272 1064 5351 creaturis.

70 5428 159 5483 ¹Dion.
173 5436 308 5500 treopap,
327 5434 358 5485 de
370 5436 429 5487 Diu.
443 5436 529 5487 Nom..
547 5449 604 5501 cap.
618 5446 648 5499 rr,
661 5449 688 5501 p.
702 5440 713 5489 t
730 5436 796 5489 cuca

42 5499 104 5553 med·
113 5530 144 5545 -
155 5505 165 5541 ¹
178 5507 438 5560 seleucenum
451 5521 509 5560 cnm
524 5509 551 5561 S.
564 5508 661 5560 Bonas.
884 5506 916 5573 (a)
932 5506 994 5559 cut.
1004 5505 1065 5559 adit.
1084 5504 1284 5572 propositiones.
