4100 6300
823 480 873 545 DE
894 479 1068 546 SCRIPTlS
1089 477 1458 545 &nortmanniam

1097 779 1183 870 sn.

520 982 559 1049 In
573 1002 711 1050 examen
728 970 888 1049 vocantur
903 1001 943 1047 ea
959 1000 1035 1070 quae
1052 977 1095 1046 ad
1113 985 1198 1046 reete
1212 975 1454 1069 componendos
1472 996 1579 1044 mores
1599 968 1756 1067 spectant.

386 1207 411 1271 1.
428 1209 591 1287 Deouana
599 1204 887 1286 spirituaiioooisa
898 1209 1153 1284 septemooooaia
1163 1201 1330 1283 capitatia.
1343 1200 1407 1266 Ino.
1420 1201 1484 1267 Eio
1492 1217 1590 1279 oona,
1600 1202 1717 1267 milites
1729 1199 1869 1277 Christi,
1879 1203 1931 1263 eto.

385 1314 425 1378 ΙΙ.
444 1314 574 1380 Coiioiio
588 1314 627 1378 de
640 1319 819 1393 contemptu
834 1312 943 1377 ueniti.
959 1310 1024 1375 Ino.
1044 1312 1166 1392 Septem
1178 1315 1255 1375 suot
1267 1312 1304 1374 io
1317 1309 1448 1383 muodo,
1464 1314 1524 1372 eto.

384 1420 439 1485 ill.
455 1422 621 1486 Exercitio
634 1419 783 1501 quoium
795 1419 996 1503 spiritualia.
1013 1416 1078 1481 lna.
1101 1419 1139 1483 iit
1152 1418 1190 1482 io
1204 1417 1378 1482 uirtutibus
1391 1416 1602 1494 conseruatis,
1615 1420 1675 1480 eto.

384 1523 437 1589 IV.
452 1522 703 1591 Fasciooiaoius,
717 1524 829 1603 inquo
843 1521 882 1586 oio
897 1524 1065 1587 exereitiis
1079 1524 1304 1603 spiritualibus
1321 1526 1443 1607 auitos.
1459 1522 1524 1587 ino.
1543 1524 1628 1589 Scire
1641 1522 1745 1602 dobeo,
1765 1527 1826 1585 ete.

384 1631 422 1697 V.
444 1631 573 1714 Vioiuti
585 1633 725 1713 quiaque
738 1629 967 1695 memorabilia.
983 1629 1048 1694 luo.
1065 1631 1104 1696 in
1118 1630 1240 1729 Citristo
1253 1648 1311 1698 sao
1323 1633 1449 1709 diiecto,
1462 1637 1521 1695 eto.
1537 1635 1558 1694 ¹.

383 1821 489 1903 Digna
500 1820 640 1903 profecto
653 1820 784 1884 Doetore
800 1824 920 1900 nostro,
937 1838 1039 1903 eaque
1047 1796 1085 1884 ‘in
1100 1820 1287 1903 Catalogum
1298 1822 1441 1905 ejusdem
1455 1792 1637 1897 referenda,
1656 1819 1683 1882 si
1696 1819 1749 1883 vel
1764 1818 1935 1901 antiquitas

343 1935 639 2005 monumentorum,
662 1928 713 1992 vel
727 1928 856 1993 testium
870 1930 1042 1993 auotoritas
1061 1933 1152 1993 extra
1164 1948 1260 1993 omne
1273 1931 1409 1994 dubium
1422 1929 1476 1992 illa
1497 1932 1637 2011 poneret.
1654 1925 1714 1991 Sed
1735 1944 1812 1999 aum
1830 1942 1934 2008 nequo
2023 1936 2024 1949 ¹

343 2056 418 2120 pro,
432 2055 537 2120 neque
550 2041 671 2115 contre,
686 2035 807 2119 aliqmd
821 2036 935 2101 afferre
949 2037 1121 2120 possimus,
1133 2038 1302 2102 maturiori
1312 2036 1435 2121 judicio
1446 2035 1643 2100 discutienda
1653 2034 1880 2116 relinquimus.

1031 2268 1248 2312 OBSERVATIONS.

379 2408 432 2464 Ges
446 2406 603 2481 opuseules
617 2411 669 2464 ont
679 2408 723 2463 ata
735 2406 851 2464 donnis
864 2422 982 2464 somme
994 2406 1101 2463 iuisant
1113 2407 1207 2480 partie
1221 2406 1273 2463 des
1286 2422 1401 2463 oeumes
1413 2405 1451 2463 de
1464 2406 1540 2462 saint
1552 2407 1768 2473 Bonaventure,
1783 2418 1858 2459 aveo
1871 2400 1935 2459 l'su·

343 2505 497 2565 torisation
509 2505 547 2563 de
560 2504 639 2563 deux
650 2506 759 2578 grands
772 2522 881 2581 papes‚
897 2506 975 2565 sixte
988 2508 1010 2562 V
1024 2512 1052 2564 et
1066 2507 1196 2564 Clemeut
1208 2508 1277 2564 Vill.
1294 2504 1316 2564 ll
1329 2521 1366 2563 an
1376 2509 1419 2564 est
1430 2503 1467 2562 de
1478 2506 1574 2562 meme
1590 2504 1643 2561 des
1654 2504 1797 2560 suivants.

385 2738 437 2803 vl.
452 2741 497 2805 Do
512 2742 748 2822 preparatione
763 2739 807 2805 aii
821 2741 965 2807 Missam.
981 2741 1048 2805 ino.
1063 2741 1285 2819 Autonomos,
1300 2746 1360 2804 etc.
1585 2814 1588 2825 ,

384 2847 451 2912 VH.
476 2850 520 2914 De
541 2849 753 2915 instructione
777 2847 958 2916 Sacerdotis
978 2848 1023 2916 od
1038 2849 1261 2917 celebrandam
1281 2850 1426 2915 Missam.
1451 2846 1517 2912 lna.
1539 2846 1592 2914 Aoi
1614 2847 1751 2913 Missam
1776 2843 1935 2911 astebron-

345 2954 432 3036 dam,
448 2960 511 3020 eto.

384 3143 482 3211 Valde
493 3146 527 3208 in
535 3145 623 3210 hisoe
634 3146 801 3230 Opusoulis
813 3146 977 3212 haeremus
989 3169 997 3211 ι
1012 3166 1089 3211 nam
1104 3147 1182 3231 qnid
1196 3152 1306 3213 contra
1315 3147 1472 3213 adducere
1480 3146 1649 3229 possimus,
1663 3144 1698 3208 in
1710 3147 1866 3227 promptu
1876 3158 1934 3204 non

345 3253 512 3318 habemus.
525 3252 649 3318 Horum
662 3261 770 3319 antem
785 3255 927 3338 primum
941 3259 1044 3320 exstat
1057 3257 1091 3318 in
1105 3255 1186 3319 Bibl.
1204 3254 1336 3320 Paulina
1349 3254 1447 3337 Lips,
1463 3253 1601 3338 Reposit.
1616 3250 1727 3317 Theol.
1741 3250 1796 3329 111,
1811 3268 1874 3315 ser,
1889 3246 1934 3326 ii,

345 3361 415 3425 aad.
430 3359 533 3440 XLVI,
548 3380 624 3445 pag.
641 3367 710 3441 136,
726 3369 797 3428 tum
810 3363 940 3443 ibidem,
958 3364 1027 3428 ood.
1039 3362 1079 3443 ΙΙ,
1093 3362 1230 3446 Reposit.
1246 3361 1356 3428 Theoi.
1371 3362 1398 3428 X
1413 3360 1514 3443 seni,
1530 3380 1605 3446 pag.
1621 3361 1691 3425 333.

675 3605 757 3672 illl.
767 3608 811 3672 De
822 3608 978 3689 roaimioe
991 3608 1119 3674 auimo.
1131 3605 1220 3670 Prin.
1232 3608 1377 3672 Primam
1390 3608 1544 3685 omnium,
1557 3610 1617 3671 eto.

391 3821 459 3886 Duo
473 3827 549 3886 sunt
562 3822 798 3905 inpraesentia,
812 3840 887 3904 quae
901 3822 1104 3903 potissimum
1125 3823 1337 3888 examinanda
1352 3822 1513 3886 sumimus
1527 3839 1537 3884 t
1554 3839 1676 3898 unum,
1690 3839 1733 3884 an
1748 3820 1932 3903 opuseulum

349 3929 436 3992 istud
449 3928 639 4011 inscriptum
651 3930 692 3993 sit
704 3913 829 3994 Blincae
844 3928 975 4011 Reginae
989 3929 1234 4013 Hispaniarum
1250 3930 1399 4008 alterum,
1412 3948 1454 3993 an
1467 3929 1632 4010 legitimus
1644 3927 1697 3991 hio
1709 3925 1933 3991 Bonaventurae

348 4021 444 4100 foetus
456 4035 622 4098 habendus
636 4038 688 4100 sit.
714 4036 859 4101 Primum
881 4039 968 4119 quod
983 4043 1119 4120 spectat,
1139 4038 1345 4101 fidentissime
1358 4055 1516 4118 negamus
1533 4034 1730 4118 opusculum
1748 4035 1810 4099 hoa
1830 4036 1871 4100 ad
1885 4032 1933 4097 aii·

350 4162 448 4226 quam
462 4143 669 4207 erudiendam
683 4145 850 4209 mulierem
862 4146 1014 4227 seriptum
1029 4145 1126 4209 inisse
1142 4168 1150 4208 :
1166 4145 1242 4209 illua
1253 4146 1339 4209 euim
1352 4145 1491 4227 respexit
1503 4144 1634 4221 Auctor,
1648 4144 1858 4207 ninimirum
1868 4140 1932 4206 reli-

349 4251 480 4332 giosum
492 4251 612 4326 vnum,
628 4252 786 4315 nescimus
800 4270 908 4334 quem,
924 4252 959 4316 in
972 4253 1174 4335 perfectionis
1186 4253 1241 4315 via
1254 4252 1474 4334 perlustranda
1492 4252 1733 4316 manuduceret.
1749 4249 1845 4315 Hune
1858 4248 1933 4314 enim

349 4357 497 4422 hortatur
513 4358 681 4421 authoras
691 4359 1038 4441 persolvaioanoniaas,
1051 4365 1082 4424 et
1094 4361 1280 4443 quotidiana
1291 4361 1480 4424 eonssteatur
1490 4365 1616 4441 peecata
1629 4363 1661 4422 ei
1673 4358 1827 4440 deploret,
1843 4372 1933 4420 sacra·

349 4470 505 4532 tissimum
519 4486 577 4550 pro
588 4471 732 4548 tempore
741 4465 972 4531 Eucharistiam
984 4472 1101 4545 sumat,
1117 4471 1148 4531 et
1161 4468 1301 4550 quotidie
1315 4467 1444 4530 Missam
1456 4466 1574 4530 audiat.
1588 4489 1604 4526 o
1619 4466 1668 4531 Ad
1680 4465 1829 4548 pietatem
1842 4463 1933 4528 salra-

350 4576 639 4650 tionisanimarum
648 4579 769 4653 monet,
782 4592 871 4637 nune
883 4576 1065 4657 adjuvando
1081 4577 1138 4657 per
1151 4576 1333 4639 orationum
1348 4575 1570 4657 frequentiam,
1582 4570 1639 4656 per
1647 4591 1834 4637 sermonum
1847 4571 1934 4635 iniur-

350 4683 534 4760 mationem,
550 4686 608 4747 eto.

392 4789 537 4853 Alterum
548 4790 736 4854 solvendum
750 4795 905 4869 remanet,
916 4809 996 4853 num
1007 4808 1141 4870 vemm,
1157 4809 1198 4855 an
1212 4791 1328 4857 salsum
1342 4792 1540 4876 Opusaulum
1555 4792 1616 4857 sii:
1632 4793 1667 4855 in
1680 4808 1745 4874 quo
1757 4785 1932 4855 stabiliendo

354 4896 411 4960 din
430 4902 513 4961 oerte
523 4915 590 4961 non
603 4896 861 4972 immorabimur,
877 4917 914 4962 eo
926 4899 1013 4980 quod
1024 4899 1198 4981 indignum
1211 4898 1436 4965 Bonaventura
1452 4919 1517 4965 non
1530 4900 1692 4964 videatur.
1766 4933 1776 4942 -

387 5021 507 5072 ¹[iditum
520 5035 572 5072 una
585 5034 644 5073 oum
658 5022 824 5088 Cantilenam,
839 5023 929 5088 Paria,
945 5027 1015 5090 1510,
1030 5025 1111 5076 initi.
