4100 6300
735 433 925 501 DlSTlNCT.
946 436 1052 502 Xlllll.
1635 451 1693 511 487

37 576 77 665 J·
105 570 164 638 bus
176 589 253 656 ergo
268 567 405 659 equalis
417 575 465 636 cst
477 568 569 637 Patri
582 568 701 656 Filius,
717 579 749 637 et
765 579 812 639 est
823 570 968 662 ejusdem
983 574 1185 643 substantiae.
1205 575 1358 668 AEqualis
1372 586 1420 647 θεῖ
1438 580 1536 648 etiam
1551 580 1694 673 Spiritus

104 693 230 755 sanctus
243 683 333 751 Patri
351 692 384 751 et
395 684 502 771 Filio,
518 692 550 751 et
563 685 598 753 in
612 686 767 755 omnibus
780 688 916 780 aequalis
930 699 1063 782 propter
1076 714 1240 760 summam
1254 694 1495 786 simplicitatem
1510 697 1601 766 illius
1615 699 1693 767 sub-

63 794 71 805 ''
104 799 239 868 stantiae.
257 825 274 864 r
289 800 336 867 Ex
351 799 403 867 his
421 802 629 892 perspicuum
645 803 695 889 fit,
712 806 799 896 quod
816 805 997 874 secundum
1011 808 1229 877 substantiam
1243 809 1348 880 Filius
1362 814 1561 906 estaequalis
1581 814 1687 903 Patri,
1753 904 1756 911 Ι

44 994 48 998 ,
104 927 133 985 θῖ
146 917 278 1008 utrique
293 915 435 1008 Spiritus
449 930 599 1002 sanctus,
615 926 647 987 et
660 920 836 1012 appellatio
852 930 980 991 tantum
995 924 1133 993 relativa
1153 932 1211 993 θεῖ.
1237 926 1425 1018 AEqnalitas
1437 951 1515 1019 ergo
1530 929 1637 999 Patris
1659 939 1691 999 et

39 1032 53 1125 J
103 1033 176 1101 Filii
189 1055 256 1101 non
271 1043 319 1103 est
331 1034 458 1118 relati0‚
474 1035 526 1103 vel
541 1036 643 1123 notio,
658 1035 714 1104 sed
730 1039 893 1106 naturalis
907 1040 1029 1126 unitas,
1045 1049 1076 1108 et
1090 1040 1254 1110 identitas.

54 1236 57 1244 Ι
144 1149 213 1216 Ηοθ
230 1149 317 1217 idem
336 1151 433 1219 etiam
456 1152 595 1220 dicimus
618 1153 658 1221 de
681 1153 781 1222 simili
803 1165 835 1222 et
854 1155 1082 1224 similitudine.
1109 1157 1193 1226 Cum
1211 1159 1299 1227 enim
1319 1160 1439 1229 dicitur
1450 1161 1556 1231 Filius
1574 1163 1690 1233 similis
1710 1179 1802 1234 flicauo

102 1265 202 1351 Patri,
219 1267 354 1335 relative
367 1266 500 1358 quidem
515 1269 646 1354 dicitur,
665 1271 720 1338 sed
734 1271 851 1338 similis
865 1281 912 1339 est
928 1272 1018 1340 Patri
1047 1283 1180 1365 propter
1192 1276 1353 1343 unitatem
1366 1277 1524 1347 essentiae.
1541 1278 1599 1346 Est
1611 1303 1689 1369 ergo
1716 1243 1799 1349 aldid

37 1454 39 1461 s
101 1383 272 1474 appellatio
289 1392 418 1451 tantum
435 1384 594 1469 relativa,
610 1386 793 1454 similitudo
813 1411 892 1456 vero
917 1388 1109 1457 indifferens
1129 1391 1279 1459 essentia.
1295 1392 1391 1461 Unde
1405 1393 1603 1484 quibusdam
1621 1418 1689 1465 uon
1709 1368 1798 1483 iiiiii

37 1554 49 1592 4
100 1497 227 1566 indocte
240 1499 371 1568 videtur
384 1502 517 1569 nomine
531 1502 739 1592 equalitatis,
758 1505 810 1571 vel
824 1505 1052 1573 similitudinis
1065 1528 1133 1574 non
1147 1507 1274 1599 aliquid
1290 1509 1380 1600 poni,
1391 1506 1452 1578 'sed
1466 1511 1639 1597 removeri,
1652 1506 1690 1581 ut
1707 1492 1802 1598 'iffi'

100 1637 136 1683 ea
148 1615 275 1684 ratione
287 1617 415 1686 dicatur
426 1619 532 1686 Filius
544 1620 681 1711 aequalis
694 1620 797 1706 Patri,
813 1621 891 1713 quia
905 1643 964 1690 nee
979 1621 1084 1713 major
1098 1632 1146 1690 est
1160 1645 1210 1708 eo,
1227 1644 1286 1692 nec
1302 1624 1420 1708 minor,
1438 1634 1470 1695 et
1482 1625 1544 1695 hoc
1557 1637 1689 1720 propter

37 1776 48 1819 4
98 1732 258 1799 unitatem
281 1734 439 1802 essentia.
460 1736 509 1801 lta
531 1743 563 1803 et
581 1736 698 1804 similis
720 1736 853 1822 dicitur,
869 1737 950 1828 quia
964 1761 1023 1805 nec
1037 1738 1209 1825 diversus,
1225 1763 1285 1807 uec
1297 1741 1438 1827 alienus,
1454 1745 1560 1812 necin
1575 1745 1687 1836 aliquo

98 1848 283 1918 dissimilis:
301 1859 332 1917 et
346 1850 418 1937 hoo,
434 1861 567 1943 propter
579 1853 726 1921 essentiae
747 1854 1000 1945 simplicitatem.
1021 1855 1096 1924 Nou
1118 1878 1195 1945 ergo
1217 1856 1398 1925 secundum
1419 1860 1507 1949 quod
1521 1860 1626 1928 Filius
1640 1870 1688 1929 est

97 1965 229 2054 genitus
241 1990 261 2034 a
275 1966 390 2052 Patre,
405 1970 542 2061 aequalis
556 1972 608 2039 vel
623 1971 796 2065 inaequalis
809 1978 857 2039 est
871 1971 974 2057 Patri,
989 1995 1049 2040 nec
1063 1972 1196 2058 similis,
1213 1973 1267 2041 vel
1282 1972 1463 2062 dissimilia,
1478 1977 1534 2044 sed
1551 1977 1687 2069 aequalis

98 2090 129 2151 ct
137 2083 255 2150 similis
268 2086 449 2154 secuudum
462 2088 690 2155 substantiam.

140 2199 216 2267 Non
224 2207 273 2269 est
283 2201 386 2289 igitur
398 2202 451 2270 hic
464 2204 791 2295 praetermittendum,
808 2206 896 2297 quod
913 2205 1108 2274 virillustris
1120 2206 1268 2274 Hilarius
1282 2216 1291 2250 ¹
1306 2208 1519 2298 proprietates
1533 2232 1686 2301 persona·
1736 2219 1767 2263 ¹³⁰

96 2338 172 2384 rum
187 2317 368 2407 assignans,
384 2319 462 2387 dicit
475 2322 509 2388 in
524 2322 620 2390 Patre
634 2345 701 2389 esse
723 2324 958 2407 eternitatem,
974 2322 1113 2413 speciem
1134 2324 1168 2390 iu
1189 2323 1356 2413 imagine,
1373 2325 1520 2394 usumin
1536 2350 1682 2399 munere.
1699 2286 1804 2386 ”divid

96 2433 179 2513 Quae
195 2442 292 2504 tantae
312 2434 516 2506 difficultatis
529 2448 606 2507 sunt
621 2440 738 2524 verba,
754 2447 793 2507 ut
806 2440 842 2507 iu
856 2462 971 2507 eorum
984 2438 1218 2528 intelligentia,
1233 2448 1331 2531 atque
1345 2441 1574 2532 explanatione
1588 2444 1686 2513 vehe-
1706 2406 1797 2526 'iiiii'

40 2590 42 2593 ·
95 2560 225 2620 menter
237 2553 434 2624 laboraverit
447 2558 666 2646 Augustinus
683 2565 721 2626 ut
734 2559 802 2649 ipse
815 2558 955 2625 ostendit
969 2557 1003 2624 in
1018 2566 1109 2625 sexto
1118 2557 1204 2625 libro
1217 2556 1257 2625 de
1273 2557 1477 2640 Trinitate',
1494 2558 1540 2627 ita
1553 2559 1682 2629 dicens:
1699 2536 1805 2650 iiiiii?

98 2693 116 2732 c
130 2669 273 2749 Quidam
287 2695 364 2740 cum
379 2673 477 2741 vellet
487 2674 675 2743 brevissime
689 2675 897 2763 singularum
910 2674 946 2743 in
957 2673 1118 2742 Trinitate
1128 2696 1341 2765 personarum
1354 2674 1522 2743 insinuare
1530 2676 1663 2767 propria
1675 2702 1683 2745 ε
1709 2673 1797 2781 ,Q

98 2786 304 2856 cAEteruitas
316 2790 500 2882 est‚iuquit,
512 2792 548 2859 in
559 2792 668 2877 Patre,
684 2792 846 2882 speciesin
854 2792 1009 2881 imagine,
1019 2814 1098 2860 usus
1109 2791 1145 2859 in
1156 2813 1327 2860 munere.»
1339 2790 1378 2858 Et
1388 2791 1469 2882 quia
1481 2814 1549 2859 non
1563 2792 1687 2862 medio·
1699 2788 1805 2831 ΜΝ·

93 2904 157 2971 cris
179 2906 382 2974 auctoritatis
400 2907 436 2974 in
457 2907 647 2976 tractatione
669 2908 933 3000 Scripturarum,
949 2916 981 2975 et
1004 2908 1180 2976 assertione
1199 2906 1277 2975 fidei
1301 2907 1353 2973 vir
1375 2907 1583 2999 extititlhaec
1596 2909 1684 2977 enim

92 3020 244 3090 Hilarius
254 3026 265 3061 ⁸
277 3022 312 3089 in
326 3022 419 3092 libris
432 3024 500 3092 suis
510 3026 646 3115 posuit),
662 3024 782 3092 horum
796 3025 985 3110 verborum,
1001 3024 1109 3111 idest,
1124 3024 1237 3115 patris,
1253 3031 1286 3091 et
1297 3023 1463 3112 imaginis,
1479 3031 1511 3091 et
1525 3025 1683 3111 muueris,

93 3139 299 3227 aeternitatis,
312 3140 442 3232 speciei,
458 3151 489 3210 et
503 3165 595 3228 usus,
607 3140 752 3210 abditam
767 3150 930 3210 scrutatus
943 3141 1208 3231 intelligentiam,
1225 3147 1387 3233 quantum
1400 3139 1507 3225 valeo,
1525 3163 1593 3208 non
1608 3164 1684 3209 eum

91 3266 242 3340 secutum
258 3258 447 3326 arbitraria
461 3260 659 3327 (eternitatis
671 3259 844 3345 vocabulo,
860 3258 924 3327 nisi
937 3259 1027 3351 quod
1039 3258 1137 3326 Pater
1152 3281 1220 3326 uon
1234 3257 1332 3324 babet
1345 3265 1468 3348 patrem
1482 3257 1522 3324 de
1535 3281 1602 3350 quo
1616 3258 1657 3325 sit
1674 3284 1682 3325 z

91 3373 203 3441 Filias
218 3384 329 3443 autem
349 3376 390 3444 de
403 3376 500 3445 Patre
518 3386 566 3444 est
583 3386 621 3444 ut
642 3377 702 3462 sit,
719 3386 817 3468 atque
839 3385 877 3444 ut
900 3376 950 3444 illi
973 3383 1154 3444 coaternus
1172 3373 1224 3440 sit.
1250 3372 1363 3461 Imago
1377 3372 1485 3459 euim,
1502 3373 1530 3440 si
1544 3374 1684 3463 perfecte

91 3490 211 3584 implet
223 3491 320 3578 illud,
336 3492 430 3584 cujus
443 3493 552 3582 imago
565 3501 625 3580 est,
641 3493 711 3584 ipsa
724 3502 914 3585 coequatur
927 3493 968 3578 ei,
980 3514 1047 3559 non
1060 3490 1144 3559 illud
1160 3490 1297 3578 imagini
1306 3511 1374 3557 suae
1387 3513 1395 3555 τ
1412 3489 1449 3556 in
1461 3513 1527 3581 qua
1540 3490 1685 3579 imagine

90 3610 243 3702 Specieu
260 3610 455 3697 nominavit,
471 3610 579 3696 credo,
595 3618 727 3702 propter
742 3609 1035 3703 pulchritudinem,
1051 3607 1110 3675 nbi
1126 3614 1215 3674 tanta
1234 3614 1282 3674 est
1294 3607 1520 3695 congruentia,
1534 3616 1566 3674 et
1579 3607 1686 3697 prima

90 3727 286 3819 aequalitaS‚
303 3736 335 3795 et
351 3727 460 3820 prima
473 3727 655 3795 similitudo
669 3727 764 3794 nulla
776 3726 812 3793 iu
826 3749 861 3793 re
875 3724 1054 3810 dissidens,
1070 3732 1102 3791 et
1116 3725 1210 3793 nullo
1226 3723 1323 3791 modo
1336 3723 1529 3813 inaequalis,
1545 3731 1577 3790 et
1591 3723 1686 3791 nulla

90 3866 134 3912 ex
156 3852 247 3936 parte
260 3845 450 3931 dissimilis,
466 3844 522 3913 sed
541 3844 582 3912 ad
601 3843 805 3911 identitatem
825 3842 1023 3934 respondens
1038 3841 1069 3911 ei
1087 3841 1181 3935 eujus
1195 3840 1304 3929 imago
1318 3845 1386 3924 est,
1401 3839 1459 3907 ubi
1473 3847 1521 3906 θεῖ
1534 3838 1640 3929 prima
1654 3849 1686 3907 et

89 3984 226 4029 summa
242 3962 329 4045 vita,
345 3962 399 4028 cui
413 3984 479 4030 uon
494 3960 585 4029 aliud
600 3960 731 4045 vivere,
746 3967 778 4026 et
790 3959 882 4027 aliud
896 3981 975 4046 esse,
991 3957 1149 4026 sedidem
1163 3965 1194 4025 et
1212 3957 1338 4047 primus
1357 3978 1394 4022 ac
1414 3978 1567 4024 summus
1588 3956 1686 4023 intel·

88 4078 208 4162 lectus,
225 4079 279 4146 cui
294 4101 359 4145 non
374 4085 422 4145 est
435 4077 524 4145 aliud
540 4078 669 4162 vivere,
685 4086 717 4144 et
729 4075 821 4144 aliud
833 4075 1035 4165 intelligere,
1052 4074 1108 4143 sed
1125 4074 1212 4142 idem
1227 4073 1288 4141 hoc
1302 4095 1409 4158 anum
1433 4081 1590 4163 tanquam
1612 4095 1687 4140 ver·
1743 4103 1753 4114 ¹

89 4194 176 4263 bum
197 4194 396 4286 perlectum,
412 4194 466 4261 cui
490 4215 557 4261 uon
575 4192 657 4260 desit
678 4192 819 4283 aliquid,
845 4201 877 4260 et
897 4215 950 4261 ars
967 4192 1121 4282 quaedam
1142 4189 1375 4282 omnipotentis
1401 4198 1432 4256 et
1442 4189 1596 4280 sapientis
1610 4189 1682 4274 Dei,

89 4311 193 4402 plena
205 4311 354 4379 omnium
371 4311 537 4379 rationum
552 4310 735 4377 viventium
748 4308 1091 4391 incommutabilium,
1107 4320 1138 4375 et
1151 4329 1264 4375 omues
1277 4328 1383 4374 unum
1397 4305 1432 4372 in
1448 4327 1498 4390 ea,
1514 4305 1598 4372 sicut
1613 4305 1684 4395 ipsa

89 4449 202 4495 unum
215 4426 255 4494 de
270 4450 350 4512 uno,
361 4449 435 4495 cum
448 4450 515 4518 quo
529 4450 646 4495 unum.
663 4426 712 4492 Ibi
724 4427 815 4493 novit
830 4425 942 4492 omnia
954 4424 1041 4492 Deus
1054 4423 1215 4515 quaefecit
1229 4444 1287 4512 per
1303 4422 1450 4513 ipsam...

144 4543 231 4610 «Est
244 4551 353 4611 autern
374 4543 551 4611 ineffabilis
571 4542 706 4634 quidam
727 4542 917 4632 complexus
938 4540 1046 4607 Patris
1068 4548 1100 4606 et
1118 4538 1289 4628 imaginis,
1305 4537 1363 4629 qui
1386 4560 1453 4604 uon
1467 4537 1597 4605 estsine
1611 4560 1684 4620 per·
1716 4585 1755 4627 H„
1765 4587 1792 4629 ἀ,

88 4661 263 4747 fruitione,
277 4661 345 4729 sine
358 4660 527 4744 charitate,
543 4659 612 4726 sine
626 4659 759 4747 guadio.
777 4657 837 4724 llla
852 4679 930 4745 ergo
941 4656 1083 4741 dileetio,
1100 4664 1132 4722 et
1145 4653 1332 4738 delectatio,
1348 4653 1497 4739 felicitas,
1512 4654 1564 4721 vel
1580 4653 1682 4721 beati·
1711 4649 1793 4753 {ffl‘l

88 4776 176 4845 tudo
193 4777 237 4867 (si
249 4785 360 4845 tamen
373 4776 485 4867 aliqua
498 4775 644 4843 humana
657 4797 735 4842 voce
747 4774 846 4863 digne
859 4773 995 4863 dicitur)
1017 4774 1097 4838 Usus
1111 4772 1153 4839 ab
1169 4770 1227 4838 illo
1242 4769 1404 4861 appellata
1418 4777 1465 4837 est
1478 4769 1633 4854 breviter,
1651 4777 1684 4837 et
1721 4715 1795 4826 ‘tuitii'

1731 4850 1782 4882 tlssllss

88 4901 142 4962 est
163 4894 199 4961 in
220 4893 380 4961 Trinitate
398 4891 540 4983 Spiritus
557 4900 687 4960 sauctus
707 4914 775 4960 non
796 4889 947 4980 genitus,
962 4887 1018 4956 sed
1032 4887 1189 4977 genitoris
1203 4886 1371 4977 genitique
1384 4886 1538 4973 stravitas,
1555 4887 1686 4976 ingenti
1710 4901 1801 4946 dicutur·

127 5107 236 5169 ¹Hilar.,
249 5105 280 5155 de
290 5106 369 5165 nea,
383 5104 429 5154 lib.
441 5104 478 5168 ll,
490 5118 518 5153 n.
532 5108 543 5153 l
552 5139 561 5167 ,
575 5104 602 5152 in
616 5104 676 5153 fine.
689 5129 720 5141 -
736 5105 748 5138 ¹
765 5105 842 5169 Aug,
856 5103 886 5153 de
898 5104 977 5163 Tria,
990 5102 1035 5152 lib.
1056 5103 1105 5165 Vt,
1118 5115 1142 5151 c.
1155 5112 1184 5164 x,
1198 5115 1226 5150 n.
1237 5105 1276 5151 lt.
1287 5098 1298 5134 ⁸
1311 5100 1410 5165 littam,
1424 5098 1454 5149 de
1468 5100 1576 5160 matt,
1591 5100 1637 5151 tib.
1650 5102 1671 5151 ll

86 5201 119 5235 n.
138 5189 161 5248 t,
174 5185 202 5233 in
214 5184 278 5247 fine;
294 5182 376 5232 omnis
390 5182 420 5231 de
433 5180 548 5245 Synodis,
564 5195 667 5244 propos.
679 5192 686 5230 1
697 5195 723 5230 n.
743 5183 771 5231 13
788 5195 794 5229 :
811 5197 825 5227 «
835 5182 922 5245 Imago
933 5180 1001 5244 ejus,
1016 5179 1135 5243 adquam
1150 5177 1350 5241 coimaginetur,
1363 5175 1462 5240 species
1474 5174 1622 5225 indifferens
1637 5180 1685 5227 est.

87 5258 182 5319 Neque
197 5255 265 5304 enim
280 5254 334 5317 ipse
352 5253 401 5303 sibi
415 5252 550 5317 quisquam
573 5252 659 5316 imago
675 5257 734 5301 est:
750 5252 794 5301 scd
819 5265 893 5314 eum,
920 5251 991 5312 cnjus
1009 5251 1094 5314 imago
1119 5253 1174 5312 cst,
1193 5262 1300 5300 necesse
1319 5252 1358 5298 cst
1374 5252 1402 5297 ut
1412 5247 1497 5312 imago
1521 5246 1685 5298 demonstret.

88 5329 183 5388 lanugo
196 5326 281 5388 itaque
295 5328 333 5374 est
347 5325 383 5373 rei
395 5325 426 5374 ad
440 5338 496 5374 rem
511 5324 677 5387 coequanda
692 5322 831 5387 imaginata
842 5328 867 5372 et
884 5322 1023 5371 indiscreta
1042 5319 1188 5372 similitudo.
1207 5322 1252 5370 Est
1264 5334 1325 5384 crgo
1335 5320 1419 5382 Pater,
1431 5322 1470 5368 θεῖ
1482 5322 1508 5369 θῖ
1518 5318 1610 5381 Filius,
1625 5317 1685 5381 quia

87 5399 181 5462 imago
192 5396 274 5446 Patris
286 5400 325 5445 θεῖ
338 5395 415 5445 Filius
427 5411 433 5444 :
446 5400 472 5446 et
483 5396 543 5458 quia
552 5396 705 5456 magnast,
723 5398 751 5443 ut
764 5394 802 5442 rei
816 5394 902 5456 imago
916 5393 949 5444 sit
956 5430 964 5456 ,
983 5392 1095 5458 speciem
1109 5406 1216 5446 necesse
1227 5395 1282 5459 est,
1306 5396 1332 5442 et
1344 5395 1479 5455 naturam,
1491 5389 1666 5454 etssessenuam
1673 5425 1681 5454 ,

88 5468 237 5520 secundum
251 5467 320 5531 quod
332 5465 418 5530 inungo
428 5468 485 5532 ests,
497 5467 525 5517 iu
538 5480 565 5516 se
577 5466 671 5516 habeat
682 5464 801 5516 auctoris.
