4100 6300
277 738 354 782 sandi.

384 407 443 466 tce
949 407 1259 476 SENTENTIARUM
1274 412 1349 478 ΜΒ.
1372 413 1399 478 l.

315 544 530 606 nei-sanctum
549 538 746 630 principium
762 540 804 608 sit
821 541 937 629 Peter,
952 544 1032 635 quis
1052 544 1176 614 dictum
1189 556 1258 615 est:
1274 550 1323 617 De
1333 552 1439 618 Patre
1449 549 1618 641 procedit,
1638 573 1707 620 non
1720 557 1923 645 parvam

278 625 370 730 spbusmu
383 663 441 722 est.
456 654 593 736 Quodsi
606 655 651 724 ita
663 663 722 742 est,
738 680 804 726 non
815 657 884 748 jam
898 659 1095 751 principium
1110 662 1181 754 ejus
1194 671 1322 732 tantum
1337 666 1402 734 erit
1419 667 1468 733 rei
1480 690 1582 759 quam
1594 667 1719 756 gignit,
1734 669 1786 735 vel
1802 669 1874 744 laem
1866 672 1925 739 ed

382 777 414 838 et
429 771 501 860 ejus
513 796 613 863 quam
626 773 692 858 dat,
708 781 740 841 et
752 798 827 867 quae
840 776 983 869 procedit
991 775 1142 868 abipso..
1150 777 1210 846 ‚Si
1221 802 1299 871 ergo
1312 781 1403 873 quod
1415 782 1527 868 datur,
1542 783 1595 852 vel
1605 784 1697 875 quod
1712 783 1897 874 prooedits
1864 808 1926 874 mn

382 885 504 977 cipium
517 888 716 980 hebetaque
729 890 826 960 detur
839 891 891 959 vel
906 893 1062 984 procedit,
1078 894 1247 969 fatendum
1262 905 1309 965 est
1322 897 1453 966 Patrem
1464 908 1497 967 et
1508 899 1637 967 Filium
1651 922 1763 968 unum
1776 900 1927 990 pricipiu

382 1024 449 1072 esse
462 1003 604 1095 Spiritus
617 1007 735 1093 sancti,
751 1031 820 1076 uon
837 1009 903 1077 duo
919 1009 1091 1100 principia.
1113 1010 1176 1080 Sed
1195 1010 1279 1080 sieut
1297 1013 1395 1082 Pater
1414 1024 1446 1083 et
1458 1014 1565 1083 Filius
1579 1015 1621 1083 nd
1637 1022 1822 1083 creaturam
1833 1015 1927 1082 ruiis

380 1141 468 1190 unus
481 1121 612 1191 Creator
629 1131 661 1191 et
680 1146 767 1192 unus
785 1123 947 1192 Dominus
965 1124 1106 1209 dicitur,
1127 1127 1173 1194 sie
1194 1128 1329 1197 relative
1346 1130 1388 1198 ad
1408 1129 1571 1220 Spiritum
1588 1140 1743 1199 sanctum
1759 1153 1856 1199 unum
1870 1131 1928 1220 pia

380 1237 514 1329 cipium.
530 1239 583 1307 Ad
596 1248 778 1309 creaturam
791 1264 869 1311 vero
888 1242 986 1310 Peter
1006 1249 1039 1311 et
1054 1242 1159 1312 Filius
1173 1252 1205 1311 et
1223 1244 1365 1335 Spiritus
1382 1255 1514 1314 sanctus
1533 1269 1644 1315 unum
1661 1245 1855 1338 principium
1868 1259 1929 1328 mn,

380 1354 463 1423 sicut
477 1378 564 1431 unus
576 1356 709 1425 Creator
725 1367 757 1425 et
771 1380 859 1426 unus
871 1358 1040 1426 Dominus.
1062 1384 1080 1424 s
1097 1359 1178 1427 Ecce
1190 1358 1291 1428 habes
1311 1360 1400 1451 quod
1413 1361 1512 1430 Pater
1531 1363 1738 1454 principium
1755 1362 1826 1430 Filii
1836 1361 1929 1444 diitn,

380 1471 459 1561 quia
471 1473 586 1561 genuit
599 1496 687 1542 eum.
702 1473 775 1555 Qua
787 1497 864 1564 ergo
878 1475 1010 1543 notione
1024 1483 1073 1543 est
1086 1475 1194 1561 Pater,
1210 1499 1249 1546 ea
1261 1476 1461 1569 principium
1474 1477 1552 1546 Filii
1564 1477 1702 1562 dicitur,
1717 1477 1753 1547 id
1765 1485 1822 1561 est,
1834 1499 1931 1565 genna

380 1587 480 1674 tione,
495 1590 675 1658 secundum
689 1614 789 1683 quam
802 1593 899 1660 etiam
913 1592 1036 1661 dicitur
1047 1600 1160 1661 auctor
1172 1592 1261 1661 Filii.
1276 1593 1371 1662 Unde
1383 1593 1549 1662 Hilarins¹
1563 1595 1601 1661 in
1615 1602 1739 1685 quarto
1751 1594 1833 1662 libro
1842 1591 1932 1660 deiri

379 1707 486 1773 nitate
498 1706 544 1775 ita
556 1707 603 1775 ait
618 1733 626 1774 :
644 1708 755 1799 «lpse,
771 1732 837 1800 quo
850 1709 948 1778 Peter
960 1709 1092 1795 dieitur,
1112 1709 1183 1799 ejus
1201 1709 1441 1801 quemgenuit,
1455 1716 1569 1778 auctor
1587 1709 1789 1795 ostenditur,
1804 1709 1932 1776 idum

379 1820 514 1909 habens
530 1822 619 1912 quod
632 1846 740 1916 neque
754 1847 794 1892 ex
808 1826 872 1894 alio
886 1825 1068 1916 proiectum
1084 1825 1301 1914 intelligetur,
1320 1834 1352 1893 et
1365 1848 1407 1894 ex
1419 1848 1486 1917 quo
1499 1826 1540 1910 is,
1555 1825 1618 1916 qui
1631 1827 1769 1914 genitus
1780 1833 1836 1908 est,
1848 1826 1933 1892 suist

378 1938 454 2006 tisse
468 1939 632 2008 doceatur.
654 1940 753 2011 Novit
764 1940 906 2009 Ecclesia
920 1964 1027 2009 uuum
1039 1941 1265 2010 innascibilem
1277 1941 1384 2010 Deum
1394 1968 1404 2028 ;
1420 1942 1513 2010 novit
1525 1941 1752 2030 Unigenitum
1764 1940 1822 2009 bei
1832 1940 1930 2009 inus

378 2052 560 2125 Confitetur
572 2056 703 2125 Patrem
717 2058 758 2125 ab
772 2058 898 2147 origine
916 2057 1079 2145 liberum,
1096 2057 1269 2127 confitetur
1282 2067 1314 2126 et
1326 2056 1403 2126 Filii
1412 2057 1573 2146 originem
1588 2057 1633 2126 ab
1652 2057 1767 2142 initio;
1785 2080 1847 2124 non
1858 2058 1934 2146 ipsu

377 2170 418 2237 ab
434 2171 540 2256 initio,
555 2172 612 2241 sed
630 2174 672 2241 ab
694 2173 850 2241 initiabili
860 2200 869 2262 3
895 2196 962 2242 non
981 2196 1039 2264 per
1056 2174 1221 2264 seipsum,
1236 2173 1293 2242 scd
1312 2173 1428 2260 abeo,
1450 2175 1508 2265 qui
1526 2197 1548 2242 a
1560 2173 1703 2242 nemine
1725 2183 1789 2259 est,
1802 2173 1935 2240 natanti

377 2295 511 2374 aterno,
522 2289 726 2359 nativitatem
736 2290 856 2359 scilicet
865 2271 906 2361 eri
915 2298 1051 2383 paterna
1060 2290 1239 2359 eternitate
1248 2300 1444 2359 sumentem.
1456 2289 1580 2357 »Edita
1591 2288 1933 2379 esthicfideiproievin
2010 2297 2011 2302 ’

377 2403 432 2471 sed
446 2406 654 2496 professionis
667 2408 751 2477 ratio
765 2407 914 2478 nondum
929 2407 1077 2499 exposita
1090 2416 1153 2492 est;
1170 2413 1202 2475 et
1214 2406 1287 2475 ideo
1301 2404 1497 2498 quaerenda,
1512 2404 1638 2473 scilicet
1651 2428 1726 2496 qno
1740 2404 1834 2473 modo
1847 2402 1935 2470 intelle

376 2521 520 2608 gendum
534 2523 576 2589 sit
590 2523 678 2615 quod
692 2524 752 2608 ait,
767 2524 845 2592 Filii
863 2524 1025 2613 originem
1040 2546 1107 2591 esse
1125 2523 1166 2591 ab
1184 2521 1295 2607 initio,
1313 2532 1344 2590 et
1357 2545 1426 2590 non
1439 2524 1548 2613 ipsum
1571 2544 1642 2589 esse
1668 2521 1713 2590 ab
1733 2518 1934 2604 initio,sedd

325 2711 332 2726 ,
376 2636 542 2706 initiabili.
558 2638 627 2707 Hoc
647 2639 762 2731 utique
776 2639 919 2708 subdens
937 2639 1183 2723 determinavit,
1199 2662 1267 2729 quo
1281 2638 1376 2706 modo
1394 2638 1555 2729 acceperit
1569 2637 1726 2724 initium,
1741 2637 1935 2730 inquiensori

376 2753 487 2841 ginem
499 2754 578 2821 Filii
592 2779 658 2823 esse
672 2755 714 2823 ab
730 2755 846 2843 initio,
860 2779 896 2824 ec
916 2757 944 2824 si
956 2757 1078 2826 diceret
1095 2781 1103 2824 ε
1117 2755 1192 2824 Non
1209 2755 1257 2823 ite
1270 2755 1435 2845 intelligas
1447 2755 1611 2844 originem
1626 2754 1709 2823 Filii
1723 2777 1792 2823 esse
1805 2754 1844 2822 ab
1857 2751 1936 2834 iube,

376 2870 472 2958 quasi
484 2870 552 2962 ipse
565 2870 671 2940 Filius
683 2871 801 2939 habeat
809 2871 956 2959 initium,
970 2873 1026 2941 sed
1040 2873 1119 2965 quie
1131 2873 1201 2964 ipse
1216 2880 1264 2940 est
1276 2872 1317 2940 ab
1330 2871 1500 2958 initiabili,
1512 2871 1547 2940 id
1559 2878 1622 2957 est,
1638 2894 1658 2939 a
1672 2871 1776 2939 Patre
1787 2876 1938 2962 aquomst

376 2987 498 3055 omnia.
516 2987 600 3056 Nam
615 2988 689 3057 licet
709 2988 814 3057 Filius
831 2989 873 3060 sit
886 2987 1084 3082 principium
1097 2988 1138 3057 de
1151 2987 1330 3081 principio,
1345 3010 1414 3060 non
1426 2997 1600 3056 esttamen
1619 2987 1863 3056 concedendum
1873 2981 1936 3075 qnod

375 3102 481 3174 Filius
494 3105 611 3175 hebeat
630 3105 840 3198 principium.
860 3105 1011 3197 Cumque
1030 3103 1136 3174 Filius
1155 3103 1198 3173 sit
1215 3103 1414 3196 principium
1432 3104 1474 3173 de
1494 3103 1679 3196 principio,
1696 3112 1731 3172 et
1742 3098 1939 3193 Peterptiui·

376 3221 469 3310 pium
482 3222 602 3291 nonde
616 3222 788 3313 principio,
804 3244 872 3290 non
886 3229 933 3291 est
947 3221 1146 3313 principium
1159 3219 1201 3289 de
1212 3219 1372 3312 principio
1385 3219 1587 3312 principium
1606 3219 1680 3289 sine
1694 3220 1866 3311 principio,
1879 3216 1938 3284 md

375 3335 483 3406 Filius
495 3359 563 3407 non
583 3347 630 3406 est
642 3337 756 3425 Pater3
772 3360 880 3429 neque
898 3347 1007 3409 tamen
1025 3338 1092 3406 duo
1112 3336 1292 3429 principie,
1309 3335 1365 3405 sed
1386 3358 1513 3422 unum,
1528 3336 1613 3404 sicut
1625 3336 1728 3405 Pater
1740 3345 1775 3405 et
1786 3335 1939 3404 Filium

376 3451 443 3521 duo
456 3453 635 3541 Creatores,
650 3453 706 3522 sed
720 3477 807 3522 unus
819 3452 963 3523 Creator.

274 3581 309 3673 ⁰2¹
327 3580 363 3673 ζ
420 3570 533 3640 Unum
547 3578 656 3639 eutem
670 3571 869 3663 principium
882 3580 959 3640 sunt
972 3571 1071 3640 Pater
1082 3578 1113 3640 et
1121 3570 1240 3656 Filius,
1255 3591 1322 3638 non
1336 3575 1462 3637 tentum
1476 3576 1720 3653 creaturarum,
1734 3576 1774 3637 ut
1785 3568 1938 3638 dictand

290 3692 345 3797 „il”
376 3711 487 3779 supra,
497 3687 559 3759 sed
572 3686 671 3756 etiam
686 3686 829 3778 Spiritus
846 3689 959 3756 sancti.
979 3688 1056 3757 ldeo
1073 3686 1179 3780 quatri
1192 3686 1290 3771 solet,
1307 3692 1421 3753 utrum
1434 3683 1548 3753 eadem
1561 3684 1698 3752 notione
1710 3684 1810 3753 Pater
1824 3684 1863 3751 sit
1872 3681 1937 3773 prin

278 3830 344 3889 nup
375 3804 497 3897 cipium
512 3804 654 3896 Spiritus
667 3806 780 3889 sancti,
796 3813 828 3872 et
840 3804 958 3889 Filius,
975 3827 1018 3873 an
1037 3804 1079 3872 sit
1091 3803 1157 3873 alia
1171 3803 1262 3871 notio
1276 3824 1343 3892 qua
1355 3800 1453 3869 Pater
1465 3800 1595 3869 dicetur
1607 3800 1811 3891 principium
1824 3797 1938 3890 Spiritu

283 3892 352 4015 'iili
376 3922 490 4007 sancti,
506 3930 538 3989 et
547 3921 611 3989 alia
620 3919 809 4013 quaFilius.
821 3921 873 3989 Ad
883 3920 972 4013 quod
984 3920 1136 4005 dicimus,
1152 3941 1227 3987 cum
1240 3915 1685 4021 Paterdicaturprineipium
1694 3912 1935 4007 Spiritussnntt',

269 4017 362 4119 sappus
376 4045 409 4105 et
421 4037 544 4123 Filius,
560 4038 639 4129 quia
653 4036 795 4127 Spiritus
812 4045 942 4106 sanctus
960 4037 1104 4129 procedit
1122 4036 1175 4106 vel
1194 4036 1291 4104 datur
1305 4034 1347 4103 ab
1373 4042 1526 4125 utroque.
1544 4054 1614 4101 non
1631 4032 1729 4101 aliter
1748 4031 1883 4124 procedit
1897 4028 1935 4095 vel

254 4199 313 4231 m..
328 4202 363 4232 ,m
376 4152 474 4221 datur
500 4176 520 4221 a
538 4153 634 4221 Patre
652 4175 752 4244 quam
770 4176 789 4222 a
810 4152 921 4237 Filio,
937 4175 1013 4221 sane
1032 4151 1174 4240 intelligi
1192 4159 1296 4243 potest
1311 4151 1442 4219 Patrem
1461 4158 1494 4216 et
1511 4148 1638 4217 Filium
1653 4149 1767 4217 eodem
1785 4147 1932 4226 mamm.

254 4264 282 4295 ¹¹⁰
293 4253 349 4308 ⁸⁰³⁶·
376 4270 429 4339 vel
443 4271 593 4356 notione,
608 4269 806 4361 principium
820 4268 884 4337 dici
897 4269 1039 4363 Spiritus
1058 4269 1170 4337 sancti.
1187 4267 1223 4337 Si
1243 4289 1321 4338 vero
1342 4265 1503 4359 quaeritur
1521 4287 1598 4356 quae
1618 4265 1663 4334 sit
1673 4264 1734 4332 illa
1745 4265 1845 4349 notio,
1857 4283 1932 4355 qun

374 4385 422 4455 ibi
438 4393 529 4455 notat
543 4384 753 4476 principium,
764 4408 884 4455 nomen
898 4385 969 4475 ejus
982 4409 1049 4455 non
1059 4385 1220 4455 habemus
1236 4391 1259 4472 ²,
1275 4384 1331 4453 sed
1343 4406 1411 4453 non
1425 4390 1473 4452 est
1487 4383 1560 4474 ipsa
1571 4382 1752 4473 paternitas
1762 4381 1816 4450 vel
1830 4378 1930 4449 filialis

373 4502 476 4571 immo
489 4502 578 4571 notio
592 4500 744 4591 quaedam
758 4501 864 4568 Petris
876 4509 924 4569 est
936 4510 968 4569 et
980 4500 1075 4589 Filii,
1091 4525 1158 4592 qua
1170 4502 1212 4570 ab
1225 4508 1348 4570 aeterno
1361 4498 1460 4567 Peter
1477 4506 1509 4567 et
1522 4497 1631 4567 Filius
1645 4521 1753 4568 unum
1764 4496 1930 4590 principiul

374 4628 421 4689 est
435 4619 577 4711 Spiritus
589 4618 703 4688 sancti.
719 4618 864 4687 Donator
878 4624 988 4686 autem
1001 4620 1051 4705 [ut
1065 4617 1259 4709 predictum
1267 4619 1327 4705 est]
1338 4615 1461 4685 dicitur
1468 4614 1632 4686 Patervel
1641 4614 1928 4705 Fffiusateupoa

373 4737 458 4806 sicut
468 4736 610 4829 Spiritus
620 4744 751 4805 sanctus
759 4735 874 4805 datum
883 4734 937 4804 vel
948 4734 1122 4805 donatum.

406 4935 414 4968 ¹
426 4934 515 4996 iliter,
527 4932 557 4981 de
572 4933 651 4992 Trio,
664 4932 708 4981 lib.
722 4933 769 4997 tv,
784 4946 837 4982 non
851 4932 927 4995 longe
939 4947 955 4981 e
966 4932 1075 4996 princip.
1086 4958 1117 4967 —
1134 4931 1292 4983 ’Decretum
1304 4933 1344 4980 est
1358 4929 1385 4979 in
1400 4928 1519 4980 Concilio
1536 4931 1707 4995 Lugdunensi
1721 4934 1792 4995 11‚c.
1801 4943 1836 4991 u,
1845 4925 1927 4979 elide

374 5009 415 5055 tur
427 5005 454 5054 in
465 5006 498 5056 vi
512 5005 542 5054 de
550 5018 647 5054 sommo
662 5004 793 5066 Trinitate,
805 5004 874 5067 quod
883 5003 981 5053 dicetur
992 5003 1110 5066 spiratio.
