4100 6300
749 457 937 529 orsnrcr.
959 457 1025 555 111.
1619 468 1678 534 ηε

92 607 236 673 tionibus
244 599 858 688 creaturae,etllei;quoniamrelationes
1227 641 1296 688 mm·
1318 642 1362 690 vl·

91 715 126 780 in
140 716 295 781 creaturis
301 734 369 781 non
377 715 455 780 dant
461 711 601 779 rdativis
610 709 761 787 existm
771 705 858 771 unde

92 823 163 888 sine
175 823 238 888 illis
250 827 352 907 potest
363 841 415 889 res
432 840 516 902 esse,
531 825 650 885 etcum
664 816 736 881 illis.
753 815 790 879 ln
806 814 859 880 di-

91 931 177 996 vinis
188 935 308 1013 sutem,
323 932 400 997 dant
412 928 555 1015 personis
567 926 719 1004 existere3
734 927 766 989 et
775 923 857 1002 ides,
954 923 1068 989 Contra
1080 947 1088 990 :
1099 925 1332 1008 quispotentiae
1340 926 1454 993 divisio
1463 928 1621 993 sufficiens
1633 932 1680 994 est

91 1039 174 1103 siin
199 1039 343 1122 personis
363 1037 561 1119 intelligatur
580 1032 666 1117 quod
686 1030 861 1116 proprietas
913 1048 971 1113 per
982 1032 1120 1097 activam
1132 1035 1165 1097 et
1177 1032 1336 1116 passivam
1350 1056 1357 1099 :
1373 1035 1427 1099 sed
1440 1053 1531 1117 posse
1545 1035 1679 1117 gignere

92 1145 171 1210 insit
184 1145 365 1229 hypostasi,
380 1144 569 1227 intelligitur
586 1159 653 1206 esse
666 1138 857 1224 hypostasis3
913 1137 989 1204 dicit
1002 1140 1177 1222 potentiam
1192 1141 1340 1222 activam,
1355 1161 1446 1226 posse
1460 1143 1553 1225 gigni
1565 1147 1676 1226 poten-

93 1256 127 1318 et
150 1253 312 1333 similiter,
336 1253 363 1316 si
377 1252 568 1333 intelligitur
588 1267 656 1314 non
670 1265 752 1325 esse,
764 1244 860 1310 intel·
914 1245 992 1310 tiam
1006 1248 1164 1330 passivam
1181 1271 1188 1312 :
1206 1266 1285 1331 ergo
1297 1267 1363 1315 non
1375 1254 1477 1333 potest
1488 1250 1550 1315 alia
1564 1256 1679 1334 poten-

92 1361 210 1442 ligitur
223 1360 400 1445 hypostasis
421 1378 488 1424 non
501 1357 675 1424 essedum
691 1373 770 1437 ergo
789 1353 861 1436 Spi-
914 1354 960 1419 tia
968 1354 1156 1436 significari.
1168 1355 1202 1421 Si
1213 1360 1250 1421 tu
1260 1357 1344 1423 dicas
1354 1359 1439 1441 quod
1449 1376 1603 1441 generare
1614 1377 1680 1424 non

95 1470 179 1534 ritus
191 1473 319 1534 sanctus
334 1487 401 1533 non
418 1468 517 1551 possit
528 1465 625 1530 simul
633 1462 747 1547 spirari
759 1465 791 1527 et
801 1478 859 1542 ge-
915 1467 963 1527 est
986 1480 1084 1544 agere
1105 1464 1233 1547 proprie
1251 1464 1274 1546 ¹,
1292 1465 1437 1530 similiter
1453 1485 1512 1531 nec
1534 1466 1682 1548 generari

94 1576 206 1642 nerari
230 1576 337 1660 (111111,
354 1575 502 1660 quamvis
517 1593 584 1640 una
606 1589 742 1657 persona
765 1568 863 1653 possit
915 1569 999 1653 peti3
1012 1570 1162 1652 oincitur
1173 1571 1259 1653 quod
1272 1571 1422 1655 potentiae
1437 1572 1682 1662 distinguuntur

95 1680 224 1744 duohus
233 1680 335 1745 modis
346 1679 646 1764 producere‚tamen
657 1689 863 1756 unapersons
915 1682 1073 1762 peractus
1085 1701 1093 1744 :
1105 1678 1255 1743 sedaliud
1269 1683 1316 1743 est
1328 1679 1480 1761 gignere,
1495 1679 1621 1745 etaliud
1634 1680 1682 1762 gi·

97 1804 166 1852 non
180 1791 283 1871 potest
292 1787 354 1850 nisi
366 1803 432 1851 uno
445 1784 540 1849 modo
550 1781 709 1866 produci),
719 1779 863 1862 sequitur
917 1785 995 1867 gni:
1011 1804 1090 1869 ergo
1111 1786 1174 1851 alia
1193 1789 1241 1851 est
1255 1786 1394 1870 potentia
1407 1788 1524 1871 hujus,
1540 1792 1572 1853 et
1582 1788 1680 1852 illius.

94 1894 136 1960 de
147 1895 342 1974 necesitate,
356 1893 385 1957 si
397 1895 498 1977 potest
509 1890 647 1974 Spiritus
657 1891 785 1952 mustus
797 1903 864 1951 esse
956 1894 1051 1978 Resp.
1065 1894 1237 1960 Dicendum
1249 1894 1334 1978 quod
1347 1895 1407 1960 ista
1415 1894 1573 1960 dhtinctio
1582 1914 1681 1978 quam

98 2003 187 2068 tilius
205 2003 260 2068 vel
280 2001 398 2085 potuit,
419 2002 521 2083 potest
538 2016 604 2062 non
626 2013 693 2061 esse
714 1993 863 2078 spiritus,
917 2002 1009 2084 ponit
1025 2000 1176 2084 Magister
1195 2002 1234 2066 de
1252 2002 1394 2086 potentia
1407 2002 1565 2087 gignendi
1581 2003 1683 2068 active

97 2112 169 2177 sive
186 2129 254 2176 non
274 2109 389 2194 spirari
405 2130 413 2173 ε
428 2112 475 2188 et,
495 2107 523 2171 si
534 2106 638 2189 potuit
653 2121 720 2169 non
738 2101 862 2185 spirari,
917 2111 950 2174 et
962 2108 1097 2192 passive,
1113 2110 1265 2175 fundatur
1278 2129 1375 2195 super
1387 2110 1458 2191 hoc,
1472 2110 1558 2194 quod
1569 2114 1682 2194 poten.

99 2221 206 2303 potuit
215 2216 548 2294 nonessezotiterum,
559 2214 585 2278 si
594 2212 696 2297 potuit
705 2209 863 2294 generari,
917 2216 962 2281 tia
974 2220 1077 2300 potest
1089 2216 1281 2282 considerari
1293 2218 1468 2283 secundum
1482 2218 1515 2283 id
1528 2218 1614 2301 qnod
1624 2221 1683 2297 est,

101 2327 210 2411 potuit
224 2345 308 2407 esse,
325 2328 357 2390 et
374 2324 419 2389 ita
435 2323 539 2407 potuit
557 2322 637 2386 ficri·
649 2320 688 2385 de
707 2323 779 2384 ente
799 2335 866 2382 11011
919 2327 952 2390 et
963 2324 1008 2389 sic
1019 2323 1095 2389 dicit
1106 2327 1274 2403 naturam3
1290 2329 1322 2389 et
1334 2326 1416 2390 sicut
1427 2344 1495 2390 nus
1507 2329 1624 2391 natura
1636 2329 1683 2390 est

991 773 1074 826 Aliam
1086 775 1212 841 significes
1230 778 1371 843 potentiam
1384 793 1434 845 qua
1448 781 1535 846 Pater,
1549 783 1600 832 etc.

99 2454 177 2514 ens,
193 2439 224 2500 et
244 2434 284 2499 de
298 2451 364 2498 non
376 2436 448 2497 ente
458 2449 526 2509 ens,
543 2448 580 2495 ac
590 2446 647 2512 per
663 2425 864 2492 hoomutari.
918 2429 953 2495 in
962 2434 1135 2514 generante
1146 2436 1178 2496 ct
1188 2432 1307 2514 genito,
1319 2431 1373 2496 sed
1385 2432 1447 2497 alio
1456 2432 1559 2498 etalio
1571 2433 1681 2512 modo,

97 2543 141 2608 Et
155 2543 201 2608 sic
213 2545 300 2627 patet
310 2541 480 2618 ultimum,
494 2538 571 2621 quia
583 2554 650 2601 non
662 2533 777 2600 dicitur
789 2551 866 2598 mu·
919 2538 964 2603 sic
980 2539 1091 2603 cadem
1108 2539 1259 2622 potentia.
1280 2538 1386 2604 Potest
1405 2538 1524 2605 iterum
1538 2539 1685 2606 coruside-⁴

100 2651 304 2734 taripropter
315 2647 529 2713 diversitatem
540 2642 771 2728 proprietatum
783 2639 866 2704 circa
919 2645 985 2710 rari
1005 2645 1182 2711 secundum
1197 2646 1229 2711 id
1251 2646 1292 2713 ad
1316 2646 1400 2730 quod
1418 2651 1484 2726 est,
1499 2651 1531 2712 et
1546 2647 1591 2711 sic
1608 2647 1686 2712 dicit

98 2759 188 2823 idem
203 2756 413 2840 suppositum,
427 2754 509 2819 sicut
517 2751 609 2817 estin
621 2748 796 2815 mutatione
809 2765 867 2811 ns·
920 2753 1054 2818 modum
1081 2753 1238 2818 existendi
1261 2756 1410 2819 nanuum
1433 2754 1468 2820 in
1491 2772 1627 2839 persona
1649 2755 1685 2819 in

101 2865 215 2945 turdi,
238 2863 294 2929 sed
312 2866 442 2947 propter
460 2858 697 2942 corruptionem
715 2860 746 2920 et
765 2857 869 2937 insep-
922 2862 1157 2943 comparatione
1172 2861 1212 2925 ad
1224 2861 1340 2943 alium,
1354 2861 1411 2945 qui
1427 2866 1474 2927 est
1491 2861 1686 2945 principium

102 2971 391 3055 tionechusdem.
402 2967 468 3033 Nec
478 2971 525 3031 est
535 2967 613 3031 illud
624 2965 738 3043 simile,
750 2985 766 3024 s
777 2961 870 3027 Pater
921 2966 974 3033 vel
991 2967 1217 3052 principiatum
1235 2990 1244 3032 t
1261 2970 1294 3033 et
1304 2968 1367 3046 sic,
1382 2987 1457 3034 cum
1470 2968 1589 3036 diversi
1601 2969 1688 3035 modi

101 3085 212 3168 potest
225 3069 868 3163 generareetspiraresinesuimutstione‚
922 3075 1005 3157 sint,
1033 3075 1166 3140 diversae
1191 3073 1340 3141 dicuntur
1364 3076 1572 3160 proprietates
1596 3095 1689 3161 posse

100 3207 186 3273 ergo
197 3188 334 3272 Spiritus
346 3188 475 3250 unctus
488 3181 636 3265 generari
649 3185 681 3245 et
692 3179 805 3263 spirari
823 3199 831 3242 :
850 3198 866 3237 1
923 3201 1078 3266 generare
1096 3187 1128 3248 et
1145 3201 1235 3266 posse
1252 3183 1420 3265 generari,
1436 3189 1467 3249 et
1481 3184 1689 3267 distinguun-

100 3298 262 3382 quianon
271 3298 318 3360 est
324 3291 551 3358 inconveniens
561 3307 666 3354 unum
680 3285 871 3371 principium
923 3294 978 3355 tur
990 3290 1166 3356 secundum
1183 3295 1273 3355 actus
1291 3290 1482 3373 personales.
1504 3289 1565 3357 Sed
1585 3293 1690 3376 primo

104 3405 260 3491 pluribus
269 3402 372 3467 modis
381 3397 746 3484 producere3sedunum
756 3393 872 3478 prind-
924 3397 1036 3478 modo,
1051 3415 1129 3463 non.
1156 3455 1158 3457 ,
1330 3462 1333 3468 ,

100 3516 232 3600 piatum
244 3510 390 3596 pluribus
401 3507 503 3572 modis
515 3502 872 3589 produciestimpossi-
1233 3511 1302 3557 nus.
1324 3511 1381 3559 vn.

98 3622 173 3690 bile
189 3624 221 3685 et
236 3615 491 3701 moompossihile
510 3636 518 3678 t
540 3615 572 3678 ei
591 3611 661 3676 ideo
679 3609 870 3694 11111ιί11111.
924 3627 1002 3680 Filius
1013 3627 1092 3680 habet
1103 3627 1243 3694 potentiam
1255 3641 1307 3752 (ΕΞ
1319 3630 1470 3712 potestesse
1482 3625 1557 3692 filius,
1570 3627 1625 3678 sive
1640 3640 1690 3693 qua
1811 3640 1813 3645 ·

958 3728 962 3733 ·
1222 3714 1256 3766 1³⁰
1319 3713 1399 3765 818111·

430 3809 556 3857 1111·
964 3834 1096 3903 videtur
1120 3834 1183 3900 hoc
1207 3832 1342 3899 aarum
1366 3832 1418 3900 ver
1447 3832 1586 3911 rasum,
1614 3832 1690 3915 qaaa

312 3928 331 3979 1>
332 3928 387 3977 “⁶³
396 3922 673 3986 nonatpotensate.
925 3943 1021 4026 gigni
1034 3941 1166 4007 omnino
1183 3942 1483 4024 estagn‘gncretet
1497 3939 1692 4022 gignereest

148 4057 268 4123 Contra
287 4075 296 4119 ι
317 4053 398 4131 Quia
419 4050 597 4116 seeundum
612 4047 692 4126 hoo,
711 4060 872 4128 pensare,
926 4050 1100 4134 eputentia
1112 4047 1213 4114 Patris
1228 4071 1236 4113 ι
1251 4066 1330 4131 ergo
1343 4052 1375 4113 ct
1386 4047 1491 4130 gigni.

101 4165 197 4250 quod
209 4161 301 4227 nullo
314 4159 409 4225 modo
429 4161 476 4223 est
489 4153 652 4234 essentia,
672 4152 761 4218 nullo
780 4150 874 4215 modo
968 4156 1061 4241 Resp.
1088 4155 1177 4222 Sicut
1197 4156 1339 4239 potentia
1358 4154 1514 4237 gignendi
1538 4155 1574 4220 in
1598 4152 1690 4220 Patre

99 4268 361 4354 essetpotentiae.
927 4283 993 4330 non
1003 4264 1079 4329 dicit
1091 4263 1154 4328 nisi
1164 4261 1520 4345 saturaminpersoua,
1535 4263 1573 4327 ut
1582 4266 1697 4327 natam

148 4379 243 4462 Resp.
256 4375 430 4441 Dicendum
442 4366 873 4455 quod‚quamvispotentia‚
928 4369 1316 4454 exseproducerealiam3
1331 4368 1693 4451 siopotentiagiguendi

105 4486 256 4554 absolute
269 4481 475 4558 considerata,
488 4478 529 4542 sit
538 4477 624 4542 idem
632 4475 717 4558 quod
724 4473 874 4552 essentm
927 4480 964 4544 in
976 4478 1055 4544 Filio
1073 4496 1142 4542 non
1154 4476 1228 4541 dicit
1243 4476 1304 4540 nisi
1325 4477 1475 4541 nalmam
1489 4477 1524 4540 in
1538 4494 1691 4559 persona,

102 4602 219 4662 tamen
238 4590 393 4677 potentia,
414 4587 577 4671 quianon
593 4588 641 4648 est
661 4600 779 4648 nomen
798 4581 876 4646 adeo
929 4589 1085 4652 utnatam
1095 4584 1278 4669 produciab
1290 4583 1354 4648 alia
1367 4605 1375 4648 :
1387 4582 1694 4667 sicutenimhypos-

104 4704 325 4781 ahstractum,
338 4698 421 4762 siout
431 4694 580 4773 mentia,
595 4690 734 4757 trahitur
751 4690 791 4754 ad
803 4705 878 4772 per-
927 4694 990 4760 tasi
1003 4693 1105 4758 Patris
1118 4691 1266 4756 convenit
1280 4708 1450 4773 generare,
1466 4691 1510 4754 sic
1527 4689 1691 4773 hypostasi

105 4828 237 4880 sonam.
261 4806 350 4875 Unde
370 4803 511 4888 potentia
528 4799 702 4883 generandi
718 4815 785 4862 non
803 4796 879 4862 dicit
929 4796 1002 4864 Filii
1014 4794 1162 4862 convenit
1169 4793 1327 4876 generari.
1336 4791 1400 4858 Nec
1410 4792 1496 4857 valet
1507 4792 1595 4876 quod
1607 4792 1692 4876 obji-

107 4923 264 4986 naturam
285 4912 428 4981 divinam
445 4909 639 4993 simpliciter,
660 4907 714 4972 sed
729 4909 879 4972 naturam
931 4907 1013 4971 citur
1026 4905 1062 4969 in
1073 4902 1268 4970 contrarium
1282 4923 1290 4965 :
1304 4918 1382 4966 nam
1394 4918 1490 4964 omne
1502 4899 1589 4983 quod
1600 4898 1697 4965 habet

107 5034 151 5096 ut
171 5029 208 5091 in
228 5024 283 5089 tali
295 5039 446 5106 persona,
461 5017 580 5083 scilicet
599 5014 879 5080 innascibilirideo
932 5015 1044 5096 Filius,
1058 5014 1124 5081 sive
1137 5010 1312 5091 essentiale,
1329 5010 1396 5076 sive
1409 5008 1584 5093 personale,
1597 5009 1695 5074 hahet

109 5154 184 5204 non
203 5137 252 5199 est
272 5130 377 5196 simite
402 5126 524 5194 dehoc
541 5123 689 5201 nomina,
718 5123 878 5202 essentia,
932 5122 1059 5190 sPatre
1079 5138 1089 5185 t
1106 5121 1188 5198 ideo,
1205 5117 1352 5203 quamvis
1371 5117 1478 5200 ipsum
1501 5115 1595 5198 gigni
1616 5117 1657 5182 sit
1676 5134 1697 5180 s

109 5245 200 5315 etde
217 5242 281 5307 hoe
292 5236 434 5317 nomine,
445 5234 602 5318 potentio.
932 5230 1073 5317 potentia
1086 5226 1203 5305 Patris,
1220 5243 1287 5290 nou
1303 5222 1485 5289 excluditur
1494 5226 1603 5288 tamen
1616 5222 1696 5307 quin

164 5368 169 5379 ’
917 5337 1074 5427 «potentia
1093 5334 1247 5418 gignendi
1267 5333 1395 5417 passiva
1412 5332 1452 5397 sit
1472 5331 1507 5396 in
1523 5329 1616 5396 Filio.
1636 5330 1698 5398 Sed

146 5482 250 5548 satist,
262 5478 293 5531 ae
305 5476 412 5539 Anima,
423 5474 469 5526 uh.
479 5476 519 5539 11,
531 5476 595 5526 text.
605 5470 646 5524 ss.
934 5449 990 5514 illa
1006 5444 1146 5530 potentia
1160 5459 1227 5507 non
1243 5445 1292 5507 est
1304 5438 1499 5525 principium
1516 5439 1698 5522 generatio·

280 5585 356 5635 rou.
377 5585 400 5632 1.
1214 5555 1217 5560 ·
1521 5552 1541 5613 9
