4100 6300
614 487 712 554 DIST.
733 483 841 552 XVlll.
863 481 955 549 ΛΒΤ.
978 483 1002 548 Ι.
1025 484 1173 562 QUAEST.
1194 487 1219 551 l.
1652 491 1710 551 307

118 625 538 710 nationiseatperSpiritum
549 624 886 704 sanctnmzergo,etc.
941 619 1116 703 citurquod
1124 619 1260 702 Spiritus
1270 622 1397 683 sanctus
1407 623 1454 684 ast
1462 620 1583 685 donum
1593 639 1658 704 quo
1670 622 1707 704 (b)

159 736 255 815 ltem,
270 754 367 799 omne
378 735 516 813 donum,
531 734 566 797 in
578 735 737 814 quantum
752 731 886 805 donum,
942 728 1051 792 omnia
1072 728 1134 792 alia
1151 728 1322 803 donantur,
1347 727 1506 793 ablativus
1530 728 1588 792 iste
1609 733 1712 812 polest

118 863 161 909 ex
169 861 277 907 amore
285 843 391 921 datur,
402 841 545 924 alioquin
553 858 619 904 non
628 839 721 903 habet
731 838 887 901 rationem
942 836 1041 916 accipi
1055 835 1222 918 dupliciter
1241 855 1249 898 :
1265 835 1316 900 vel
1328 834 1375 898 ita
1393 835 1480 917 quod
1497 835 1579 900 dicat
1597 854 1713 901 conco·

118 953 194 1017 doni
207 972 215 1015 :
230 952 284 1016 sed
297 951 435 1033 Spiritus
446 952 577 1013 sanctus
583 953 631 1012 est
643 964 735 1011 amor
745 944 847 1009 Patris
857 947 889 1007 et
943 944 1138 1024 mitantiam3
1154 945 1207 1010 vel
1221 946 1266 1008 sic
1284 943 1370 1027 quod
1383 944 1466 1009 dicat
1483 945 1710 1010 causalitatem.

118 1058 191 1123 Filii
203 1109 212 1138 ,
226 1064 263 1124 ut
273 1059 350 1124 dicit
365 1057 569 1140 Augustinus
585 1064 612 1137 ¹,
630 1061 662 1120 et
682 1054 830 1120 habitum
842 1057 889 1119 est
943 1050 976 1116 Si
996 1051 1080 1116 dicat
1107 1051 1401 1132 concomitantiam,
1421 1052 1467 1116 sic
1488 1052 1710 1135 intelligendO,

118 1185 217 1250 supra
231 1188 240 1231 r
254 1184 346 1248 ergo,
358 1170 418 1230 etc.
942 1157 1164 1222 universaliter
1173 1158 1289 1222 falsum
1298 1161 1356 1237 est,
1365 1158 1442 1240 quia
1449 1161 1497 1222 est
1502 1177 1615 1223 sensus
1621 1160 1710 1242 quod

32 1263 103 1369 w
160 1273 298 1336 Contra:
322 1277 353 1335 1.
368 1271 430 1335 Per
450 1269 607 1335 Isidorum
623 1276 656 1332 ⁸:
674 1266 812 1332 allultis
833 1267 889 1331 in·
942 1265 1035 1329 detur
1053 1284 1129 1329 cum
1148 1265 1299 1329 omnibus
1322 1265 1439 1329 donis:
1457 1267 1606 1349 quaedam
1624 1268 1712 1331 enim

119 1380 226 1462 dignis
247 1377 365 1462 Spiritu
387 1381 497 1443 sancto
516 1377 634 1441 dantur
651 1376 734 1441 dona
749 1374 888 1458 Spiritus
942 1377 1018 1437 sunt
1045 1374 1129 1438 dona
1151 1390 1225 1456 quas
1245 1391 1371 1456 semper
1394 1376 1469 1438 sunt
1491 1393 1566 1439 cum
1593 1374 1714 1459 Spiritu

118 1487 237 1551 sancti:
250 1509 265 1546 o
279 1504 359 1568 ergo
368 1484 526 1566 contingit
537 1484 598 1548 alia
607 1483 690 1548 dona
701 1482 813 1547 donari
821 1482 889 1547 sine
943 1485 1062 1557 sancto,
1083 1485 1121 1546 ut
1143 1482 1279 1545 charitas
1303 1485 1336 1545 et
1362 1482 1534 1565 sapientia3
1561 1483 1711 1566 quaedam

118 1595 181 1659 hoo
195 1617 202 1657 z
218 1612 298 1677 ergo
307 1612 376 1658 non
387 1596 435 1657 est
446 1592 612 1656 donumin
627 1591 814 1674 quaomnia
827 1589 890 1654 alia
943 1607 1018 1672 quae
1032 1607 1202 1672 nunquam
1215 1593 1291 1654 sunt
1310 1608 1385 1654 cum
1398 1589 1519 1674 Spiritu
1537 1596 1661 1670 sancto,
1678 1598 1714 1657 ut

118 1702 290 1766 donantur.
942 1697 1040 1763 timor
1052 1698 1190 1777 servilis;
1209 1697 1357 1781 quaedam
1366 1716 1440 1782 quae
1453 1698 1624 1783 aliquando
1639 1703 1714 1764 sunt

159 1814 190 1873 t.
207 1808 285 1872 ilem
300 1808 407 1891 aliqua
419 1811 495 1873 sunt
506 1809 670 1889 donaquae
681 1805 891 1889 appropriari·
943 1825 1018 1871 cum
1032 1806 1153 1891 Spiritu
1166 1812 1286 1884 sancto,
1303 1807 1473 1891 aliquando
1486 1807 1565 1886 sine,
1576 1812 1614 1872 ut
1622 1808 1711 1890 fides,

118 1922 174 1981 tur
192 1916 291 1997 Filio,
313 1921 429 1999 utputa
451 1920 527 1980 sunt
545 1915 600 1980 illa
617 1932 691 1998 quae
710 1914 827 1979 dantur
849 1913 890 1977 ad
943 1914 1121 1997 prophetia,
1128 1918 1161 1978 et
1170 1915 1367 1998 hujusmodi.
1375 1914 1409 1979 Si
1418 1920 1527 1981 autem
1538 1918 1712 1999 particula-

117 2023 888 2107 illustrationemintollectus:ergo,siloquamur
942 2021 1712 2105 riterintelligaturdedonisgratumiacientihus,

118 2133 413 2216 appropriate,talia
426 2132 466 2215 (a)
483 2133 567 2198 dona
579 2131 782 2198 donanturin
793 2129 886 2209 Filio,

118 2240 187 2306 sire
199 2259 257 2324 per
270 2240 399 2320 Filium,
414 2258 482 2305 non
494 2239 577 2305 dono
590 2238 678 2323 quod
692 2242 740 2303 est
753 2236 890 2321 Spiritus

118 2345 259 2412 sanctus.

160 2454 543 2534 3.llem‚Filiusdatusest
553 2453 720 2535 nobis‚per
733 2451 887 2515 isaiamt:

120 2564 387 2630 Porruluaootus
400 2569 444 2629 eat
463 2561 574 2638 uobis,
593 2560 702 2627 Filius
725 2558 822 2626 dotus
842 2564 889 2624 cat

119 2673 213 2738 occo
222 2695 234 2737 .·
243 2690 333 2754 ergo,
347 2673 374 2736 si
387 2672 482 2736 datur
493 2689 550 2754 per
562 2669 718 2753 Spiritum
729 2670 888 2745 sanctum,

121 2780 249 2843 videtur
266 2779 352 2861 quod
365 2777 503 2861 Spiritus
516 2778 644 2842 sanctus
658 2775 799 2856 aliquam
810 2791 891 2836 auc-

120 2889 303 2965 toritatem,
326 2887 379 2953 vel
401 2886 603 2950 influentiam
632 2884 748 2948 habeat
775 2883 809 2945 in
834 2880 891 2945 Fi-

118 2997 202 3062 lium
225 3017 233 3060 :
257 2997 319 3060 hoc
345 3000 454 3059 autem
478 2997 527 3057 est
550 2993 666 3056 ialsum
689 3011 697 3055 ε
721 3009 801 3072 ergo
823 3008 891 3054 non

118 3102 627 3184 omniaaliadonadonanturper
635 3098 792 3183 Spiritum
801 3116 891 3163 sanc·

118 3217 202 3277 turn.

161 3323 192 3383 1.
215 3317 296 3383 ltem
312 3318 374 3382 hoc
398 3316 574 3382 ostenditur
592 3332 649 3398 per
670 3311 889 3396 impossibile:

118 3427 196 3491 Esto
206 3426 293 3508 quod
305 3425 515 3506 intelligatur,
529 3440 586 3506 per
597 3421 802 3504 impossihile,
818 3419 891 3503 Spi-

115 3536 221 3599 ritum
233 3536 378 3598 sanctum
390 3550 458 3596 nou
469 3550 549 3608 esse,
565 3531 670 3595 adhuc
681 3528 774 3594 Pater
786 3533 819 3594 et
837 3527 892 3592 lli-

115 3641 186 3706 lius
201 3641 429 3723 intelliguntur
440 3644 478 3704 ut
488 3638 644 3716 liberales,
655 3636 798 3719 alioquin
811 3635 894 3699 inest

114 3749 169 3813 cis
181 3748 351 3813 liberalitas
363 3767 384 3812 a
403 3747 524 3832 Spiritu
535 3750 662 3821 sancto,
675 3744 761 3827 quod
774 3742 890 3807 falsum

115 3863 191 3922 ast:
208 3872 299 3937 ergo,
311 3856 338 3919 si
350 3854 576 3936 intelliguntur
595 3850 751 3931 liberales,
767 3853 894 3931 ergoet

115 3966 302 4029 donatores.

162 4071 256 4151 Item,
279 4071 306 4135 si
328 4070 466 4154 Spiritus
484 4071 612 4133 sanctus
637 4071 685 4131 est
708 4067 830 4131 donum
857 4065 893 4129 in

113 4197 188 4264 quo
201 4178 263 4242 alia
276 4179 447 4255 donantur,
462 4193 541 4257 ergo
554 4174 631 4239 doni
643 4178 692 4238 est
704 4174 845 4250 donum,
860 4176 892 4236 et

114 4286 303 4355 donationis
313 4290 361 4350 est
372 4285 502 4350 donatio
518 4301 526 4345 :
541 4289 573 4348 et
588 4283 709 4359 sihor,
725 4287 834 4346 motus
848 4287 895 4345 cst

116 4399 243 4472 motus,
255 4396 287 4457 ct
297 4391 460 4457 relationis
469 4390 637 4470 ralati03et
646 4390 707 4455 hoc
717 4390 811 4454 habet
822 4388 895 4453 Phi·

115 4501 275 4585 losophus
288 4505 367 4583 tpro
378 4498 632 4577 inconvenienti,
646 4516 723 4561 cum
736 4497 823 4561 enim
839 4496 896 4561 de·

116 4610 265 4693 pendens
273 4626 339 4672 non
349 4606 592 4691 possitalterum
601 4604 823 4685 determinare,
835 4603 896 4669 erit

115 4720 167 4783 ibi
180 4715 582 4800 processusininflnitum.

380 4908 639 4978 conclusio.

117 5061 246 5134 Spiritus
264 5061 371 5115 torcios
389 5062 426 5113 est
444 5057 542 5114 mcum
562 5074 613 5130 prro
627 5062 720 5117 omnia
733 5059 805 5116 dcco
817 5059 895 5116 cotia

158 5149 297 5205 donantur
313 5148 438 5217 metuito
454 5163 506 5219 per
525 5152 782 5220 concomitantiam,
798 5154 825 5207 ct
844 5165 896 5221 quo

158 5240 254 5297 ornato
275 5236 346 5293 dura
371 5238 423 5293 lici
444 5236 581 5295 domatur
601 5254 653 5311 per
679 5240 898 5312 complantatis

158 5345 281 5388 musam.

164 5473 261 5556 Resp.
280 5470 322 5535 ad
336 5470 416 5552 Arg.
435 5469 611 5535 Dicendum
623 5472 729 5554 quod,
754 5490 829 5537 cnm
842 5475 896 5539 di-

944 2128 989 2193 sic
1001 2147 1079 2195 vera
1089 2134 1146 2208 est,
1162 2134 1194 2194 et
1206 2148 1272 2195 non
1284 2130 1382 2195 habet
1395 2130 1591 2196 instantiam.
1607 2131 1714 2199 Potest

942 2235 1062 2299 iterum
1075 2235 1233 2301 ablativus
1254 2238 1426 2321 importare
1439 2240 1667 2320 causalitatem,
1683 2245 1715 2306 et

942 2340 1004 2406 hoc
1015 2342 1198 2426 tripliciter:
1211 2344 1264 2409 vel
1275 2344 1321 2409 ita
1333 2344 1420 2427 quod
1434 2345 1518 2409 dicat
1530 2346 1714 2429 simpliciter

944 2451 1172 2531 causalitatem,
1183 2455 1214 2516 et
1226 2452 1260 2516 in
1272 2453 1333 2518 hoc
1354 2471 1421 2517 non
1433 2453 1643 2536 distinguitur
1656 2475 1715 2521 nec

944 2576 964 2621 a
978 2555 1080 2637 Patre,
1095 2576 1155 2621 nec
1168 2576 1188 2621 a
1200 2556 1297 2637 Filio,
1316 2558 1394 2640 quia
1411 2559 1521 2623 omnia
1537 2560 1621 2626 dona
1640 2566 1717 2627 sunt

944 2664 1080 2743 aPatre,
1095 2669 1157 2729 eta
1170 2664 1271 2744 Filio,
1294 2668 1326 2730 et
1346 2685 1366 2730 a
1385 2664 1506 2750 Spiritu
1522 2674 1650 2750 sanct03
1663 2671 1715 2735 vel

942 2773 1033 2837 itaut
1041 2772 1362 2848 dicatcausalitetem
1373 2778 1405 2838 et
1415 2774 1711 2855 subauctoritatem,
1755 2806 1759 2813 ·

944 2885 1089 2950 etinhoc
1101 2885 1718 2970 distinguituraPatre,sednonaFilio,·

945 2993 1021 3077 quia
1036 2992 1138 3071 Pater,
1162 2997 1193 3056 et
1206 3011 1263 3075 per
1286 2992 1416 3069 Filium,
1438 3000 1540 3080 ctper
1561 2997 1716 3080 Spiritum

945 3105 1104 3182 sanctum,
1117 3101 1231 3181 donat;
1242 3102 1351 3168 velita
1363 3107 1401 3167 ut
1408 3105 1492 3170 dicat
1500 3107 1715 3173 causalitatem

946 3216 978 3274 et
990 3210 1271 3275 subauctoritatem
1282 3214 1314 3274 et
1324 3212 1610 3296 exemplaritatem,
1625 3220 1657 3281 et
1668 3218 1714 3282 sic
1732 3275 1734 3278 ,

945 3319 1073 3402 proprie
1084 3317 1218 3401 Spiritui
1230 3323 1339 3382 sancto
1359 3321 1508 3386 convenit
1524 3345 1532 3387 ι
1547 3323 1615 3407 ipse
1627 3327 1714 3390 enim

945 3425 1087 3507 procedit
1103 3442 1159 3507 per
1180 3424 1314 3488 modum
1338 3426 1433 3508 primi
1456 3427 1548 3508 doni,
1568 3430 1613 3494 ita
1627 3432 1713 3514 quod

947 3532 1052 3596 omnis
1070 3524 1198 3596 donatio
1217 3537 1304 3596 recta
1324 3539 1355 3597 et
1372 3535 1515 3614 gratuita
1536 3542 1607 3620 post
1629 3539 1716 3603 illam

946 3643 1004 3719 est,
1017 3642 1049 3703 et
1071 3640 1112 3704 ab
1132 3639 1187 3703 illa
1212 3639 1324 3723 accipit
1344 3641 1502 3707 rationem
1526 3643 1715 3708 donationis.

947 3746 1190 3812 Concedendum
1200 3751 1247 3811 est
1256 3765 1335 3829 ergo
1344 3748 1430 3831 quod
1444 3747 1582 3832 Spiritus
1589 3756 1718 3817 sanctus

947 3861 995 3921 est
1017 3856 1140 3921 donum
1163 3874 1228 3939 quo
1255 3856 1364 3923 omnia
1389 3857 1488 3939 dona,
1511 3859 1627 3924 scilicet
1645 3878 1719 3943 gra·

947 3964 1039 4045 tuita,
1053 3965 1214 4031 donantur
1229 3982 1285 4045 per
1298 3966 1591 4047 concomitantiam,
1608 3973 1718 4051 atquo

948 4073 1058 4138 omnia
1069 4073 1124 4139 Dei
1137 4074 1220 4139 dona
1228 4072 1389 4139 donantur
1401 4093 1458 4158 per
1469 4076 1720 4160 exemplaritalis

948 4199 1089 4245 causam.

991 4291 1019 4352 1.
1037 4288 1086 4352 Ad
1099 4286 1178 4352 illud
1199 4288 1285 4370 quod
1308 4288 1457 4371 objicitur
1474 4290 1580 4373 primo
1600 4292 1640 4357 de
1662 4291 1719 4356 lsi·

949 4404 1038 4484 doro,
1051 4406 1119 4486 jam
1133 4407 1219 4487 patet
1229 4405 1394 4486 responsio
1405 4453 1414 4484 ,
1427 4404 1513 4488 quod
1528 4408 1596 4492 ipse
1613 4408 1720 4493 loqui·

949 4517 1003 4576 tur
1015 4512 1054 4575 de
1066 4511 1159 4575 bonis
1172 4510 1285 4592 gratias
1294 4513 1395 4593 gratis
1405 4511 1498 4591 datae,
1510 4534 1578 4580 non
1589 4521 1721 4598 gratum

948 4617 1102 4684 facientis.
1706 4691 1709 4695 ,

990 4729 1021 4789 t.
1040 4723 1089 4788 Ad
1100 4723 1179 4788 illud
1201 4724 1289 4806 quod
1302 4724 1452 4806 objicitur
1470 4728 1621 4808 secundo,
1635 4733 1722 4814 quod

951 4829 1442 4913 quadamdonaappropriantur
1450 4831 1722 4913 Fili03dicendum

951 4938 1038 5021 quod
1053 4938 1093 5003 do
1109 4937 1201 5002 donis
1219 4941 1267 5001 est
1282 4938 1373 5021 loqui
1389 4939 1575 5023 dupliciter,
1594 4949 1651 5009 aut
1667 4964 1721 5010 ra-

950 5047 1038 5111 tione
1049 5049 1121 5130 ejus
1133 5047 1219 5129 quod
1233 5049 1360 5123 subest,
1379 5054 1436 5114 aut
1449 5052 1509 5115 suh
1525 5053 1647 5119 ratione
1661 5055 1722 5119 do-

986 5190 1081 5255 ¹tug,
1095 5189 1126 5239 de
1146 5190 1224 5253 Tria,
1238 5189 1284 5240 lib.
1296 5191 1345 5254 Vl,
1361 5205 1385 5241 c.
1398 5203 1424 5258 v,
1438 5206 1466 5243 n.
1478 5196 1544 5244 ’1.-
1558 5197 1681 5263 *laidem
1694 5199 1724 5250 de

953 5262 1056 5311 Sammo
1071 5261 1150 5321 Bono,
1170 5261 1216 5311 lib.
1231 5261 1239 5311 l
1248 5298 1257 5326 ,
1272 5276 1295 5312 c.
1312 5263 1492 5329 xv11,§tt.-·
1507 5268 1519 5302 ⁸
1533 5268 1594 5335 iro,
1611 5283 1648 5335 rx,
1660 5274 1684 5323 6,
1694 5299 1725 5312 ..

951 5332 1060 5397 tarot,
1071 5332 1170 5398 Pipaic.
1180 5332 1225 5383 lib.
1238 5333 1306 5397 Vlll,
1317 5338 1389 5384 cont.
1405 5338 1430 5386 9.

985 5422 1019 5488 (α)
1030 5421 1105 5506 ruri.
1122 5423 1182 5474 ren.
1197 5423 1256 5474 rrar
1270 5421 1344 5474 aaut
1358 5423 1459 5475 ua-
1473 5425 1510 5492 (a)
1524 5428 1586 5481 cat.
1600 5430 1662 5482 aar.
1676 5435 1724 5487 aa.

952 5509 1016 5546 num
1028 5508 1125 5559 mquo.
