<?xml version="1.0" encoding="UTF-8"?>
<!DOCTYPE html PUBLIC "-//W3C//DTD XHTML 1.0 Transitional//EN"
    "http://www.w3.org/TR/xhtml1/DTD/xhtml1-transitional.dtd">
<html xmlns="http://www.w3.org/1999/xhtml" xml:lang="en" lang="en">
 <head>
  <title>
</title>
<meta http-equiv="Content-Type" content="text/html;charset=utf-8" />
  <meta name='ocr-system' content='tesseract 3.04.00' />
  <meta name='ocr-capabilities' content='ocr_page ocr_carea ocr_par ocr_line ocrx_word'/>
</head>
<body>
  <div class='ocr_page' id='page_1' title='image "./srecardinalissb00peltgoog_0656.png"; bbox 0 0 4100 6300; ppageno 0'>
   <div class='ocr_carea' id='block_1_1' title="bbox 446 407 1467 481">
    <p class='ocr_par' dir='ltr' id='par_1_1' title="bbox 446 407 1467 481">
     <span class='ocr_line' id='line_1_1' title="bbox 446 407 1467 481; baseline -0.006 -3"><span class='ocrx_word' id='word_1_1' title='bbox 446 417 505 478; x_wconf 72' lang='lat' dir='ltr'><strong>ies</strong></span> <span class='ocrx_word' id='word_1_2' title='bbox 1010 407 1322 481; x_wconf 81' lang='lat' dir='ltr'><strong>SENTENTIARUM</strong></span> <span class='ocrx_word' id='word_1_3' title='bbox 1342 408 1418 473; x_wconf 88' lang='lat' dir='ltr'><strong>LlB.</strong></span> <span class='ocrx_word' id='word_1_4' title='bbox 1442 408 1467 472; x_wconf 90' lang='lat' dir='ltr'><strong>l.</strong></span> 
     </span>
    </p>
   </div>
   <div class='ocr_carea' id='block_1_2' title="bbox 439 542 1958 1811">
    <p class='ocr_par' dir='ltr' id='par_1_2' title="bbox 439 542 1958 1811">
     <span class='ocr_line' id='line_1_2' title="bbox 444 542 1905 634; baseline -0.004 -20"><span class='ocrx_word' id='word_1_5' title='bbox 444 550 526 614; x_wconf 87' lang='lat' dir='ltr'><strong>natis</strong></span> <span class='ocrx_word' id='word_1_6' title='bbox 545 548 598 613; x_wconf 89' lang='lat' dir='ltr'><strong>dat</strong></span> <span class='ocrx_word' id='word_1_7' title='bbox 617 565 684 612; x_wconf 84' lang='lat' dir='ltr'><strong>esse</strong></span> <span class='ocrx_word' id='word_1_8' title='bbox 697 565 842 630; x_wconf 79' lang='lat' dir='ltr'><strong>persona</strong></span> <span class='ocrx_word' id='word_1_9' title='bbox 861 569 868 612; x_wconf 91' lang='lat'><strong>:</strong></span> <span class='ocrx_word' id='word_1_10' title='bbox 885 548 938 612; x_wconf 89' lang='lat' dir='ltr'><strong>sed</strong></span> <span class='ocrx_word' id='word_1_11' title='bbox 955 548 1126 630; x_wconf 87' lang='lat' dir='ltr'><strong>paternitas</strong></span> <span class='ocrx_word' id='word_1_12' title='bbox 1149 563 1214 610; x_wconf 90' lang='lat' dir='ltr'><strong>non</strong></span> <span class='ocrx_word' id='word_1_13' title='bbox 1310 548 1339 607; x_wconf 88' lang='lat' dir='ltr'><strong>l.</strong></span> <span class='ocrx_word' id='word_1_14' title='bbox 1354 542 1496 608; x_wconf 82' lang='lat' dir='ltr'><strong>Adillud</strong></span> <span class='ocrx_word' id='word_1_15' title='bbox 1511 560 1592 624; x_wconf 81' lang='lat' dir='ltr'><strong>ergo</strong></span> <span class='ocrx_word' id='word_1_16' title='bbox 1605 543 1689 626; x_wconf 86' lang='lat' dir='ltr'><strong>quod</strong></span> <span class='ocrx_word' id='word_1_17' title='bbox 1700 544 1905 634; x_wconf 63' lang='lat' dir='ltr'><strong>ehjidterpnlpa</strong></span> 
     </span>
     <span class='ocr_line' id='line_1_3' title="bbox 439 650 1906 739; baseline -0.003 -16"><span class='ocrx_word' id='word_1_18' title='bbox 439 658 496 724; x_wconf 86' lang='lat' dir='ltr'><strong>&#39;dat</strong></span> <span class='ocrx_word' id='word_1_19' title='bbox 517 676 585 722; x_wconf 91' lang='lat' dir='ltr'><strong>esse</strong></span> <span class='ocrx_word' id='word_1_20' title='bbox 604 674 750 739; x_wconf 79' lang='lat' dir='ltr'><strong>persone</strong></span> <span class='ocrx_word' id='word_1_21' title='bbox 773 657 890 738; x_wconf 89' lang='lat' dir='ltr'><strong>patris,</strong></span> <span class='ocrx_word' id='word_1_22' title='bbox 914 658 991 739; x_wconf 87' lang='lat' dir='ltr'><strong>quia</strong></span> <span class='ocrx_word' id='word_1_23' title='bbox 1012 656 1093 720; x_wconf 88' lang='lat' dir='ltr'>nihil</span> <span class='ocrx_word' id='word_1_24' title='bbox 1119 654 1215 719; x_wconf 90' lang='lat' dir='ltr'><strong>habet</strong></span> <span class='ocrx_word' id='word_1_25' title='bbox 1269 650 1385 733; x_wconf 87' lang='lat' dir='ltr'><strong>prietes</strong></span> <span class='ocrx_word' id='word_1_26' title='bbox 1405 653 1459 714; x_wconf 93' lang='lat' dir='ltr'><strong>dat</strong></span> <span class='ocrx_word' id='word_1_27' title='bbox 1480 669 1548 714; x_wconf 88' lang='lat' dir='ltr'><strong>esse</strong></span> <span class='ocrx_word' id='word_1_28' title='bbox 1579 668 1733 732; x_wconf 82' lang='lat' dir='ltr'><strong>personae3</strong></span> <span class='ocrx_word' id='word_1_29' title='bbox 1752 650 1906 738; x_wconf 74' lang='lat' dir='ltr'><strong>dianlupi</strong></span> 
     </span>
     <span class='ocr_line' id='line_1_4' title="bbox 443 757 1908 846; baseline -0.004 -17"><span class='ocrx_word' id='word_1_30' title='bbox 443 784 509 829; x_wconf 91' lang='lat' dir='ltr'><strong>esse</strong></span> <span class='ocrx_word' id='word_1_31' title='bbox 521 783 561 828; x_wconf 83' lang='lat' dir='ltr'><strong>ex</strong></span> <span class='ocrx_word' id='word_1_32' title='bbox 570 764 631 829; x_wconf 90' lang='lat' dir='ltr'><strong>hoc</strong></span> <span class='ocrx_word' id='word_1_33' title='bbox 645 763 731 845; x_wconf 89' lang='lat' dir='ltr'><strong>quod</strong></span> <span class='ocrx_word' id='word_1_34' title='bbox 745 762 836 827; x_wconf 89' lang='lat' dir='ltr'><strong>alteri</strong></span> <span class='ocrx_word' id='word_1_35' title='bbox 851 764 904 827; x_wconf 86' lang='lat' dir='ltr'><strong>dat</strong></span> <span class='ocrx_word' id='word_1_36' title='bbox 914 782 982 827; x_wconf 87' lang='lat' dir='ltr'><strong>esse</strong></span> <span class='ocrx_word' id='word_1_37' title='bbox 994 786 1001 826; x_wconf 75' lang='grc' dir='ltr'><strong>ε</strong></span> <span class='ocrx_word' id='word_1_38' title='bbox 1014 763 1068 827; x_wconf 89' lang='lat' dir='ltr'><strong>sed</strong></span> <span class='ocrx_word' id='word_1_39' title='bbox 1079 779 1215 845; x_wconf 89' lang='lat' dir='ltr'><strong>persona</strong></span> <span class='ocrx_word' id='word_1_40' title='bbox 1269 757 1348 822; x_wconf 91' lang='lat' dir='ltr'><strong>illud</strong></span> <span class='ocrx_word' id='word_1_41' title='bbox 1361 776 1429 821; x_wconf 89' lang='lat' dir='ltr'><strong>nen</strong></span> <span class='ocrx_word' id='word_1_42' title='bbox 1442 762 1490 821; x_wconf 88' lang='lat' dir='ltr'><strong>est</strong></span> <span class='ocrx_word' id='word_1_43' title='bbox 1502 757 1738 838; x_wconf 81' lang='lat' dir='ltr'><strong>intelligendum</strong></span> <span class='ocrx_word' id='word_1_44' title='bbox 1749 757 1779 820; x_wconf 89' lang='lat' dir='ltr'><strong>de</strong></span> <span class='ocrx_word' id='word_1_45' title='bbox 1788 763 1908 846; x_wconf 60' lang='lat' dir='ltr'><strong>asihah</strong></span> 
     </span>
     <span class='ocr_line' id='line_1_5' title="bbox 442 865 1909 952; baseline 0.002 -20"><span class='ocrx_word' id='word_1_46' title='bbox 442 869 542 951; x_wconf 88' lang='lat' dir='ltr'><strong>patris</strong></span> <span class='ocrx_word' id='word_1_47' title='bbox 562 868 678 933; x_wconf 90' lang='lat' dir='ltr'><strong>dieitur</strong></span> <span class='ocrx_word' id='word_1_48' title='bbox 699 872 805 951; x_wconf 89' lang='lat' dir='ltr'><strong>pater,</strong></span> <span class='ocrx_word' id='word_1_49' title='bbox 827 869 905 952; x_wconf 86' lang='lat' dir='ltr'><strong>quia</strong></span> <span class='ocrx_word' id='word_1_50' title='bbox 927 869 1017 934; x_wconf 90' lang='lat' dir='ltr'><strong>alteri</strong></span> <span class='ocrx_word' id='word_1_51' title='bbox 1041 870 1095 934; x_wconf 93' lang='lat' dir='ltr'><strong>dat</strong></span> <span class='ocrx_word' id='word_1_52' title='bbox 1115 886 1211 933; x_wconf 88' lang='lat' dir='ltr'><strong>esse:</strong></span> <span class='ocrx_word' id='word_1_53' title='bbox 1269 869 1335 943; x_wconf 84' lang='lat' dir='ltr'><strong>ter,</strong></span> <span class='ocrx_word' id='word_1_54' title='bbox 1357 866 1408 930; x_wconf 91' lang='lat' dir='ltr'><strong>sed</strong></span> <span class='ocrx_word' id='word_1_55' title='bbox 1424 865 1547 930; x_wconf 88' lang='lat' dir='ltr'><strong>deesse</strong></span> <span class='ocrx_word' id='word_1_56' title='bbox 1568 866 1909 949; x_wconf 77' lang='lat' dir='ltr'><strong>personali,siredctsrie</strong></span> 
     </span>
     <span class='ocr_line' id='line_1_6' title="bbox 442 974 1910 1057; baseline 0.001 -17"><span class='ocrx_word' id='word_1_57' title='bbox 442 994 532 1057; x_wconf 78' lang='lat' dir='ltr'><strong>ergo,</strong></span> <span class='ocrx_word' id='word_1_58' title='bbox 547 982 609 1041; x_wconf 87' lang='lat' dir='ltr'><strong>etc.</strong></span> <span class='ocrx_word' id='word_1_59' title='bbox 1268 974 1366 1040; x_wconf 77' lang='lat' dir='ltr'><strong>uncto</strong></span> <span class='ocrx_word' id='word_1_60' title='bbox 1387 978 1443 1038; x_wconf 88' lang='lat' dir='ltr'><strong>:et</strong></span> <span class='ocrx_word' id='word_1_61' title='bbox 1458 975 1529 1056; x_wconf 90' lang='lat' dir='ltr'><strong>ipsa</strong></span> <span class='ocrx_word' id='word_1_62' title='bbox 1543 975 1733 1057; x_wconf 68' lang='lat' dir='ltr'><strong>paternitatis</strong></span> <span class='ocrx_word' id='word_1_63' title='bbox 1748 976 1910 1042; x_wconf 69' lang='lat' dir='ltr'><strong>anemeel-</strong></span> 
     </span>
     <span class='ocr_line' id='line_1_7' title="bbox 482 1070 1956 1174; baseline 0.001 -28"><span class='ocrx_word' id='word_1_64' title='bbox 482 1087 512 1145; x_wconf 69' lang='lat'><strong>2.</strong></span> <span class='ocrx_word' id='word_1_65' title='bbox 528 1082 619 1160; x_wconf 84' lang='lat' dir='ltr'><strong>Item,</strong></span> <span class='ocrx_word' id='word_1_66' title='bbox 639 1102 705 1147; x_wconf 91' lang='lat' dir='ltr'><strong>non</strong></span> <span class='ocrx_word' id='word_1_67' title='bbox 720 1083 879 1148; x_wconf 87' lang='lat' dir='ltr'><strong>intellecta</strong></span> <span class='ocrx_word' id='word_1_68' title='bbox 892 1086 1083 1168; x_wconf 83' lang='lat' dir='ltr'><strong>proprietate</strong></span> <span class='ocrx_word' id='word_1_69' title='bbox 1103 1070 1211 1167; x_wconf 82' lang='lat' dir='ltr'><strong>perso·</strong></span> <span class='ocrx_word' id='word_1_70' title='bbox 1268 1082 1352 1145; x_wconf 85' lang='lat' dir='ltr'><strong>vinis</strong></span> <span class='ocrx_word' id='word_1_71' title='bbox 1366 1100 1432 1145; x_wconf 91' lang='lat' dir='ltr'><strong>non</strong></span> <span class='ocrx_word' id='word_1_72' title='bbox 1452 1081 1567 1146; x_wconf 86' lang='lat' dir='ltr'><strong>aocidit</strong></span> <span class='ocrx_word' id='word_1_73' title='bbox 1588 1081 1635 1144; x_wconf 91' lang='lat' dir='ltr'><strong>illi</strong></span> <span class='ocrx_word' id='word_1_74' title='bbox 1653 1080 1910 1163; x_wconf 59' lang='lat' dir='ltr'><strong>hypostasiinmir.</strong></span> <span class='ocrx_word' id='word_1_75' title='bbox 1955 1169 1956 1174; x_wconf 5' lang='grc' dir='ltr'>ἵ</span> 
     </span>
     <span class='ocr_line' id='line_1_8' title="bbox 442 1188 1910 1276; baseline 0.001 -22"><span class='ocrx_word' id='word_1_76' title='bbox 442 1191 526 1268; x_wconf 90' lang='lat' dir='ltr'><strong>nali,</strong></span> <span class='ocrx_word' id='word_1_77' title='bbox 540 1190 736 1274; x_wconf 89' lang='lat' dir='ltr'><strong>impossibile</strong></span> <span class='ocrx_word' id='word_1_78' title='bbox 749 1195 797 1255; x_wconf 88' lang='lat' dir='ltr'><strong>est</strong></span> <span class='ocrx_word' id='word_1_79' title='bbox 819 1192 997 1275; x_wconf 81' lang='lat' dir='ltr'><strong>intelligere</strong></span> <span class='ocrx_word' id='word_1_80' title='bbox 1017 1210 1187 1276; x_wconf 89' lang='lat' dir='ltr'><strong>personam</strong></span> <span class='ocrx_word' id='word_1_81' title='bbox 1203 1210 1212 1255; x_wconf 73' lang='grc' dir='ltr'><strong><em>ε</em></strong></span> <span class='ocrx_word' id='word_1_82' title='bbox 1269 1188 1354 1252; x_wconf 89' lang='lat' dir='ltr'><strong>illius</strong></span> <span class='ocrx_word' id='word_1_83' title='bbox 1368 1207 1513 1271; x_wconf 79' lang='lat' dir='ltr'><strong>personae</strong></span> <span class='ocrx_word' id='word_1_84' title='bbox 1523 1188 1910 1272; x_wconf 77' lang='lat' dir='ltr'><strong>complementumralioeap</strong></span> 
     </span>
     <span class='ocr_line' id='line_1_9' title="bbox 442 1296 1911 1382; baseline -0.001 -20"><span class='ocrx_word' id='word_1_85' title='bbox 442 1299 574 1363; x_wconf 88' lang='lat' dir='ltr'><strong>sednon</strong></span> <span class='ocrx_word' id='word_1_86' title='bbox 589 1299 748 1364; x_wconf 88' lang='lat' dir='ltr'><strong>intellecta</strong></span> <span class='ocrx_word' id='word_1_87' title='bbox 761 1301 959 1382; x_wconf 83' lang='lat' dir='ltr'><strong>paternitate,</strong></span> <span class='ocrx_word' id='word_1_88' title='bbox 974 1306 1022 1365; x_wconf 91' lang='lat' dir='ltr'><strong>est</strong></span> <span class='ocrx_word' id='word_1_89' title='bbox 1035 1300 1214 1381; x_wconf 81' lang='lat' dir='ltr'><strong>intelligere</strong></span> <span class='ocrx_word' id='word_1_90' title='bbox 1268 1300 1315 1360; x_wconf 91' lang='lat' dir='ltr'><strong>est</strong></span> <span class='ocrx_word' id='word_1_91' title='bbox 1328 1296 1399 1360; x_wconf 90' lang='lat' dir='ltr'><strong>hoe.</strong></span> <span class='ocrx_word' id='word_1_92' title='bbox 1414 1296 1571 1373; x_wconf 85' lang='lat' dir='ltr'><strong>Quamvis</strong></span> <span class='ocrx_word' id='word_1_93' title='bbox 1580 1316 1659 1377; x_wconf 83' lang='lat' dir='ltr'><strong>ergo</strong></span> <span class='ocrx_word' id='word_1_94' title='bbox 1669 1296 1748 1360; x_wconf 82' lang='lat' dir='ltr'><strong>Pater</strong></span> <span class='ocrx_word' id='word_1_95' title='bbox 1758 1316 1806 1360; x_wconf 91' lang='lat' dir='ltr'><strong>non</strong></span> <span class='ocrx_word' id='word_1_96' title='bbox 1815 1298 1911 1361; x_wconf 70' lang='lat' dir='ltr'><strong>heae</strong></span> 
     </span>
     <span class='ocr_line' id='line_1_10' title="bbox 441 1404 1910 1488; baseline -0.001 -18"><span class='ocrx_word' id='word_1_97' title='bbox 441 1406 612 1471; x_wconf 81' lang='lat' dir='ltr'><strong>habentem</strong></span> <span class='ocrx_word' id='word_1_98' title='bbox 633 1407 830 1472; x_wconf 88' lang='lat' dir='ltr'><strong>divinitatem</strong></span> <span class='ocrx_word' id='word_1_99' title='bbox 854 1411 886 1472; x_wconf 91' lang='lat' dir='ltr'><strong>et</strong></span> <span class='ocrx_word' id='word_1_100' title='bbox 907 1408 1211 1472; x_wconf 76' lang='lat' dir='ltr'><strong>innascibilitatem:</strong></span> <span class='ocrx_word' id='word_1_101' title='bbox 1269 1423 1310 1468; x_wconf 83' lang='lat' dir='ltr'><strong>ex</strong></span> <span class='ocrx_word' id='word_1_102' title='bbox 1322 1404 1383 1469; x_wconf 90' lang='lat' dir='ltr'><strong>hoc</strong></span> <span class='ocrx_word' id='word_1_103' title='bbox 1397 1404 1485 1488; x_wconf 91' lang='lat' dir='ltr'><strong>quod</strong></span> <span class='ocrx_word' id='word_1_104' title='bbox 1498 1405 1553 1468; x_wconf 92' lang='lat' dir='ltr'><strong>dat</strong></span> <span class='ocrx_word' id='word_1_105' title='bbox 1565 1404 1657 1468; x_wconf 81' lang='lat' dir='ltr'><strong>alteri</strong></span> <span class='ocrx_word' id='word_1_106' title='bbox 1667 1422 1739 1483; x_wconf 80' lang='lat' dir='ltr'><strong>esse,</strong></span> <span class='ocrx_word' id='word_1_107' title='bbox 1752 1406 1910 1468; x_wconf 66' lang='lat' dir='ltr'><strong>muntia</strong></span> 
     </span>
     <span class='ocr_line' id='line_1_11' title="bbox 442 1511 1911 1600; baseline -0.002 -23"><span class='ocrx_word' id='word_1_108' title='bbox 442 1532 516 1577; x_wconf 91' lang='lat' dir='ltr'><strong>eum</strong></span> <span class='ocrx_word' id='word_1_109' title='bbox 530 1532 609 1596; x_wconf 84' lang='lat' dir='ltr'><strong>ergo</strong></span> <span class='ocrx_word' id='word_1_110' title='bbox 621 1514 847 1580; x_wconf 78' lang='lat' dir='ltr'><strong>innascibilitas</strong></span> <span class='ocrx_word' id='word_1_111' title='bbox 858 1517 900 1579; x_wconf 91' lang='lat' dir='ltr'><strong>sit</strong></span> <span class='ocrx_word' id='word_1_112' title='bbox 912 1517 1087 1600; x_wconf 81' lang='lat' dir='ltr'><strong>proprietas</strong></span> <span class='ocrx_word' id='word_1_113' title='bbox 1105 1533 1212 1598; x_wconf 87' lang='lat' dir='ltr'><strong>perso·</strong></span> <span class='ocrx_word' id='word_1_114' title='bbox 1268 1511 1354 1594; x_wconf 88' lang='lat' dir='ltr'><strong>pedit</strong></span> <span class='ocrx_word' id='word_1_115' title='bbox 1370 1513 1480 1595; x_wconf 91' lang='lat' dir='ltr'><strong>ipsum</strong></span> <span class='ocrx_word' id='word_1_116' title='bbox 1493 1531 1536 1576; x_wconf 83' lang='lat' dir='ltr'><strong>ex</strong></span> <span class='ocrx_word' id='word_1_117' title='bbox 1549 1512 1613 1576; x_wconf 91' lang='lat' dir='ltr'><strong>hoc</strong></span> <span class='ocrx_word' id='word_1_118' title='bbox 1633 1529 1696 1574; x_wconf 89' lang='lat' dir='ltr'><strong>esse</strong></span> <span class='ocrx_word' id='word_1_119' title='bbox 1716 1530 1840 1594; x_wconf 85' lang='lat' dir='ltr'><strong>personae</strong></span> <span class='ocrx_word' id='word_1_120' title='bbox 1853 1513 1911 1574; x_wconf 80' lang='lat' dir='ltr'><strong>hdr-</strong></span> 
     </span>
     <span class='ocr_line' id='line_1_12' title="bbox 443 1621 1958 1732; baseline -0.001 -48"><span class='ocrx_word' id='word_1_121' title='bbox 443 1638 494 1685; x_wconf 80' lang='lat' dir='ltr'><strong>nae</strong></span> <span class='ocrx_word' id='word_1_122' title='bbox 508 1621 622 1703; x_wconf 91' lang='lat' dir='ltr'><strong>patris,</strong></span> <span class='ocrx_word' id='word_1_123' title='bbox 642 1640 738 1703; x_wconf 80' lang='lat' dir='ltr'><strong>ergo,</strong></span> <span class='ocrx_word' id='word_1_124' title='bbox 753 1625 812 1686; x_wconf 87' lang='lat' dir='ltr'><strong>etc.</strong></span> <span class='ocrx_word' id='word_1_125' title='bbox 828 1651 835 1658; x_wconf 61' lang='lat'><em>⁷</em></span> <span class='ocrx_word' id='word_1_126' title='bbox 1268 1624 1346 1683; x_wconf 86' lang='lat' dir='ltr'><strong>tam</strong></span> <span class='ocrx_word' id='word_1_127' title='bbox 1957 1673 1958 1732; x_wconf 30' lang='grc'>1</span> 
     </span>
     <span class='ocr_line' id='line_1_13' title="bbox 483 1726 1958 1811; baseline -0.001 -21"><span class='ocrx_word' id='word_1_128' title='bbox 483 1733 512 1790; x_wconf 87' lang='grc'><strong>3.</strong></span> <span class='ocrx_word' id='word_1_129' title='bbox 528 1726 619 1807; x_wconf 89' lang='lat' dir='ltr'><strong>ltem,</strong></span> <span class='ocrx_word' id='word_1_130' title='bbox 630 1728 808 1810; x_wconf 83' lang='lat' dir='ltr'><strong>proprietas</strong></span> <span class='ocrx_word' id='word_1_131' title='bbox 819 1727 995 1811; x_wconf 89' lang='lat' dir='ltr'><strong>personalis</strong></span> <span class='ocrx_word' id='word_1_132' title='bbox 1005 1728 1099 1793; x_wconf 88' lang='lat' dir='ltr'><strong>dehet</strong></span> <span class='ocrx_word' id='word_1_133' title='bbox 1112 1729 1214 1793; x_wconf 87' lang='lat' dir='ltr'><strong>dicere</strong></span> <span class='ocrx_word' id='word_1_134' title='bbox 1308 1733 1339 1791; x_wconf 71' lang='lat'><strong>2.</strong></span> <span class='ocrx_word' id='word_1_135' title='bbox 1355 1727 1403 1793; x_wconf 82' lang='lat' dir='ltr'><strong>Ad</strong></span> <span class='ocrx_word' id='word_1_136' title='bbox 1416 1728 1496 1792; x_wconf 92' lang='lat' dir='ltr'><strong>illud</strong></span> <span class='ocrx_word' id='word_1_137' title='bbox 1510 1728 1598 1810; x_wconf 88' lang='lat' dir='ltr'><strong>quod</strong></span> <span class='ocrx_word' id='word_1_138' title='bbox 1612 1727 1758 1808; x_wconf 86' lang='lat' dir='ltr'><strong>objicitur,</strong></span> <span class='ocrx_word' id='word_1_139' title='bbox 1768 1726 1829 1808; x_wconf 85' lang='lat' dir='ltr'><strong>qued</strong></span> <span class='ocrx_word' id='word_1_140' title='bbox 1840 1727 1914 1789; x_wconf 66' lang='lat' dir='ltr'><strong>ethii</strong></span> <span class='ocrx_word' id='word_1_141' title='bbox 1957 1735 1958 1802; x_wconf 64' lang='grc' dir='ltr'>ξ</span> 
     </span>
    </p>
   </div>
   <div class='ocr_carea' id='block_1_3' title="bbox 441 1834 1960 3320">
    <p class='ocr_par' dir='ltr' id='par_1_3' title="bbox 442 1834 1958 2349">
     <span class='ocr_line' id='line_1_14' title="bbox 442 1834 1958 1919; baseline -0.001 -19"><span class='ocrx_word' id='word_1_142' title='bbox 442 1838 546 1900; x_wconf 90' lang='lat' dir='ltr'><strong>totum</strong></span> <span class='ocrx_word' id='word_1_143' title='bbox 559 1855 782 1919; x_wconf 72' lang='lat' dir='ltr'><strong>emepersonae</strong></span> <span class='ocrx_word' id='word_1_144' title='bbox 800 1859 807 1900; x_wconf 77' lang='grc' dir='ltr'><strong><em>ε</em></strong></span> <span class='ocrx_word' id='word_1_145' title='bbox 825 1837 879 1901; x_wconf 90' lang='lat' dir='ltr'><strong>sed</strong></span> <span class='ocrx_word' id='word_1_146' title='bbox 892 1838 1065 1919; x_wconf 86' lang='lat' dir='ltr'><strong>paternitas</strong></span> <span class='ocrx_word' id='word_1_147' title='bbox 1078 1856 1145 1901; x_wconf 92' lang='lat' dir='ltr'><strong>non</strong></span> <span class='ocrx_word' id='word_1_148' title='bbox 1158 1855 1214 1901; x_wconf 80' lang='lat' dir='ltr'><strong>no</strong></span> <span class='ocrx_word' id='word_1_149' title='bbox 1268 1835 1368 1916; x_wconf 80' lang='lat' dir='ltr'><strong>ligere</strong></span> <span class='ocrx_word' id='word_1_150' title='bbox 1379 1854 1552 1918; x_wconf 89' lang='lat' dir='ltr'><strong>persenam</strong></span> <span class='ocrx_word' id='word_1_151' title='bbox 1562 1834 1915 1915; x_wconf 62' lang='lat' dir='ltr'><strong>Patriaeeadtemmee</strong></span> <span class='ocrx_word' id='word_1_152' title='bbox 1957 1843 1958 1846; x_wconf 76' lang='grc'>’</span> 
     </span>
     <span class='ocr_line' id='line_1_15' title="bbox 442 1940 1915 2027; baseline -0.003 -20"><span class='ocrx_word' id='word_1_153' title='bbox 442 1943 545 2008; x_wconf 88' lang='lat' dir='ltr'><strong>minat</strong></span> <span class='ocrx_word' id='word_1_154' title='bbox 565 1962 735 2026; x_wconf 84' lang='lat' dir='ltr'><strong>personam</strong></span> <span class='ocrx_word' id='word_1_155' title='bbox 757 1943 859 2008; x_wconf 86' lang='lat' dir='ltr'><strong>Patris</strong></span> <span class='ocrx_word' id='word_1_156' title='bbox 882 1945 1061 2010; x_wconf 90' lang='lat' dir='ltr'><strong>secundum</strong></span> <span class='ocrx_word' id='word_1_157' title='bbox 1084 1963 1214 2008; x_wconf 88' lang='lat' dir='ltr'><strong>omnem</strong></span> <span class='ocrx_word' id='word_1_158' title='bbox 1269 1943 1431 2008; x_wconf 89' lang='lat' dir='ltr'><strong>intellectu</strong></span> <span class='ocrx_word' id='word_1_159' title='bbox 1444 1940 1915 2027; x_wconf 72' lang='lat' dir='ltr'><strong>pteneapprehendeneetretm</strong></span> 
     </span>
     <span class='ocr_line' id='line_1_16' title="bbox 442 2048 1915 2134; baseline 0 -23"><span class='ocrx_word' id='word_1_160' title='bbox 442 2048 674 2130; x_wconf 88' lang='lat' dir='ltr'><strong>plenitudinem</strong></span> <span class='ocrx_word' id='word_1_161' title='bbox 694 2050 924 2127; x_wconf 77' lang='lat' dir='ltr'><strong>facunditatis,</strong></span> <span class='ocrx_word' id='word_1_162' title='bbox 945 2050 1000 2114; x_wconf 91' lang='lat' dir='ltr'><strong>sed</strong></span> <span class='ocrx_word' id='word_1_163' title='bbox 1019 2050 1212 2115; x_wconf 88' lang='lat' dir='ltr'><strong>innascibili·</strong></span> <span class='ocrx_word' id='word_1_164' title='bbox 1268 2049 1340 2114; x_wconf 89' lang='lat' dir='ltr'><strong>liter</strong></span> <span class='ocrx_word' id='word_1_165' title='bbox 1359 2051 1567 2134; x_wconf 90' lang='lat' dir='ltr'><strong>procedente,</strong></span> <span class='ocrx_word' id='word_1_166' title='bbox 1584 2069 1651 2115; x_wconf 90' lang='lat' dir='ltr'><strong>non</strong></span> <span class='ocrx_word' id='word_1_167' title='bbox 1668 2054 1712 2114; x_wconf 78' lang='lat' dir='ltr'><strong>est</strong></span> <span class='ocrx_word' id='word_1_168' title='bbox 1729 2048 1855 2129; x_wconf 78' lang='lat' dir='ltr'><strong>intelligere</strong></span> <span class='ocrx_word' id='word_1_169' title='bbox 1866 2065 1915 2128; x_wconf 68' lang='lat' dir='ltr'><strong>pes·</strong></span> 
     </span>
     <span class='ocr_line' id='line_1_17' title="bbox 443 2153 1916 2241; baseline 0.001 -21"><span class='ocrx_word' id='word_1_170' title='bbox 443 2160 491 2220; x_wconf 92' lang='lat' dir='ltr'><strong>tas</strong></span> <span class='ocrx_word' id='word_1_171' title='bbox 506 2178 514 2221; x_wconf 77' lang='grc' dir='ltr'>ε</span> <span class='ocrx_word' id='word_1_172' title='bbox 530 2175 620 2239; x_wconf 83' lang='lat' dir='ltr'><strong>ergo,</strong></span> <span class='ocrx_word' id='word_1_173' title='bbox 635 2162 695 2222; x_wconf 86' lang='lat' dir='ltr'><strong>etc.</strong></span> <span class='ocrx_word' id='word_1_174' title='bbox 1000 2207 1005 2213; x_wconf 87' lang='lat'><em>.</em></span> <span class='ocrx_word' id='word_1_175' title='bbox 1268 2178 1345 2223; x_wconf 89' lang='lat' dir='ltr'><strong>nam</strong></span> <span class='ocrx_word' id='word_1_176' title='bbox 1358 2158 1471 2236; x_wconf 87' lang='lat' dir='ltr'><strong>Patris,</strong></span> <span class='ocrx_word' id='word_1_177' title='bbox 1483 2160 1536 2225; x_wconf 83' lang='lat' dir='ltr'><strong>vel</strong></span> <span class='ocrx_word' id='word_1_178' title='bbox 1545 2157 1744 2241; x_wconf 85' lang='lat' dir='ltr'><strong>hypostasim,</strong></span> <span class='ocrx_word' id='word_1_179' title='bbox 1753 2153 1916 2238; x_wconf 60' lang='lat' dir='ltr'><strong>doeemur</strong></span> 
     </span>
     <span class='ocr_line' id='line_1_18' title="bbox 482 2262 1918 2349; baseline -0.003 -23"><span class='ocrx_word' id='word_1_180' title='bbox 482 2268 513 2327; x_wconf 80' lang='lat' dir='ltr'><strong>l.</strong></span> <span class='ocrx_word' id='word_1_181' title='bbox 528 2264 609 2329; x_wconf 88' lang='lat' dir='ltr'><strong>ltem</strong></span> <span class='ocrx_word' id='word_1_182' title='bbox 622 2264 848 2330; x_wconf 83' lang='lat' dir='ltr'><strong>Damascenus¹</strong></span> <span class='ocrx_word' id='word_1_183' title='bbox 864 2288 872 2330; x_wconf 76' lang='grc' dir='ltr'>ε</span> <span class='ocrx_word' id='word_1_184' title='bbox 893 2265 960 2330; x_wconf 86' lang='lat' dir='ltr'><strong>eln</strong></span> <span class='ocrx_word' id='word_1_185' title='bbox 973 2266 1090 2332; x_wconf 90' lang='lat' dir='ltr'><strong>divinis</strong></span> <span class='ocrx_word' id='word_1_186' title='bbox 1106 2268 1213 2331; x_wconf 90' lang='lat' dir='ltr'><strong>omnia</strong></span> <span class='ocrx_word' id='word_1_187' title='bbox 1269 2268 1345 2349; x_wconf 86' lang='lat' dir='ltr'><strong>quia</strong></span> <span class='ocrx_word' id='word_1_188' title='bbox 1358 2267 1385 2330; x_wconf 92' lang='lat' dir='ltr'><strong>si</strong></span> <span class='ocrx_word' id='word_1_189' title='bbox 1396 2267 1600 2348; x_wconf 85' lang='lat' dir='ltr'><strong>intelligatur</strong></span> <span class='ocrx_word' id='word_1_190' title='bbox 1613 2265 1785 2329; x_wconf 84' lang='lat' dir='ltr'><strong>innascibilis</strong></span> <span class='ocrx_word' id='word_1_191' title='bbox 1793 2262 1918 2343; x_wconf 75' lang='lat' dir='ltr'><strong>ihpeoder</strong></span> 
     </span>
    </p>

    <p class='ocr_par' dir='ltr' id='par_1_4' title="bbox 441 2370 1959 2997">
     <span class='ocr_line' id='line_1_19' title="bbox 442 2370 1959 2458; baseline -0.003 -21"><span class='ocrx_word' id='word_1_192' title='bbox 442 2376 518 2437; x_wconf 85' lang='lat' dir='ltr'><strong>sunt</strong></span> <span class='ocrx_word' id='word_1_193' title='bbox 529 2392 634 2438; x_wconf 92' lang='lat' dir='ltr'><strong>unum</strong></span> <span class='ocrx_word' id='word_1_194' title='bbox 648 2380 764 2458; x_wconf 81' lang='lat' dir='ltr'><strong>praeter</strong></span> <span class='ocrx_word' id='word_1_195' title='bbox 778 2375 1032 2456; x_wconf 82' lang='lat' dir='ltr'><strong>generationem,</strong></span> <span class='ocrx_word' id='word_1_196' title='bbox 1046 2375 1216 2457; x_wconf 82' lang='lat' dir='ltr'><strong>ingenera·</strong></span> <span class='ocrx_word' id='word_1_197' title='bbox 1269 2374 1350 2438; x_wconf 90' lang='lat' dir='ltr'><strong>adsit</strong></span> <span class='ocrx_word' id='word_1_198' title='bbox 1369 2375 1558 2458; x_wconf 87' lang='lat' dir='ltr'><strong>paternitas,</strong></span> <span class='ocrx_word' id='word_1_199' title='bbox 1577 2372 1829 2440; x_wconf 75' lang='lat' dir='ltr'><strong>innascibiit&#39;adieit</strong></span> <span class='ocrx_word' id='word_1_200' title='bbox 1842 2370 1918 2452; x_wconf 67' lang='lat' dir='ltr'><strong>pru·</strong></span> <span class='ocrx_word' id='word_1_201' title='bbox 1958 2381 1959 2412; x_wconf 63' lang='lat' dir='ltr'><strong>t</strong></span> 
     </span>
     <span class='ocr_line' id='line_1_20' title="bbox 441 2478 1919 2565; baseline -0.005 -22"><span class='ocrx_word' id='word_1_202' title='bbox 441 2480 572 2559; x_wconf 91' lang='lat' dir='ltr'><strong>tionem,</strong></span> <span class='ocrx_word' id='word_1_203' title='bbox 587 2484 619 2545; x_wconf 89' lang='lat' dir='ltr'><strong>et</strong></span> <span class='ocrx_word' id='word_1_204' title='bbox 630 2483 874 2564; x_wconf 86' lang='lat' dir='ltr'><strong>processionem.</strong></span> <span class='ocrx_word' id='word_1_205' title='bbox 887 2505 902 2542; x_wconf 87' lang='lat'><strong><em>»</em></strong></span> <span class='ocrx_word' id='word_1_206' title='bbox 914 2483 1041 2547; x_wconf 83' lang='lat' dir='ltr'><strong>Constat</strong></span> <span class='ocrx_word' id='word_1_207' title='bbox 1054 2484 1215 2565; x_wconf 87' lang='lat' dir='ltr'><strong>quodnon</strong></span> <span class='ocrx_word' id='word_1_208' title='bbox 1269 2501 1360 2561; x_wconf 90' lang='lat' dir='ltr'><strong>nem,</strong></span> <span class='ocrx_word' id='word_1_209' title='bbox 1383 2502 1443 2547; x_wconf 89' lang='lat' dir='ltr'><strong>nee</strong></span> <span class='ocrx_word' id='word_1_210' title='bbox 1462 2482 1588 2564; x_wconf 85' lang='lat' dir='ltr'><strong>aliquid</strong></span> <span class='ocrx_word' id='word_1_211' title='bbox 1611 2482 1683 2545; x_wconf 84' lang='lat' dir='ltr'><strong>dicit</strong></span> <span class='ocrx_word' id='word_1_212' title='bbox 1700 2481 1771 2544; x_wconf 81' lang='lat' dir='ltr'><strong>circa</strong></span> <span class='ocrx_word' id='word_1_213' title='bbox 1785 2478 1868 2541; x_wconf 84' lang='lat' dir='ltr'><strong>Patren</strong></span> <span class='ocrx_word' id='word_1_214' title='bbox 1879 2493 1919 2557; x_wconf 73' lang='lat' dir='ltr'><strong>aa:</strong></span> 
     </span>
     <span class='ocr_line' id='line_1_21' title="bbox 441 2584 1918 2673; baseline -0.004 -23"><span class='ocrx_word' id='word_1_215' title='bbox 441 2588 588 2653; x_wconf 91' lang='lat' dir='ltr'><strong>nominat</strong></span> <span class='ocrx_word' id='word_1_216' title='bbox 610 2608 723 2653; x_wconf 86' lang='lat' dir='ltr'><strong>omnes</strong></span> <span class='ocrx_word' id='word_1_217' title='bbox 743 2591 950 2673; x_wconf 85' lang='lat' dir='ltr'><strong>proprietates</strong></span> <span class='ocrx_word' id='word_1_218' title='bbox 973 2612 982 2654; x_wconf 93' lang='lat'><strong>:</strong></span> <span class='ocrx_word' id='word_1_219' title='bbox 1011 2608 1090 2672; x_wconf 80' lang='lat' dir='ltr'><strong>ergo</strong></span> <span class='ocrx_word' id='word_1_220' title='bbox 1111 2589 1214 2653; x_wconf 91' lang='lat' dir='ltr'><strong>solem</strong></span> <span class='ocrx_word' id='word_1_221' title='bbox 1269 2608 1334 2654; x_wconf 92' lang='lat' dir='ltr'><strong>non</strong></span> <span class='ocrx_word' id='word_1_222' title='bbox 1347 2590 1539 2655; x_wconf 83' lang='lat' dir='ltr'><strong>dicetetiarn</strong></span> <span class='ocrx_word' id='word_1_223' title='bbox 1555 2591 1639 2654; x_wconf 88' lang='lat' dir='ltr'><strong>cirea</strong></span> <span class='ocrx_word' id='word_1_224' title='bbox 1652 2584 1918 2653; x_wconf 78' lang='lat' dir='ltr'><strong>essentianzetidees</strong></span> 
     </span>
     <span class='ocr_line' id='line_1_22' title="bbox 442 2692 1920 2781; baseline 0.001 -22"><span class='ocrx_word' id='word_1_225' title='bbox 442 2696 646 2776; x_wconf 85' lang='lat' dir='ltr'><strong>personales:</strong></span> <span class='ocrx_word' id='word_1_226' title='bbox 669 2715 748 2779; x_wconf 83' lang='lat' dir='ltr'><strong>ergo</strong></span> <span class='ocrx_word' id='word_1_227' title='bbox 761 2697 961 2778; x_wconf 78' lang='lat' dir='ltr'><strong>ingeneratio</strong></span> <span class='ocrx_word' id='word_1_228' title='bbox 979 2703 1024 2762; x_wconf 89' lang='lat' dir='ltr'><strong>est</strong></span> <span class='ocrx_word' id='word_1_229' title='bbox 1039 2698 1216 2781; x_wconf 87' lang='lat' dir='ltr'><strong>proprietas</strong></span> <span class='ocrx_word' id='word_1_230' title='bbox 1268 2697 1458 2779; x_wconf 80' lang='lat' dir='ltr'><strong>intelligitur</strong></span> <span class='ocrx_word' id='word_1_231' title='bbox 1474 2704 1512 2762; x_wconf 91' lang='lat' dir='ltr'><strong>ut</strong></span> <span class='ocrx_word' id='word_1_232' title='bbox 1525 2698 1698 2781; x_wconf 86' lang='lat' dir='ltr'><strong>proprietas</strong></span> <span class='ocrx_word' id='word_1_233' title='bbox 1709 2692 1920 2778; x_wconf 57' lang='lat' dir='ltr'><strong>personatum</strong></span> 
     </span>
     <span class='ocr_line' id='line_1_23' title="bbox 442 2801 1920 2891; baseline -0.001 -24"><span class='ocrx_word' id='word_1_234' title='bbox 442 2803 616 2885; x_wconf 88' lang='lat' dir='ltr'><strong>personalis</strong></span> <span class='ocrx_word' id='word_1_235' title='bbox 631 2827 639 2870; x_wconf 73' lang='grc' dir='ltr'><strong>ι</strong></span> <span class='ocrx_word' id='word_1_236' title='bbox 652 2809 684 2870; x_wconf 90' lang='lat' dir='ltr'><strong>et</strong></span> <span class='ocrx_word' id='word_1_237' title='bbox 696 2823 763 2869; x_wconf 91' lang='lat' dir='ltr'><strong>non</strong></span> <span class='ocrx_word' id='word_1_238' title='bbox 777 2805 840 2868; x_wconf 90' lang='lat' dir='ltr'><strong>nisi</strong></span> <span class='ocrx_word' id='word_1_239' title='bbox 854 2803 957 2869; x_wconf 87' lang='lat' dir='ltr'><strong>Patris</strong></span> <span class='ocrx_word' id='word_1_240' title='bbox 971 2828 979 2870; x_wconf 87' lang='lat'><strong>:</strong></span> <span class='ocrx_word' id='word_1_241' title='bbox 994 2824 1089 2887; x_wconf 83' lang='lat' dir='ltr'><strong>ergo,</strong></span> <span class='ocrx_word' id='word_1_242' title='bbox 1102 2809 1161 2870; x_wconf 86' lang='lat' dir='ltr'><strong>ete.</strong></span> <span class='ocrx_word' id='word_1_243' title='bbox 1269 2807 1342 2886; x_wconf 89' lang='lat' dir='ltr'><strong>alia,</strong></span> <span class='ocrx_word' id='word_1_244' title='bbox 1363 2807 1464 2871; x_wconf 91' lang='lat' dir='ltr'><strong>immo</strong></span> <span class='ocrx_word' id='word_1_245' title='bbox 1483 2811 1562 2872; x_wconf 88' lang='lat' dir='ltr'><strong>sunt</strong></span> <span class='ocrx_word' id='word_1_246' title='bbox 1585 2807 1773 2891; x_wconf 81' lang='lat' dir='ltr'><strong>proprietates</strong></span> <span class='ocrx_word' id='word_1_247' title='bbox 1789 2801 1920 2866; x_wconf 66' lang='lat' dir='ltr'><strong>manha</strong></span> 
     </span>
     <span class='ocr_line' id='line_1_24' title="bbox 1268 2905 1920 2997; baseline -0.015 -20"><span class='ocrx_word' id='word_1_248' title='bbox 1268 2914 1341 2978; x_wconf 91' lang='lat' dir='ltr'><strong>ideo</strong></span> <span class='ocrx_word' id='word_1_249' title='bbox 1356 2933 1421 2978; x_wconf 93' lang='lat' dir='ltr'><strong>non</strong></span> <span class='ocrx_word' id='word_1_250' title='bbox 1441 2915 1638 2997; x_wconf 78' lang='lat' dir='ltr'><strong>intelligitur</strong></span> <span class='ocrx_word' id='word_1_251' title='bbox 1653 2930 1770 2997; x_wconf 89' lang='lat' dir='ltr'><strong>persona</strong></span> <span class='ocrx_word' id='word_1_252' title='bbox 1781 2908 1850 2973; x_wconf 83' lang='lat' dir='ltr'><strong>Patris</strong></span> <span class='ocrx_word' id='word_1_253' title='bbox 1861 2905 1920 2970; x_wconf 74' lang='lat' dir='ltr'><strong>ea</strong></span> 
     </span>
    </p>

    <p class='ocr_par' dir='ltr' id='par_1_5' title="bbox 441 3009 1960 3320">
     <span class='ocr_line' id='line_1_25' title="bbox 713 3009 1960 3121; baseline -0.003 -36"><span class='ocrx_word' id='word_1_254' title='bbox 713 3054 939 3121; x_wconf 63' lang='lat' dir='ltr'>CONCLUSIO</span> <span class='ocrx_word' id='word_1_255' title='bbox 1268 3023 1381 3102; x_wconf 64' lang='lat' dir='ltr'><strong>filiola,</strong></span> <span class='ocrx_word' id='word_1_256' title='bbox 1396 3022 1464 3087; x_wconf 74' lang='lat' dir='ltr'><strong>Sive</strong></span> <span class='ocrx_word' id='word_1_257' title='bbox 1482 3023 1663 3106; x_wconf 63' lang='lat' dir='ltr'><strong>hypo-ilasis</strong></span> <span class='ocrx_word' id='word_1_258' title='bbox 1679 3022 1736 3085; x_wconf 72' lang='lat' dir='ltr'><strong>illa.</strong></span> <span class='ocrx_word' id='word_1_259' title='bbox 1754 3015 1920 3097; x_wconf 56' lang='lat' dir='ltr'><strong>Namplfflfm</strong></span> <span class='ocrx_word' id='word_1_260' title='bbox 1959 3009 1960 3016; x_wconf 10' lang='grc' dir='ltr'>ἵ</span> 
     </span>
     <span class='ocr_line' id='line_1_26' title="bbox 1269 3121 1919 3215; baseline -0.011 -21"><span class='ocrx_word' id='word_1_261' title='bbox 1269 3129 1536 3211; x_wconf 79' lang='lat' dir='ltr'><strong>innascibilitatis,</strong></span> <span class='ocrx_word' id='word_1_262' title='bbox 1561 3136 1598 3196; x_wconf 90' lang='lat' dir='ltr'><strong>ut</strong></span> <span class='ocrx_word' id='word_1_263' title='bbox 1617 3130 1783 3215; x_wconf 89' lang='lat' dir='ltr'><strong>proprietas,</strong></span> <span class='ocrx_word' id='word_1_264' title='bbox 1794 3121 1919 3202; x_wconf 73' lang='lat' dir='ltr'><strong>hemlee</strong></span> 
     </span>
     <span class='ocr_line' id='line_1_27' title="bbox 441 3230 1909 3320; baseline 0.002 -29"><span class='ocrx_word' id='word_1_265' title='bbox 441 3236 598 3293; x_wconf 70' lang='lat' dir='ltr'><strong>Petraeites</strong></span> <span class='ocrx_word' id='word_1_266' title='bbox 608 3276 618 3306; x_wconf 90' lang='lat'><strong>,</strong></span> <span class='ocrx_word' id='word_1_267' title='bbox 639 3241 665 3292; x_wconf 80' lang='lat' dir='ltr'><strong>et</strong></span> <span class='ocrx_word' id='word_1_268' title='bbox 684 3253 738 3294; x_wconf 84' lang='lat' dir='ltr'><strong>eon</strong></span> <span class='ocrx_word' id='word_1_269' title='bbox 760 3237 978 3305; x_wconf 72' lang='lat' dir='ltr'><strong>inpossibilitas,</strong></span> <span class='ocrx_word' id='word_1_270' title='bbox 999 3242 1039 3294; x_wconf 85' lang='lat' dir='ltr'><strong>eet</strong></span> <span class='ocrx_word' id='word_1_271' title='bbox 1060 3241 1216 3312; x_wconf 82' lang='lat' dir='ltr'><strong>proprietas</strong></span> <span class='ocrx_word' id='word_1_272' title='bbox 1269 3239 1417 3320; x_wconf 79' lang='lat' dir='ltr'><strong>prietates</strong></span> <span class='ocrx_word' id='word_1_273' title='bbox 1435 3242 1468 3303; x_wconf 78' lang='lat' dir='ltr'><strong>et</strong></span> <span class='ocrx_word' id='word_1_274' title='bbox 1488 3239 1658 3303; x_wconf 80' lang='lat' dir='ltr'><strong>relationes</strong></span> <span class='ocrx_word' id='word_1_275' title='bbox 1669 3242 1790 3319; x_wconf 83' lang='lat' dir='ltr'><strong>respectu</strong></span> <span class='ocrx_word' id='word_1_276' title='bbox 1805 3230 1909 3316; x_wconf 58' lang='lat' dir='ltr'><strong>perrupi</strong></span> 
     </span>
    </p>
   </div>
   <div class='ocr_carea' id='block_1_4' title="bbox 477 3326 1918 3490">
    <p class='ocr_par' dir='ltr' id='par_1_6' title="bbox 477 3326 1918 3490">
     <span class='ocr_line' id='line_1_28' title="bbox 477 3326 1918 3431; baseline 0.003 -50"><span class='ocrx_word' id='word_1_277' title='bbox 477 3326 644 3428; x_wconf 27' lang='lat' dir='ltr'><strong>sive-celetio</strong></span> <span class='ocrx_word' id='word_1_278' title='bbox 659 3343 778 3399; x_wconf 81' lang='lat' dir='ltr'><strong>persone</strong></span> <span class='ocrx_word' id='word_1_279' title='bbox 790 3330 898 3393; x_wconf 84' lang='lat' dir='ltr'><strong>Petris,</strong></span> <span class='ocrx_word' id='word_1_280' title='bbox 919 3344 978 3429; x_wconf 76' lang='lat' dir='ltr'><strong>eure</strong></span> <span class='ocrx_word' id='word_1_281' title='bbox 996 3330 1118 3429; x_wconf 59' lang='lat' dir='ltr'><strong>pameas</strong></span> <span class='ocrx_word' id='word_1_282' title='bbox 1141 3328 1216 3384; x_wconf 66' lang='lat' dir='ltr'><strong>diem</strong></span> <span class='ocrx_word' id='word_1_283' title='bbox 1268 3345 1410 3428; x_wconf 67' lang='lat' dir='ltr'>alioquin</span> <span class='ocrx_word' id='word_1_284' title='bbox 1438 3347 1488 3428; x_wconf 64' lang='lat' dir='ltr'><strong>(ut</strong></span> <span class='ocrx_word' id='word_1_285' title='bbox 1509 3365 1611 3431; x_wconf 61' lang='lat' dir='ltr'><strong>supra</strong></span> <span class='ocrx_word' id='word_1_286' title='bbox 1636 3350 1780 3411; x_wconf 58' lang='lat' dir='ltr'><strong>ostensum</strong></span> <span class='ocrx_word' id='word_1_287' title='bbox 1794 3342 1834 3420; x_wconf 48' lang='lat' dir='ltr'><strong>pp:</strong></span> <span class='ocrx_word' id='word_1_288' title='bbox 1849 3346 1918 3401; x_wconf 65' lang='lat' dir='ltr'><strong>mea</strong></span> 
     </span>
     <span class='ocr_line' id='line_1_29' title="bbox 478 3414 1214 3490; baseline 0.004 -19"><span class='ocrx_word' id='word_1_289' title='bbox 478 3414 664 3472; x_wconf 71' lang='lat' dir='ltr'><strong>Mbinedieem</strong></span> <span class='ocrx_word' id='word_1_290' title='bbox 683 3433 735 3490; x_wconf 83' lang='lat' dir='ltr'><strong>per</strong></span> <span class='ocrx_word' id='word_1_291' title='bbox 756 3416 863 3473; x_wconf 83' lang='lat' dir='ltr'><strong>medem</strong></span> <span class='ocrx_word' id='word_1_292' title='bbox 882 3421 1029 3490; x_wconf 72' lang='lat' dir='ltr'><strong>positionis</strong></span> <span class='ocrx_word' id='word_1_293' title='bbox 1049 3421 1075 3473; x_wconf 84' lang='lat' dir='ltr'><strong>et</strong></span> <span class='ocrx_word' id='word_1_294' title='bbox 1099 3418 1214 3490; x_wconf 85' lang='lat' dir='ltr'><strong>eomple-</strong></span> 
     </span>
    </p>
   </div>
   <div class='ocr_carea' id='block_1_5' title="bbox 479 3454 1453 3562">
    <p class='ocr_par' dir='ltr' id='par_1_7' title="bbox 479 3454 1453 3562">
     <span class='ocr_line' id='line_1_30' title="bbox 479 3454 1453 3562; baseline -0.001 -44"><span class='ocrx_word' id='word_1_295' title='bbox 479 3508 571 3562; x_wconf 34' lang='grc' dir='ltr'><strong>ἥσω·</strong></span> <span class='ocrx_word' id='word_1_296' title='bbox 1268 3454 1453 3536; x_wconf 79' lang='lat' dir='ltr'><strong>proprietas</strong></span> 
     </span>
    </p>
   </div>
   <div class='ocr_carea' id='block_1_6' title="bbox 324 3549 1961 5257">
    <p class='ocr_par' dir='ltr' id='par_1_8' title="bbox 1309 3510 1961 3655">
     <span class='ocr_line' id='line_1_31' title="bbox 1309 3549 1918 3643; baseline -0.005 -20"><span class='ocrx_word' id='word_1_297' title='bbox 1309 3564 1337 3624; x_wconf 81' lang='lat' dir='ltr'><strong>a.</strong></span> <span class='ocrx_word' id='word_1_298' title='bbox 1352 3559 1597 3643; x_wconf 66' lang='lat' dir='ltr'><strong>aecneaque</strong></span> <span class='ocrx_word' id='word_1_299' title='bbox 1611 3549 1918 3642; x_wconf 65' lang='lat' dir='ltr'><strong>ebriatur-,querere</strong></span> 
     </span>
    </p>

    <p class='ocr_par' dir='ltr' id='par_1_9' title="bbox 324 3654 1961 5257">
     <span class='ocr_line' id='line_1_32' title="bbox 324 3654 1961 3759; baseline 0 -29"><span class='ocrx_word' id='word_1_300' title='bbox 324 3691 429 3738; x_wconf 70' lang='lat' dir='ltr'><strong>raam.</strong></span> <span class='ocrx_word' id='word_1_301' title='bbox 484 3664 577 3749; x_wconf 87' lang='lat' dir='ltr'><strong>Resp.</strong></span> <span class='ocrx_word' id='word_1_302' title='bbox 593 3665 725 3748; x_wconf 78' lang='lat' dir='ltr'><strong>adhrg.</strong></span> <span class='ocrx_word' id='word_1_303' title='bbox 741 3666 916 3731; x_wconf 86' lang='lat' dir='ltr'><strong>Dicendum</strong></span> <span class='ocrx_word' id='word_1_304' title='bbox 929 3666 1026 3750; x_wconf 87' lang='lat' dir='ltr'><strong>qued,</strong></span> <span class='ocrx_word' id='word_1_305' title='bbox 1041 3666 1123 3732; x_wconf 91' lang='lat' dir='ltr'><strong>sicut</strong></span> <span class='ocrx_word' id='word_1_306' title='bbox 1136 3666 1211 3731; x_wconf 87' lang='lat' dir='ltr'><strong>dicit</strong></span> <span class='ocrx_word' id='word_1_307' title='bbox 1267 3672 1316 3732; x_wconf 87' lang='lat' dir='ltr'><strong>tas</strong></span> <span class='ocrx_word' id='word_1_308' title='bbox 1338 3667 1512 3748; x_wconf 87' lang='lat' dir='ltr'><strong>personalis</strong></span> <span class='ocrx_word' id='word_1_309' title='bbox 1524 3668 1602 3732; x_wconf 89' lang='lat' dir='ltr'><strong>dicit</strong></span> <span class='ocrx_word' id='word_1_310' title='bbox 1612 3672 1710 3731; x_wconf 85' lang='lat' dir='ltr'><strong>totum</strong></span> <span class='ocrx_word' id='word_1_311' title='bbox 1722 3654 1918 3746; x_wconf 59' lang='lat' dir='ltr'><strong>essepcutwit</strong></span> <span class='ocrx_word' id='word_1_312' title='bbox 1959 3658 1961 3759; x_wconf 49' lang='lat' dir='ltr'><strong>i</strong></span> 
     </span>
     <span class='ocr_line' id='line_1_33' title="bbox 443 3764 1961 3858; baseline -0.005 -20"><span class='ocrx_word' id='word_1_313' title='bbox 443 3774 626 3838; x_wconf 90' lang='lat' dir='ltr'><strong>communis</strong></span> <span class='ocrx_word' id='word_1_314' title='bbox 637 3774 757 3858; x_wconf 89' lang='lat' dir='ltr'><strong>opinio,</strong></span> <span class='ocrx_word' id='word_1_315' title='bbox 771 3778 802 3839; x_wconf 86' lang='lat' dir='ltr'><strong>et</strong></span> <span class='ocrx_word' id='word_1_316' title='bbox 816 3775 951 3839; x_wconf 86' lang='lat' dir='ltr'><strong>hahetur</strong></span> <span class='ocrx_word' id='word_1_317' title='bbox 967 3793 1009 3837; x_wconf 83' lang='lat' dir='ltr'><strong>ex</strong></span> <span class='ocrx_word' id='word_1_318' title='bbox 1027 3775 1133 3837; x_wconf 88' lang='lat' dir='ltr'><strong>verbis</strong></span> <span class='ocrx_word' id='word_1_319' title='bbox 1147 3773 1215 3839; x_wconf 88' lang='lat' dir='ltr'><strong>Ma·</strong></span> <span class='ocrx_word' id='word_1_320' title='bbox 1268 3776 1405 3840; x_wconf 86' lang='lat' dir='ltr'><strong>eandum</strong></span> <span class='ocrx_word' id='word_1_321' title='bbox 1425 3775 1571 3857; x_wconf 88' lang='lat' dir='ltr'><strong>quod,si</strong></span> <span class='ocrx_word' id='word_1_322' title='bbox 1589 3776 1707 3839; x_wconf 85' lang='lat' dir='ltr'><strong>dicatur</strong></span> <span class='ocrx_word' id='word_1_323' title='bbox 1720 3764 1917 3836; x_wconf 62' lang='lat' dir='ltr'><strong>nummis</strong></span> <span class='ocrx_word' id='word_1_324' title='bbox 1960 3766 1961 3817; x_wconf 83' lang='lat' dir='ltr'><strong>l</strong></span> 
     </span>
     <span class='ocr_line' id='line_1_34' title="bbox 442 3865 1961 3965; baseline 0.002 -23"><span class='ocrx_word' id='word_1_325' title='bbox 442 3879 535 3962; x_wconf 79' lang='lat' dir='ltr'><strong>gistri</strong></span> <span class='ocrx_word' id='word_1_326' title='bbox 549 3883 581 3944; x_wconf 89' lang='lat' dir='ltr'><strong>et</strong></span> <span class='ocrx_word' id='word_1_327' title='bbox 594 3878 802 3959; x_wconf 87' lang='lat' dir='ltr'><strong>Sanctorum,</strong></span> <span class='ocrx_word' id='word_1_328' title='bbox 818 3879 937 3944; x_wconf 86' lang='lat' dir='ltr'><strong>scilieet</strong></span> <span class='ocrx_word' id='word_1_329' title='bbox 951 3877 1082 3942; x_wconf 73' lang='lat' dir='ltr'><strong>llilarii²</strong></span> <span class='ocrx_word' id='word_1_330' title='bbox 1096 3882 1128 3941; x_wconf 91' lang='lat' dir='ltr'><strong>et</strong></span> <span class='ocrx_word' id='word_1_331' title='bbox 1146 3879 1215 3943; x_wconf 82' lang='lat' dir='ltr'><strong>Au·</strong></span> <span class='ocrx_word' id='word_1_332' title='bbox 1267 3883 1464 3965; x_wconf 89' lang='lat' dir='ltr'><strong>perfectum,</strong></span> <span class='ocrx_word' id='word_1_333' title='bbox 1499 3882 1691 3965; x_wconf 87' lang='lat' dir='ltr'><strong>completum</strong></span> <span class='ocrx_word' id='word_1_334' title='bbox 1717 3886 1743 3944; x_wconf 88' lang='lat' dir='ltr'><strong>et</strong></span> <span class='ocrx_word' id='word_1_335' title='bbox 1767 3865 1916 3961; x_wconf 55' lang='lat' dir='ltr'><strong>pmpt‘fflhfs‘</strong></span> <span class='ocrx_word' id='word_1_336' title='bbox 1960 3912 1961 3935; x_wconf 61' lang='lat' dir='ltr'><strong>t</strong></span> 
     </span>
     <span class='ocr_line' id='line_1_35' title="bbox 442 3970 1916 4071; baseline 0.003 -20"><span class='ocrx_word' id='word_1_337' title='bbox 442 3987 601 4069; x_wconf 69' lang='lat' dir='ltr'><strong>gustini’,</strong></span> <span class='ocrx_word' id='word_1_338' title='bbox 615 3987 788 4070; x_wconf 88' lang='lat' dir='ltr'><strong>paternitas</strong></span> <span class='ocrx_word' id='word_1_339' title='bbox 799 3991 846 4051; x_wconf 88' lang='lat' dir='ltr'><strong>est</strong></span> <span class='ocrx_word' id='word_1_340' title='bbox 860 3986 947 4050; x_wconf 88' lang='lat' dir='ltr'><strong>notio</strong></span> <span class='ocrx_word' id='word_1_341' title='bbox 961 3986 1136 4068; x_wconf 89' lang='lat' dir='ltr'><strong>personalis</strong></span> <span class='ocrx_word' id='word_1_342' title='bbox 1153 3984 1212 4049; x_wconf 89' lang='lat' dir='ltr'><strong>Pe·</strong></span> <span class='ocrx_word' id='word_1_343' title='bbox 1266 3991 1362 4055; x_wconf 90' lang='lat' dir='ltr'><strong>hahet</strong></span> <span class='ocrx_word' id='word_1_344' title='bbox 1375 3991 1560 4071; x_wconf 81' lang='lat' dir='ltr'><strong>veritatem3</strong></span> <span class='ocrx_word' id='word_1_345' title='bbox 1573 3991 1601 4053; x_wconf 89' lang='lat' dir='ltr'><strong>si</strong></span> <span class='ocrx_word' id='word_1_346' title='bbox 1613 3995 1714 4053; x_wconf 90' lang='lat' dir='ltr'><strong>autern</strong></span> <span class='ocrx_word' id='word_1_347' title='bbox 1722 3970 1916 4064; x_wconf 61' lang='lat' dir='ltr'><strong>mangenae</strong></span> 
     </span>
     <span class='ocr_line' id='line_1_36' title="bbox 442 4084 1915 4176; baseline -0.006 -18"><span class='ocrx_word' id='word_1_348' title='bbox 442 4094 518 4159; x_wconf 80' lang='lat' dir='ltr'><strong>tris·</strong></span> <span class='ocrx_word' id='word_1_349' title='bbox 534 4094 582 4159; x_wconf 82' lang='lat' dir='ltr'><strong>ad</strong></span> <span class='ocrx_word' id='word_1_350' title='bbox 606 4093 668 4158; x_wconf 90' lang='lat' dir='ltr'><strong>hoc</strong></span> <span class='ocrx_word' id='word_1_351' title='bbox 690 4093 777 4157; x_wconf 90' lang='lat' dir='ltr'><strong>enim</strong></span> <span class='ocrx_word' id='word_1_352' title='bbox 800 4093 886 4175; x_wconf 90' lang='lat' dir='ltr'><strong>quod</strong></span> <span class='ocrx_word' id='word_1_353' title='bbox 906 4093 1015 4176; x_wconf 89' lang='lat' dir='ltr'><strong>aliqua</strong></span> <span class='ocrx_word' id='word_1_354' title='bbox 1041 4092 1152 4157; x_wconf 89' lang='lat' dir='ltr'><strong>relatio</strong></span> <span class='ocrx_word' id='word_1_355' title='bbox 1174 4093 1215 4156; x_wconf 89' lang='lat' dir='ltr'><strong>sit</strong></span> <span class='ocrx_word' id='word_1_356' title='bbox 1267 4097 1455 4162; x_wconf 86' lang='lat' dir='ltr'><strong>dieittotum</strong></span> <span class='ocrx_word' id='word_1_357' title='bbox 1465 4116 1545 4176; x_wconf 89' lang='lat' dir='ltr'><strong>esse,</strong></span> <span class='ocrx_word' id='word_1_358' title='bbox 1558 4084 1915 4173; x_wconf 72' lang='lat' dir='ltr'><strong>idestomnemhahiedimt</strong></span> 
     </span>
     <span class='ocr_line' id='line_1_37' title="bbox 443 4196 1916 4289; baseline -0.005 -24"><span class='ocrx_word' id='word_1_359' title='bbox 443 4199 629 4284; x_wconf 89' lang='lat' dir='ltr'><strong>personalis,</strong></span> <span class='ocrx_word' id='word_1_360' title='bbox 640 4205 764 4283; x_wconf 89' lang='lat' dir='ltr'><strong>oportet</strong></span> <span class='ocrx_word' id='word_1_361' title='bbox 775 4200 861 4282; x_wconf 86' lang='lat' dir='ltr'><strong>qued</strong></span> <span class='ocrx_word' id='word_1_362' title='bbox 874 4199 956 4289; x_wconf 82' lang='lat' dir='ltr'><strong>dicat</strong></span> <span class='ocrx_word' id='word_1_363' title='bbox 968 4200 1055 4264; x_wconf 91' lang='lat' dir='ltr'><strong>illius</strong></span> <span class='ocrx_word' id='word_1_364' title='bbox 1068 4218 1213 4282; x_wconf 74' lang='lat' dir='ltr'><strong>personae</strong></span> <span class='ocrx_word' id='word_1_365' title='bbox 1266 4204 1311 4269; x_wconf 88' lang='lat' dir='ltr'><strong>sie</strong></span> <span class='ocrx_word' id='word_1_366' title='bbox 1330 4205 1445 4269; x_wconf 86' lang='lat' dir='ltr'><strong>falsum</strong></span> <span class='ocrx_word' id='word_1_367' title='bbox 1466 4208 1533 4283; x_wconf 88' lang='lat' dir='ltr'><strong>est;</strong></span> <span class='ocrx_word' id='word_1_368' title='bbox 1551 4205 1628 4288; x_wconf 86' lang='lat' dir='ltr'><strong>quia</strong></span> <span class='ocrx_word' id='word_1_369' title='bbox 1647 4222 1708 4268; x_wconf 93' lang='lat' dir='ltr'><strong>non</strong></span> <span class='ocrx_word' id='word_1_370' title='bbox 1726 4201 1799 4265; x_wconf 83' lang='lat' dir='ltr'><strong>dehet</strong></span> <span class='ocrx_word' id='word_1_371' title='bbox 1813 4196 1916 4258; x_wconf 71' lang='lat' dir='ltr'><strong>diere</strong></span> 
     </span>
     <span class='ocr_line' id='line_1_38' title="bbox 442 4290 1915 4393; baseline -0.001 -22"><span class='ocrx_word' id='word_1_372' title='bbox 442 4307 598 4391; x_wconf 89' lang='lat' dir='ltr'><strong>primam,</strong></span> <span class='ocrx_word' id='word_1_373' title='bbox 614 4312 646 4372; x_wconf 92' lang='lat' dir='ltr'><strong>et</strong></span> <span class='ocrx_word' id='word_1_374' title='bbox 667 4308 831 4391; x_wconf 90' lang='lat' dir='ltr'><strong>propriam</strong></span> <span class='ocrx_word' id='word_1_375' title='bbox 848 4307 1087 4384; x_wconf 89' lang='lat' dir='ltr'><strong>habitudinem,</strong></span> <span class='ocrx_word' id='word_1_376' title='bbox 1102 4290 1135 4371; x_wconf 88' lang='lat' dir='ltr'><strong>et</strong></span> <span class='ocrx_word' id='word_1_377' title='bbox 1156 4325 1214 4390; x_wconf 85' lang='lat' dir='ltr'><strong>per</strong></span> <span class='ocrx_word' id='word_1_378' title='bbox 1266 4328 1357 4391; x_wconf 90' lang='lat' dir='ltr'><strong>nem,</strong></span> <span class='ocrx_word' id='word_1_379' title='bbox 1373 4313 1427 4376; x_wconf 88' lang='lat' dir='ltr'><strong>sed</strong></span> <span class='ocrx_word' id='word_1_380' title='bbox 1440 4330 1571 4376; x_wconf 75' lang='lat' dir='ltr'><strong>necesse</strong></span> <span class='ocrx_word' id='word_1_381' title='bbox 1591 4309 1728 4393; x_wconf 84' lang='lat' dir='ltr'><strong>estquod</strong></span> <span class='ocrx_word' id='word_1_382' title='bbox 1744 4308 1808 4372; x_wconf 83' lang='lat' dir='ltr'><strong>dicat</strong></span> <span class='ocrx_word' id='word_1_383' title='bbox 1822 4292 1915 4365; x_wconf 67' lang='lat' dir='ltr'><strong>anmi</strong></span> 
     </span>
     <span class='ocr_line' id='line_1_39' title="bbox 443 4400 1916 4499; baseline -0.001 -20"><span class='ocrx_word' id='word_1_384' title='bbox 443 4416 577 4480; x_wconf 92' lang='lat' dir='ltr'><strong>modum</strong></span> <span class='ocrx_word' id='word_1_385' title='bbox 590 4414 757 4499; x_wconf 90' lang='lat' dir='ltr'><strong>positionis</strong></span> <span class='ocrx_word' id='word_1_386' title='bbox 768 4419 799 4478; x_wconf 88' lang='lat' dir='ltr'><strong>et</strong></span> <span class='ocrx_word' id='word_1_387' title='bbox 810 4414 1050 4498; x_wconf 87' lang='lat' dir='ltr'><strong>completionis:</strong></span> <span class='ocrx_word' id='word_1_388' title='bbox 1065 4415 1121 4479; x_wconf 88' lang='lat' dir='ltr'><strong>sed</strong></span> <span class='ocrx_word' id='word_1_389' title='bbox 1133 4432 1213 4479; x_wconf 89' lang='lat' dir='ltr'><strong>oon-</strong></span> <span class='ocrx_word' id='word_1_390' title='bbox 1265 4419 1469 4483; x_wconf 90' lang='lat' dir='ltr'><strong>terminatam</strong></span> <span class='ocrx_word' id='word_1_391' title='bbox 1492 4440 1501 4481; x_wconf 90' lang='lat'><strong>:</strong></span> <span class='ocrx_word' id='word_1_392' title='bbox 1523 4422 1583 4482; x_wconf 90' lang='lat' dir='ltr'><strong>aut</strong></span> <span class='ocrx_word' id='word_1_393' title='bbox 1596 4400 1916 4482; x_wconf 70' lang='lat' dir='ltr'><strong>nuhamnermetdr</strong></span> 
     </span>
     <span class='ocr_line' id='line_1_40' title="bbox 443 4519 1833 4607; baseline -0.003 -19"><span class='ocrx_word' id='word_1_394' title='bbox 443 4527 504 4588; x_wconf 88' lang='lat' dir='ltr'><strong>stat</strong></span> <span class='ocrx_word' id='word_1_395' title='bbox 522 4523 610 4607; x_wconf 90' lang='lat' dir='ltr'><strong>quod</strong></span> <span class='ocrx_word' id='word_1_396' title='bbox 634 4522 875 4603; x_wconf 85' lang='lat' dir='ltr'><strong>innascibilitas,</strong></span> <span class='ocrx_word' id='word_1_397' title='bbox 899 4528 1057 4605; x_wconf 86' lang='lat' dir='ltr'><strong>quantum</strong></span> <span class='ocrx_word' id='word_1_398' title='bbox 1077 4523 1117 4588; x_wconf 91' lang='lat' dir='ltr'><strong>ad</strong></span> <span class='ocrx_word' id='word_1_399' title='bbox 1144 4523 1214 4606; x_wconf 91' lang='lat' dir='ltr'><strong>pri-</strong></span> <span class='ocrx_word' id='word_1_400' title='bbox 1265 4531 1325 4603; x_wconf 89' lang='lat' dir='ltr'><strong>ret,</strong></span> <span class='ocrx_word' id='word_1_401' title='bbox 1339 4528 1424 4591; x_wconf 90' lang='lat' dir='ltr'><strong>etita</strong></span> <span class='ocrx_word' id='word_1_402' title='bbox 1434 4544 1501 4590; x_wconf 91' lang='lat' dir='ltr'><strong>non</strong></span> <span class='ocrx_word' id='word_1_403' title='bbox 1514 4526 1577 4590; x_wconf 88' lang='lat' dir='ltr'><strong>erit</strong></span> <span class='ocrx_word' id='word_1_404' title='bbox 1590 4525 1676 4590; x_wconf 92' lang='lat' dir='ltr'><strong>notio</strong></span> <span class='ocrx_word' id='word_1_405' title='bbox 1688 4519 1833 4606; x_wconf 79' lang='lat' dir='ltr'><strong>persomlis</strong></span> 
     </span>
     <span class='ocr_line' id='line_1_41' title="bbox 443 4625 1913 4716; baseline -0.005 -22"><span class='ocrx_word' id='word_1_406' title='bbox 443 4650 535 4696; x_wconf 91' lang='lat' dir='ltr'><strong>mum</strong></span> <span class='ocrx_word' id='word_1_407' title='bbox 562 4629 774 4710; x_wconf 85' lang='lat' dir='ltr'><strong>intellectum,</strong></span> <span class='ocrx_word' id='word_1_408' title='bbox 806 4645 874 4692; x_wconf 91' lang='lat' dir='ltr'><strong>non</strong></span> <span class='ocrx_word' id='word_1_409' title='bbox 901 4628 975 4693; x_wconf 87' lang='lat' dir='ltr'><strong>dicit</strong></span> <span class='ocrx_word' id='word_1_410' title='bbox 999 4630 1210 4712; x_wconf 75' lang='lat' dir='ltr'><strong>positionem:</strong></span> <span class='ocrx_word' id='word_1_411' title='bbox 1303 4639 1335 4698; x_wconf 75' lang='lat' dir='ltr'><strong>l.</strong></span> <span class='ocrx_word' id='word_1_412' title='bbox 1348 4634 1397 4698; x_wconf 85' lang='lat' dir='ltr'><strong>Ad</strong></span> <span class='ocrx_word' id='word_1_413' title='bbox 1413 4633 1492 4698; x_wconf 91' lang='lat' dir='ltr'><strong>illud</strong></span> <span class='ocrx_word' id='word_1_414' title='bbox 1505 4634 1595 4716; x_wconf 86' lang='lat' dir='ltr'><strong>quod</strong></span> <span class='ocrx_word' id='word_1_415' title='bbox 1610 4625 1913 4716; x_wconf 72' lang='lat' dir='ltr'><strong>objicitudehnaae·</strong></span> 
     </span>
     <span class='ocr_line' id='line_1_42' title="bbox 441 4737 1913 4825; baseline 0 -22"><span class='ocrx_word' id='word_1_416' title='bbox 441 4743 602 4823; x_wconf 84' lang='lat' dir='ltr'><strong>quantum</strong></span> <span class='ocrx_word' id='word_1_417' title='bbox 615 4739 655 4803; x_wconf 92' lang='lat' dir='ltr'><strong>ad</strong></span> <span class='ocrx_word' id='word_1_418' title='bbox 670 4741 916 4821; x_wconf 84' lang='lat' dir='ltr'><strong>consequentem</strong></span> <span class='ocrx_word' id='word_1_419' title='bbox 924 4737 1136 4820; x_wconf 89' lang='lat' dir='ltr'><strong>intellectum,</strong></span> <span class='ocrx_word' id='word_1_420' title='bbox 1148 4757 1213 4803; x_wconf 87' lang='lat' dir='ltr'><strong>nen</strong></span> <span class='ocrx_word' id='word_1_421' title='bbox 1266 4742 1435 4807; x_wconf 81' lang='lat' dir='ltr'><strong>dicendum</strong></span> <span class='ocrx_word' id='word_1_422' title='bbox 1455 4742 1541 4825; x_wconf 89' lang='lat' dir='ltr'><strong>quod</strong></span> <span class='ocrx_word' id='word_1_423' title='bbox 1560 4761 1627 4807; x_wconf 90' lang='lat' dir='ltr'><strong>nen</strong></span> <span class='ocrx_word' id='word_1_424' title='bbox 1644 4742 1786 4805; x_wconf 84' lang='lat' dir='ltr'><strong>enumerat</strong></span> <span class='ocrx_word' id='word_1_425' title='bbox 1799 4738 1913 4803; x_wconf 65' lang='lat' dir='ltr'><strong>annaei</strong></span> 
     </span>
     <span class='ocr_line' id='line_1_43' title="bbox 442 4836 1912 4933; baseline 0.001 -21"><span class='ocrx_word' id='word_1_426' title='bbox 442 4847 518 4912; x_wconf 89' lang='lat' dir='ltr'><strong>dicit</strong></span> <span class='ocrx_word' id='word_1_427' title='bbox 532 4846 700 4930; x_wconf 82' lang='lat' dir='ltr'><strong>specialem</strong></span> <span class='ocrx_word' id='word_1_428' title='bbox 712 4845 910 4921; x_wconf 90' lang='lat' dir='ltr'><strong>relationem,</strong></span> <span class='ocrx_word' id='word_1_429' title='bbox 921 4845 975 4909; x_wconf 88' lang='lat' dir='ltr'><strong>sed</strong></span> <span class='ocrx_word' id='word_1_430' title='bbox 988 4846 1141 4910; x_wconf 86' lang='lat' dir='ltr'><strong>tentalem</strong></span> <span class='ocrx_word' id='word_1_431' title='bbox 1150 4846 1214 4930; x_wconf 83' lang='lat' dir='ltr'><strong>ple·</strong></span> <span class='ocrx_word' id='word_1_432' title='bbox 1265 4851 1414 4933; x_wconf 87' lang='lat' dir='ltr'><strong>prietates</strong></span> <span class='ocrx_word' id='word_1_433' title='bbox 1427 4851 1621 4932; x_wconf 74' lang='lat' dir='ltr'><strong>personales,</strong></span> <span class='ocrx_word' id='word_1_434' title='bbox 1638 4846 1788 4914; x_wconf 59' lang='lat' dir='ltr'><strong>mundum</strong></span> <span class='ocrx_word' id='word_1_435' title='bbox 1797 4836 1912 4922; x_wconf 52' lang='lat' dir='ltr'><strong>enodi&amp;</strong></span> 
     </span>
     <span class='ocr_line' id='line_1_44' title="bbox 442 4942 1961 5045; baseline -0.003 -27"><span class='ocrx_word' id='word_1_436' title='bbox 442 4953 634 5018; x_wconf 88' lang='lat' dir='ltr'><strong>nitudinem.</strong></span> <span class='ocrx_word' id='word_1_437' title='bbox 650 4950 802 5016; x_wconf 86' lang='lat' dir='ltr'><strong>Similiter</strong></span> <span class='ocrx_word' id='word_1_438' title='bbox 816 4950 947 5035; x_wconf 89' lang='lat' dir='ltr'><strong>spiratio</strong></span> <span class='ocrx_word' id='word_1_439' title='bbox 961 4970 1029 5015; x_wconf 90' lang='lat' dir='ltr'><strong>non</strong></span> <span class='ocrx_word' id='word_1_440' title='bbox 1047 4952 1122 5018; x_wconf 87' lang='lat' dir='ltr'><strong>dicit</strong></span> <span class='ocrx_word' id='word_1_441' title='bbox 1138 4971 1211 5036; x_wconf 92' lang='lat' dir='ltr'><strong>pro·</strong></span> <span class='ocrx_word' id='word_1_442' title='bbox 1264 4957 1371 5037; x_wconf 76' lang='lat' dir='ltr'><strong>hales:</strong></span> <span class='ocrx_word' id='word_1_443' title='bbox 1387 4958 1442 5022; x_wconf 85' lang='lat' dir='ltr'><strong>sed</strong></span> <span class='ocrx_word' id='word_1_444' title='bbox 1455 4958 1594 5022; x_wconf 89' lang='lat' dir='ltr'><strong>intendit</strong></span> <span class='ocrx_word' id='word_1_445' title='bbox 1606 4942 1912 5021; x_wconf 68' lang='lat' dir='ltr'><strong>retatioaessubill&#39;till</strong></span> <span class='ocrx_word' id='word_1_446' title='bbox 1960 5042 1961 5045; x_wconf 8' lang='grc' dir='ltr'><strong>Ἴ</strong></span> 
     </span>
     <span class='ocr_line' id='line_1_45' title="bbox 442 5055 1961 5148; baseline -0.003 -21"><span class='ocrx_word' id='word_1_447' title='bbox 442 5062 548 5147; x_wconf 89' lang='lat' dir='ltr'><strong>priam</strong></span> <span class='ocrx_word' id='word_1_448' title='bbox 561 5062 759 5127; x_wconf 82' lang='lat' dir='ltr'><strong>relationem.</strong></span> <span class='ocrx_word' id='word_1_449' title='bbox 775 5059 815 5124; x_wconf 86' lang='lat' dir='ltr'><strong>Et</strong></span> <span class='ocrx_word' id='word_1_450' title='bbox 832 5059 903 5123; x_wconf 89' lang='lat' dir='ltr'><strong>ideo</strong></span> <span class='ocrx_word' id='word_1_451' title='bbox 921 5077 1048 5124; x_wconf 87' lang='lat' dir='ltr'><strong>necesse</strong></span> <span class='ocrx_word' id='word_1_452' title='bbox 1068 5062 1212 5144; x_wconf 82' lang='lat' dir='ltr'><strong>estquod</strong></span> <span class='ocrx_word' id='word_1_453' title='bbox 1266 5065 1479 5148; x_wconf 85' lang='lat' dir='ltr'><strong>prehendere,</strong></span> <span class='ocrx_word' id='word_1_454' title='bbox 1493 5066 1599 5130; x_wconf 87' lang='lat' dir='ltr'><strong>etsuh</strong></span> <span class='ocrx_word' id='word_1_455' title='bbox 1612 5061 1787 5148; x_wconf 78' lang='lat' dir='ltr'><strong>generatione</strong></span> <span class='ocrx_word' id='word_1_456' title='bbox 1796 5055 1910 5128; x_wconf 69' lang='lat' dir='ltr'><strong>inape</strong></span> <span class='ocrx_word' id='word_1_457' title='bbox 1960 5072 1961 5123; x_wconf 73' lang='lat' dir='ltr'><strong>l</strong></span> 
     </span>
     <span class='ocr_line' id='line_1_46' title="bbox 441 5167 1214 5257; baseline -0.004 -20"><span class='ocrx_word' id='word_1_458' title='bbox 441 5172 615 5257; x_wconf 86' lang='lat' dir='ltr'><strong>paternitas</strong></span> <span class='ocrx_word' id='word_1_459' title='bbox 627 5171 711 5236; x_wconf 91' lang='lat' dir='ltr'><strong>dicat</strong></span> <span class='ocrx_word' id='word_1_460' title='bbox 728 5193 735 5235; x_wconf 73' lang='grc' dir='ltr'><strong>ι</strong></span> <span class='ocrx_word' id='word_1_461' title='bbox 751 5169 837 5234; x_wconf 91' lang='lat' dir='ltr'><strong>unde</strong></span> <span class='ocrx_word' id='word_1_462' title='bbox 848 5173 880 5232; x_wconf 93' lang='lat' dir='ltr'><strong>et</strong></span> <span class='ocrx_word' id='word_1_463' title='bbox 891 5167 1030 5233; x_wconf 75' lang='lat' dir='ltr'><strong>rationes</strong></span> <span class='ocrx_word' id='word_1_464' title='bbox 1040 5168 1080 5232; x_wconf 89' lang='lat' dir='ltr'><strong>ad</strong></span> <span class='ocrx_word' id='word_1_465' title='bbox 1094 5168 1155 5233; x_wconf 88' lang='lat' dir='ltr'><strong>hoe</strong></span> <span class='ocrx_word' id='word_1_466' title='bbox 1167 5170 1214 5234; x_wconf 92' lang='lat' dir='ltr'><strong>in-</strong></span> 
     </span>
    </p>
   </div>
   <div class='ocr_carea' id='block_1_7' title="bbox 441 5244 1908 5399">
    <p class='ocr_par' dir='ltr' id='par_1_10' title="bbox 441 5244 1908 5399">
     <span class='ocr_line' id='line_1_47' title="bbox 441 5244 1908 5399; baseline -0.033 -52"><span class='ocrx_word' id='word_1_467' title='bbox 441 5281 546 5346; x_wconf 81' lang='lat' dir='ltr'><strong>ducta</strong></span> <span class='ocrx_word' id='word_1_468' title='bbox 558 5278 867 5345; x_wconf 78' lang='lat' dir='ltr'><strong>mucedendaesunt.</strong></span> <span class='ocrx_word' id='word_1_469' title='bbox 1265 5244 1908 5399; x_wconf 30' lang='lat' dir='ltr'><strong>aflffizehb·rwgfngvtguhatrffifflffiss</strong></span> 
     </span>
    </p>
   </div>
   <div class='ocr_carea' id='block_1_8' title="bbox 472 5402 1622 5471">
    <p class='ocr_par' dir='ltr' id='par_1_11' title="bbox 472 5402 1622 5471">
     <span class='ocr_line' id='line_1_48' title="bbox 472 5402 1622 5471; baseline -0.001 -13"><span class='ocrx_word' id='word_1_470' title='bbox 472 5407 619 5471; x_wconf 82' lang='lat' dir='ltr'><strong>¹Demasc.,</strong></span> <span class='ocrx_word' id='word_1_471' title='bbox 633 5404 665 5456; x_wconf 90' lang='lat' dir='ltr'><strong>de</strong></span> <span class='ocrx_word' id='word_1_472' title='bbox 676 5403 739 5455; x_wconf 83' lang='lat' dir='ltr'><strong>Fide</strong></span> <span class='ocrx_word' id='word_1_473' title='bbox 753 5402 863 5465; x_wconf 66' lang='lat' dir='ltr'><strong>orthod,</strong></span> <span class='ocrx_word' id='word_1_474' title='bbox 877 5402 922 5453; x_wconf 90' lang='lat' dir='ltr'><strong>lib.</strong></span> <span class='ocrx_word' id='word_1_475' title='bbox 939 5402 959 5467; x_wconf 86' lang='lat' dir='ltr'><strong>l,</strong></span> <span class='ocrx_word' id='word_1_476' title='bbox 974 5416 997 5453; x_wconf 89' lang='lat' dir='ltr'><strong>c.</strong></span> <span class='ocrx_word' id='word_1_477' title='bbox 1012 5414 1052 5467; x_wconf 86' lang='lat'><strong>11,</strong></span> <span class='ocrx_word' id='word_1_478' title='bbox 1065 5414 1082 5454; x_wconf 86' lang='lat' dir='ltr'>x</span> <span class='ocrx_word' id='word_1_479' title='bbox 1095 5406 1122 5454; x_wconf 88' lang='lat' dir='ltr'><strong>et</strong></span> <span class='ocrx_word' id='word_1_480' title='bbox 1132 5414 1170 5457; x_wconf 85' lang='lat'><strong>11.</strong></span> <span class='ocrx_word' id='word_1_481' title='bbox 1180 5430 1212 5444; x_wconf 90' lang='lat'><strong>-·</strong></span> <span class='ocrx_word' id='word_1_482' title='bbox 1264 5406 1294 5457; x_wconf 83' lang='lat' dir='ltr'><strong>de</strong></span> <span class='ocrx_word' id='word_1_483' title='bbox 1306 5406 1369 5458; x_wconf 80' lang='lat' dir='ltr'><strong>Fide</strong></span> <span class='ocrx_word' id='word_1_484' title='bbox 1380 5406 1416 5457; x_wconf 87' lang='lat' dir='ltr'><strong>ed</strong></span> <span class='ocrx_word' id='word_1_485' title='bbox 1427 5408 1540 5471; x_wconf 76' lang='lat' dir='ltr'><strong>reme,</strong></span> <span class='ocrx_word' id='word_1_486' title='bbox 1551 5422 1576 5460; x_wconf 87' lang='lat' dir='ltr'><strong>c.</strong></span> <span class='ocrx_word' id='word_1_487' title='bbox 1589 5419 1622 5458; x_wconf 91' lang='lat'><strong>11.</strong></span> 
     </span>
    </p>
   </div>
   <div class='ocr_carea' id='block_1_9' title="bbox 0 0 2054 6292">
    <p class='ocr_par' dir='ltr' id='par_1_12' title="bbox 0 0 2054 6292">
     <span class='ocr_line' id='line_1_49' title="bbox 0 0 2054 6292; baseline 0 0"><span class='ocrx_word' id='word_1_488' title='bbox 0 0 2054 6292; x_wconf 95' lang='lat' dir='ltr'><strong> </strong></span> 
     </span>
    </p>
   </div>
  </div>
 </body>
</html>
