4100 6300
817 500 1018 567 DIATRlBA.
1637 526 1717 573 mn

122 636 180 701 ubi
201 654 278 700 cum
290 635 455 700 consultus
467 638 567 715 esset,
584 635 657 717 quis
671 636 853 718 praesertim
867 637 952 702 inter
965 644 1085 704 ceteros
1099 639 1245 705 Doctores
1258 640 1430 720 emineret,
1443 641 1607 723 respondit
1622 643 1718 708 «sine

119 742 326 826 praeJudicio,
346 742 433 825 quod
447 741 483 806 D.
498 740 742 822 Bonaventura;
763 745 918 826 quoniam
938 747 973 809 in
993 747 1134 812 docendo
1154 747 1273 812 solidus
1290 752 1356 827 est,
1377 751 1409 811 et
1424 766 1575 829 securus,
1598 749 1670 831 pius
1687 755 1719 816 et

116 852 224 932 justus
237 856 269 914 et
284 851 428 915 devotus.
444 849 601 914 Praeterea
616 852 735 915 recedit
747 872 767 916 a
780 852 980 923 curiositate,
997 859 1154 936 quantum
1169 857 1289 937 potest,
1306 873 1372 918 nou
1388 854 1571 919 immiscens
1589 857 1718 940 positio·

118 975 176 1021 nes
189 962 378 1032 extraneas,
397 957 451 1021 vel
467 957 626 1022 doctrinas
646 957 824 1038 seculares,
844 959 1021 1024 dialecticas
1039 966 1094 1025 aut
1110 961 1275 1044 physicas,
1295 961 1440 1025 terminis
1453 962 1642 1045 theologicis
1656 965 1717 1028 ob-

118 1066 284 1130 umbratas
298 1083 386 1129 more
404 1064 604 1141 multorum,
620 1066 674 1129 sed
689 1066 768 1129 dum
782 1066 887 1131 studet
904 1067 1131 1132 illuminationi
1146 1069 1337 1147 intellectus,
1356 1072 1462 1132 totum
1476 1070 1574 1133 relert
1591 1071 1631 1134 ad
1647 1072 1715 1154 pie·

117 1176 217 1237 tatem
230 1178 262 1236 et
279 1172 517 1253 religiositatem
531 1170 673 1236 affectus.
699 1170 788 1237 Unde
809 1174 1013 1253 factumest,
1034 1176 1124 1240 atah
1143 1176 1300 1240 indevotis
1322 1175 1535 1255 scholasticis,
1553 1196 1714 1259 quorum,

116 1279 199 1363 proh
213 1279 323 1344 dolori
340 1282 442 1363 major
460 1283 507 1343 est
524 1297 700 1355 numerum,
721 1280 789 1362 ipsa
807 1281 917 1353 miuus
930 1282 1070 1346 extiterit
1088 1283 1324 1365 frequentatus,
1340 1301 1415 1346 cum
1433 1287 1540 1346 nmen
1554 1285 1644 1348 nulla
1657 1304 1716 1350 su-

117 1385 263 1466 blimior,
278 1386 368 1450 nulla
384 1386 533 1465 divinior,
553 1386 643 1449 nulla
658 1386 817 1452 salubrior
832 1392 928 1470 atque
942 1390 1073 1454 suavior
1091 1408 1150 1471 pro
1164 1389 1321 1471 theologis
1337 1390 1378 1452 sit
1390 1391 1544 1454 doatnna.
1559 1412 1575 1449 r
1592 1392 1716 1468 Quibus

115 1493 209 1559 valde
222 1494 362 1557 finitima
373 1498 449 1557 sunt
462 1511 515 1571 ea,
529 1512 603 1576 quae
617 1492 650 1557 S.
663 1493 848 1558 Antoninus
861 1495 993 1578 reliquit
1005 1495 1142 1577 scripta:
1161 1496 1433 1577 «bonaventura,
1446 1500 1555 1580 inquit
1563 1547 1573 1577 ,
1588 1498 1671 1563 sicut
1681 1501 1716 1564 in

114 1601 296 1665 luminibus
314 1601 540 1681 scientiarum,
561 1604 593 1664 et
610 1601 751 1664 maxime
770 1602 805 1665 in
823 1600 995 1685 Scripturis
1009 1603 1126 1666 sanctis
1139 1603 1307 1667 videbatur
1326 1603 1409 1667 mira
1427 1606 1599 1686 capacitate
1618 1608 1717 1689 proti-

115 1726 209 1773 aere:
229 1708 276 1772 ita
288 1707 323 1772 in
339 1707 517 1772 devotionis
530 1708 635 1788 gratia
651 1708 839 1773 continuum
853 1709 999 1773 sumebat
1013 1712 1126 1790 gratiae
1142 1710 1388 1774 incrementum.
1405 1709 1569 1794 Siquidem
1585 1731 1715 1779 omnem

115 1815 303 1891 veritatem,
323 1833 423 1897 quam
437 1814 633 1897 percipiebat
650 1814 832 1895 intellectu,
851 1816 892 1881 ad
907 1817 1044 1880 formam
1060 1816 1213 1881 orationis
1232 1822 1263 1881 et
1279 1817 1469 1882 lahdatiouis
1486 1819 1602 1885 diviuae
1618 1821 1716 1886 redu-

115 1941 189 1987 cens
202 1920 357 1986 contihuo
372 1922 555 1985 ruminabat
569 1922 684 1987 affectu
688 1969 751 1987 .....
766 1922 948 1988 Intellectus
963 1926 1033 2006 ejus
1047 1924 1398 2011 perspicaciamamnia
1411 1926 1565 2009 opuscula
1578 1929 1650 2009 ejus
1661 1946 1716 1992 re-

115 2030 223 2095 dolent
235 2030 288 2093 his
301 2031 356 2112 qui
373 2030 514 2094 divinam
530 2028 694 2093 scientiam
707 2032 926 2113 requirentes,
945 2033 1030 2095 hanc
1047 2031 1217 2107 libentius,
1238 2051 1337 2114 quam
1351 2033 1525 2097 vanitatem
1539 2035 1717 2099 Aristoteli-

115 2157 186 2202 cam
208 2138 471 2203 venerantum.»
494 2135 692 2219 Quapropter
708 2140 804 2219 jure,
827 2141 923 2221 atque
947 2139 1060 2203 merito
1080 2138 1202 2218 Sixtus,
1214 2139 1313 2222 hujus
1329 2140 1469 2203 nominis
1489 2139 1542 2217 Ν,
1558 2141 1624 2204 ait¹
1640 2164 1648 2206 ε
1663 2145 1717 2208 Eo

114 2262 254 2328 namque
268 2247 301 2310 S.
317 2247 542 2312 saucacorum
559 2244 599 2309 dc
618 2243 746 2311 dioinis
762 2245 854 2311 rebus
868 2248 1018 2329 scripsit,
1040 2252 1076 2312 at
1095 2249 1133 2312 in
1153 2262 1187 2313 co
1209 2245 1352 2328 Spiritus
1372 2247 1510 2314 Sanctus
1523 2247 1646 2315 hactus
1661 2251 1715 2316 ai·
1775 2265 1779 2273 ·

113 2352 243 2420 demur.
269 2351 347 2429 Quae
367 2370 445 2417 cave
466 2351 619 2434 accipias,
641 2352 733 2435 quasi
753 2353 880 2432 omnia,
907 2372 981 2436 qnae
1002 2354 1127 2435 scripsit
1149 2353 1390 2433 bonaventura,
1414 2355 1545 2437 perinde
1567 2356 1714 2422 habenda

114 2461 195 2538 sint,
209 2479 250 2524 aa
264 2460 395 2524 totidem
408 2459 637 2542 prophetarum
650 2459 788 2523 oracula.
809 2483 825 2521 a
841 2460 908 2523 Hoc
924 2460 1023 2537 enim,
1040 2460 1120 2526 alter
1133 2462 1248 2527 Sirius
1265 2461 1462 2529 Vsrrhrraotit
1473 2467 1495 2541 ⁸,
1509 2463 1545 2525 in
1559 2461 1592 2526 S.
1608 2462 1715 2527 Bona-

114 2572 253 2632 vantnra
271 2567 474 2650 praecipuum
488 2570 520 2630 et
534 2565 718 2647 singulare,
736 2572 773 2630 ut
788 2585 855 2631 non
870 2567 975 2631 solum
990 2569 1238 2649 argumentandi
1254 2570 1447 2648 subtilitate,
1465 2571 1600 2635 docendi
1614 2572 1716 2635 laaili-

114 2678 195 2754 late,
217 2672 392 2738 deliniendi
410 2673 538 2738 solertia
550 2677 735 2756 praestaret,
755 2675 811 2738 sed
824 2674 934 2739 divina
949 2676 1088 2757 quadam
1101 2675 1228 2739 animm
1247 2677 1458 2759 promovendi
1471 2678 1505 2740 vi
1519 2678 1713 2743 excelleret:

115 2783 159 2846 sic
172 2782 265 2846 enim
279 2781 444 2865 scribendo
459 2799 535 2844 cum
549 2799 678 2844 summa
691 2781 869 2845 eruditione
884 2801 994 2865 parem
1009 2782 1134 2864 pietatis
1147 2783 1294 2847 ardorem
1306 2786 1498 2866 conjungit,
1517 2790 1554 2849 ut
1564 2785 1715 2850 lectorem

116 2889 260 2954 docendo
277 2891 425 2964 moveat,
441 2887 520 2951 etin
533 2887 663 2950 intimos
677 2888 777 2951 animi
792 2906 937 2953 recessus
951 2890 1112 2969 illabatur,
1128 2910 1165 2954 ac
1179 2891 1318 2974 denique
1335 2893 1506 2975 seraphicis
1523 2893 1716 2975 quibusdam

118 2998 236 3062 aculeis
264 3014 319 3061 cor
339 2990 557 3078 compungat,
572 2999 604 3057 et
618 2994 703 3058 mira
718 2995 898 3059 devotionis
918 2997 1083 3062 dulcedine
1102 2999 1295 3081 perfundat:
1315 3018 1415 3081 quam
1431 3017 1509 3064 sane
1529 3000 1668 3082 gratiam
1682 3001 1716 3064 in

115 3104 213 3190 ipsius
227 3122 284 3169 ore
302 3106 334 3168 et
345 3101 466 3167 calamo
485 3101 635 3167 diffusam
650 3103 811 3168 admirans
827 3101 1042 3170 Praedecessor
1060 3109 1167 3171 noster
1179 3104 1289 3171 Sixtus
1311 3105 1351 3170 lll
1371 3104 1406 3170 P.
1421 3106 1500 3171 illud
1524 3107 1629 3173 dicere
1650 3126 1716 3173 non

114 3212 293 3290 dubitavit,
309 3209 464 3294 Spiritum
478 3216 625 3274 sancium
639 3211 674 3275 io
689 3213 887 3279 eoloautum
901 3215 1014 3279 videri.
1032 3235 1047 3272 a

152 3322 260 3405 Atque
272 3319 417 3382 haeuotae
428 3323 504 3380 suut
516 3317 664 3399 oplimae,
679 3321 875 3401 quibuscum
890 3340 1080 3403 germanam
1093 3319 1126 3386 S.
1140 3321 1281 3385 bnatoris
1293 3324 1434 3385 mentem
1446 3321 1633 3403 dignoscere
1645 3340 1715 3406 pos-

114 3431 213 3493 simus
227 3447 236 3491 :
251 3445 327 3509 quae
342 3426 369 3489 si
382 3426 505 3504 desint,
524 3427 688 3509 supposita
703 3433 798 3492 erunt
810 3427 1046 3494 Bonaveuturae
1062 3428 1230 3511 Opuscula.
1246 3427 1327 3491 Hinc
1339 3447 1359 3491 a
1373 3428 1553 3511 suspicione
1570 3430 1717 3494 falsitatis
1736 3419 1739 3430 ’

114 3535 227 3620 procul
241 3540 337 3598 erunt
350 3553 398 3612 ea,
410 3551 550 3616 quorum
560 3533 710 3601 doctrino
720 3527 907 3617 inflammat
918 3535 1067 3620 affectam
1081 3541 1109 3601 ct
1122 3534 1231 3602 crudit
1241 3535 1431 3600 intellectam
1442 3583 1453 3615 ,
1464 3536 1586 3603 reducit
1601 3541 1631 3602 et
1640 3540 1718 3608 unit

114 3644 158 3709 acl
167 3645 270 3709 naam
278 3657 336 3724 per
345 3657 483 3707 amorem
494 3644 692 3720 ostaticum
706 3642 760 3706 illa
772 3661 849 3707 vero
863 3645 1063 3725 supposititia
1071 3642 1217 3707 habenda
1229 3645 1335 3720 crunt,
1349 3660 1490 3723 quorum
1506 3642 1648 3707 doctrina
1666 3644 1717 3712 di·
1762 3699 1774 3711 .

114 3753 241 3818 variant
254 3758 285 3817 et
296 3750 454 3831 disparati
469 3749 661 3814 intellectum
674 3765 733 3831 per
746 3753 953 3831 praecisiones
964 3797 974 3827 ,
987 3753 1192 3833 prioritates,
1211 3755 1240 3816 et
1251 3751 1515 3831 posterioritates,
1532 3757 1560 3817 et
1577 3753 1676 3836 siquo
1688 3760 1717 3821 et

115 3858 336 3941 contingentia
346 3855 368 3918 ⁸.
385 3855 434 3919 Ab
448 3855 509 3919 hac
521 3860 632 3919 autem
646 3856 762 3937 regula
771 3857 868 3939 longe
882 3859 1021 3923 discessit
1034 3858 1195 3933 Oudinus,
1211 3858 1267 3939 qui
1282 3874 1358 3920 cum
1373 3857 1497 3920 malum
1514 3859 1662 3924 animum
1676 3862 1717 3925 ad

115 3966 231 4048 scripta
243 3964 479 4028 Bonaventurae
491 3965 635 4041 tulisset,
649 3967 769 4029 temere
783 3966 957 4047 judicavit,
973 3986 1010 4030 aa
1023 3967 1139 4029 falsam
1154 3966 1213 4056 sibi
1229 3965 1426 4048 principium
1441 3968 1620 4047 constituit,
1636 3988 1717 4051 quo·

116 4092 189 4136 cum
205 4075 279 4155 ejus
295 4071 396 4155 Opera
410 4089 576 4153 perperam
591 4070 815 4153 distingueret.
833 4072 863 4136 ls
880 4092 956 4137 cum
971 4076 1079 4155 gesta,
1097 4076 1129 4136 et
1142 4073 1258 4155 scripta
1275 4072 1308 4136 S.
1324 4070 1457 4137 Thomae
1475 4072 1645 4155 Aquinatis
1658 4095 1718 4140 ex-

116 4181 295 4263 peninar,
311 4179 464 4242 theonino
476 4179 588 4258 dente,
605 4182 643 4242 ut
652 4178 782 4259 dicitur,
797 4181 877 4243 tanti
889 4180 950 4244 viri
961 4181 1140 4245 doctrinam
1153 4180 1254 4259 rodit,
1268 4198 1406 4262 eamque
1420 4181 1518 4257 lictis,
1532 4186 1564 4245 et
1577 4182 1718 4247 ridiculis

117 4287 372 4352 accusationibus
385 4285 507 4365 affecit,
525 4289 561 4349 ut
575 4285 609 4348 in
626 4285 898 4367 vituperationem
913 4288 1087 4353 vocaverit.
1108 4285 1187 4365 Quae
1210 4287 1250 4351 de
1272 4288 1441 4369 Aquinatis
1458 4288 1603 4353 doctrina
1622 4290 1718 4353 stulte

117 4394 359 4478 pronuntiavit,
380 4394 490 4458 eadem
502 4411 633 4476 prorsus
644 4393 682 4457 de
694 4392 920 4460 Bonaveutnra
933 4394 1031 4470 dixit,
1048 4400 1145 4478 atque
1158 4413 1224 4459 uno
1236 4393 1416 4477 eodemque
1429 4395 1527 4460 ariete
1540 4399 1718 4477 utrumque

118 4502 284 4567 Doctorem
300 4501 464 4585 percussit.
487 4498 548 4564 Sed
565 4505 601 4564 ut
619 4500 800 4584 insipientis
819 4502 976 4585 ipsissima
994 4502 1093 4566 verba
1111 4501 1250 4581 habeas,
1273 4519 1379 4583 operae
1399 4501 1538 4584 pretium
1554 4506 1600 4565 est
1615 4500 1717 4567 Oudi-

119 4628 198 4673 num
213 4609 444 4673 transcribere:
464 4630 480 4668 ι
496 4605 791 4685 Quamvis'autem,
806 4611 931 4692 inquit,
946 4605 1105 4673 Pontitlcii
1119 4610 1284 4672 innumeri
1300 4609 1333 4673 S.
1348 4607 1507 4673 Thomam
1523 4609 1717 4692 Aquinatem

120 4716 160 4780 ob
175 4716 355 4781 doctrinam
373 4714 554 4790 laudarint,
576 4718 686 4779 tamen
700 4715 786 4798 apud
801 4716 889 4780 viros
903 4698 1032 4780 narium
1047 4720 1294 4792 emanatarum,
1314 4715 1365 4779 vel
1382 4715 1525 4794 nullam,
1546 4717 1598 4780 vel
1611 4717 1717 4781 modi·
1745 4703 1747 4706 ’

121 4841 189 4886 cam
202 4822 416 4887 eruditionem
432 4841 474 4886 ex
489 4823 623 4886 lectione
639 4841 774 4905 operum
789 4826 860 4905 ejus
873 4824 996 4887 hauriri
1012 4824 1162 4888 creditur.
1186 4822 1267 4887 Nam
1282 4822 1502 4887 scholasticam
1518 4823 1673 4887 trutinam
1686 4830 1719 4890 ct

122 4930 341 5011 garrulitatem
354 4930 485 4995 unicam
497 4931 635 5010 sciehat,
653 4930 714 4994 hac
728 4935 822 4995 aetate
838 4933 989 4995 omnibus
999 4930 1193 4995 scholasticis
1207 4948 1413 4994 communem
1429 4936 1461 4993 et
1473 4930 1608 4995 facilem.
1628 4931 1717 4997 Unde

123 5038 246 5103 nullum
264 5037 364 5121 ipsius
381 5037 442 5103 hac
457 5037 493 5102 in
507 5042 596 5122 parte
612 5039 764 5103 meritum
776 5039 908 5120 agnosci
926 5042 1050 5123 potest,
1067 5057 1143 5104 cum
1159 5042 1237 5102 tunc
1255 5037 1408 5119 temporis
1423 5038 1605 5102 tonsoribus
1621 5038 1717 5103 etiam

156 5210 164 5243 ¹
175 5210 204 5259 ln
216 5211 321 5260 Sammo
335 5210 414 5270 litat,
427 5209 569 5273 tit.xx1v,
584 5223 608 5259 a.
618 5220 676 5260 virt.

153 5280 202 5330 ¹lu
216 5278 367 5343 Diplcmcta
379 5294 430 5344 quo
444 5281 588 5330 Benevent.
603 5283 757 5332 Sanctarum
768 5280 827 5331 elbo
841 5279 985 5345 adscripsit.

155 5351 205 5401 ³ln
220 5351 349 5400 Decretuli
360 5351 417 5416 jam
436 5351 468 5400 de
480 5364 551 5401 noro
565 5352 643 5403 edita.

154 5420 245 5472 ‘ldem
259 5422 339 5472 Gema
352 5421 380 5471 in
394 5422 477 5486 Epist.
487 5421 518 5471 de
532 5422 601 5472 laud.
617 5424 644 5473 S.
655 5425 803 5484 Bmmaeot„
815 5426 880 5473 tom.
891 5423 918 5485 l,
933 5421 983 5472 col.
995 5424 1050 5473 llil.

155 5493 246 5545 ‘'l'om.
259 5494 294 5543 lll
300 5529 310 5557 ,
326 5491 356 5543 de
369 5494 492 5558 Scriptor.
504 5494 599 5545 Ecetra.
611 5496 703 5562 critiq,
718 5496 768 5547 col.
779 5498 835 5547 256.
