4100 6300
357 470 403 529 it
587 460 598 485 '
934 465 1244 550 subinsulsum
1264 471 1339 539 bib.
1363 475 1387 538 l.

363 601 469 683 posset
486 600 654 684 insurgere
673 603 832 688 appetitus
854 605 895 670 ad
919 604 1058 689 amplius
1079 605 1137 671 ali·
1193 609 1267 673 tatis
1280 627 1482 695 suprasuam
1496 609 1672 674 bonitatem
1691 624 1751 673 uos
1764 605 1885 688 diligit,
1896 605 1961 671 ideo

361 707 439 789 qnid
465 709 666 792 capiendum.
692 709 781 776 Patet
805 730 883 794 ergo
909 712 994 796 quod
1013 713 1053 778 ad
1077 714 1139 779 hoc
1194 718 1370 783 selmendo
1381 737 1441 783 nos
1455 717 1570 801 diligit.

361 815 447 897 quod
466 817 574 882 anima
592 817 798 902 compleatur,
811 820 961 903 quamvis
982 821 1138 905 capacita-
1235 831 1264 890 t.
1279 826 1329 892 Ad
1340 826 1418 892 illud
1432 826 1519 910 quod
1532 822 1963 909 objiciturdsviitute,qnod

361 927 427 988 tem
444 923 559 989 babeat
579 926 723 1006 finitam,
742 930 850 991 tamen
870 945 997 993 necesse
1012 932 1061 994 est
1078 928 1137 994 ad·
1194 934 1299 1000 virtus
1305 940 1352 1000 ast
1361 935 1483 1000 bonum
1496 934 1686 1010 honestum3
1701 930 1964 1014 dicendumquod

362 1049 430 1096 08³0
447 1031 569 1097 bonum
583 1032 761 1098 infinitum·
1193 1043 1316 1107 bonum
1345 1043 1516 1108 honestum
1540 1041 1656 1106 dicitur
1676 1039 1850 1123 dupliciter
1873 1058 1883 1102 t
1903 1042 1966 1101 ant

404 1143 434 1202 3.
466 1138 516 1204 Ad
536 1139 615 1205 illud
629 1158 708 1206 vero
733 1141 819 1225 quod
841 1142 992 1225 oincitnr
1015 1143 1055 1209 de
1078 1143 1137 1209 ho·
1192 1150 1280 1235 quod
1299 1155 1347 1216 est
1366 1168 1446 1234 pure
1469 1151 1607 1228 bounm;
1627 1154 1685 1213 aut
1700 1148 1736 1211 iii
1760 1165 1829 1231 quo
1851 1146 1966 1211 reluost

365 1251 741 1336 minc;diceudnmquod
750 1251 1136 1336 Deusdiligithomiuem‚
1193 1261 1265 1342 eJus
1288 1257 1473 1324 similitudo.
1505 1257 1612 1322 Primo
1639 1256 1747 1334 modo,
1769 1255 1908 1319 honesto
1923 1260 1966 1318 es

365 1362 397 1423 et
409 1376 502 1422 amor
515 1357 570 1423 Dei
582 1363 629 1423 est
651 1378 743 1425 amor
757 1361 931 1440 fruitionis3
951 1366 1059 1427 tamur
1078 1364 1139 1428 ho-
1193 1366 1385 1446 lruendum,
1399 1365 1527 1449 proprie
1538 1369 1666 1448 accepto
1682 1363 1788 1443 Frui,
1809 1362 1892 1446 quia
1910 1361 1966 1425 hoc

363 1465 450 1530 mine
467 1484 533 1530 uon
545 1466 681 1546 fruitur,
704 1468 784 1551 quia
807 1468 968 1551 diligendo
982 1488 1016 1534 se
1036 1470 1140 1552 diligit
1193 1474 1298 1540 solum
1321 1474 1488 1554 terminat,
1511 1477 1542 1537 et
1558 1472 1688 1556 quietat.
1706 1469 1859 1536 Secundo
1875 1468 1965 1533 modo

363 1572 543 1653 homiuem,
560 1573 592 1638 id
607 1578 665 1655 est,
679 1575 815 1640 fruendo
836 1576 982 1641 sentitur
995 1576 1137 1642 homine.
1193 1602 1271 1660 uon,
1287 1582 1348 1647 nisi
1357 1580 1765 1664 communitersecipiatur,
1780 1583 1881 1662 prout
1896 1577 1965 1643 dicit

363 1679 454 1759 Quod
467 1683 553 1764 patet
567 1681 631 1761 sic,
650 1683 731 1766 quia
744 1683 871 1748 dilectio
886 1683 942 1748 Dei
954 1685 994 1750 ad
1013 1689 1137 1750 creatu·
1193 1691 1444 1757 delectationem.
1460 1688 1651 1772 Hujusmodi
1664 1687 1762 1768 enim,
1777 1690 1912 1770 propter
1921 1705 1965 1750 ae

362 1806 433 1854 ram
447 1807 515 1854 non
529 1793 579 1854 est
592 1791 730 1868 allectio,
745 1791 800 1856 sed
813 1791 944 1857 affectus
957 1794 1138 1858 communi·
1194 1799 1420 1865 similationem
1437 1797 1478 1862 ad
1492 1796 1606 1877 Deum,
1620 1797 1740 1862 habent
1751 1794 1963 1880 pulchritudi-

362 1896 455 1962 catio.
472 1896 726 1963 communicatio
740 1903 848 1964 autem
862 1948 871 1979 ,
887 1901 1065 1966 secundum
1086 1920 1138 1966 ra·
1194 1925 1269 1971 nem
1282 1925 1347 1991 qua
1370 1924 1430 1971 nos
1442 1905 1609 1982 delectant,
1624 1909 1657 1969 et
1674 1904 1840 1982 alliciunt3
1860 1905 1963 1967 tanim

365 2005 485 2070 tionem
495 2004 704 2086 habitualem,
715 2007 1140 2074 attenditursecundnmbo-
1195 2015 1314 2100 inipsis
1322 2033 1388 2080 uon
1398 2018 1445 2078 est
1454 2011 1694 2096 quiescendum,
1702 2011 1779 2095 qnia
1791 2011 1962 2075 tuncamit·

366 2112 512 2193 nitatem,
528 2113 608 2196 quia
618 2113 741 2179 bouum
754 2115 897 2198 estquod
910 2119 1025 2180 uatum
1039 2121 1088 2181 est
1105 2135 1140 2181 se
1195 2128 1268 2188 tunt
1301 2121 1589 2205 pulchritudinem,
1617 2120 1693 2203 quia
1716 2118 1872 2198 virtntos
1892 2137 1963 2182 cnm

365 2221 623 2300 communicare;
638 2221 815 2287 secuudum
829 2223 985 2288 rationem
996 2242 1074 2290 vero
1087 2243 1139 2289 ao·
1194 2231 1234 2296 ad
1255 2249 1289 2296 so
1299 2223 1495 2308 referuntur,
1510 2228 1657 2312 superbae
1670 2231 1746 2291 suot
1766 2231 1799 2291 et
1815 2226 1961 2290 innatet

365 2332 485 2398 tnalcm
505 2334 690 2410 attenditur,
704 2334 772 2400 sive
784 2334 913 2417 respicit
924 2334 1137 2413 voluntatem
1236 2342 1266 2402 5.
1283 2338 1335 2403 ltd
1346 2337 1425 2401 illud
1437 2336 1523 2419 quod
1537 2335 1686 2418 objicitur
1698 2333 1738 2399 de
1750 2333 1961 2410 beatitudine

366 2440 443 2522 quia
463 2442 552 2506 enim
566 2442 647 2522 vult,
664 2442 735 2507 ideo
756 2442 841 2506 tacit.
855 2441 947 2508 Ratio
961 2447 1139 2525 ergooom-
1195 2446 1366 2513 dicendum
1391 2442 1477 2527 quod
1499 2442 1662 2509 beatitudo
1682 2445 1789 2506 ereata
1805 2460 1874 2506 nou
1896 2441 1962 2504 ituit

369 2552 556 2618 mimioaudi
581 2552 670 2618 venit
693 2571 735 2617 ex
753 2553 919 2618 voluntate
940 2558 972 2618 et
983 2555 1139 2635 bonitate,
1162 2556 1164 2558 ’
1194 2555 1372 2639 appetitum
1394 2570 1452 2635 pei·
1476 2569 1525 2631 se,
1550 2550 1604 2615 sed
1628 2568 1686 2633 per
1706 2550 1961 2633 oonjunctionem

366 2658 450 2724 sicut
469 2660 550 2725 ratio
575 2661 787 2744 cognoscendi
800 2661 840 2725 ab
858 2662 1033 2745 exemplari
1051 2667 1083 2726 et
1092 2662 1141 2726 in·
1196 2679 1269 2726 cum
1282 2661 1423 2726 increata
1437 2678 1447 2723 ε
1460 2660 1547 2725 uude
1559 2658 1667 2724 anima
1679 2657 1785 2741 ipsam
1799 2657 1839 2740 (ιι)
1862 2656 1962 2739 diligit

367 2765 556 2848 tolligeutia.
572 2766 654 2847 Quia
665 2787 744 2852 ergo
757 2787 798 2835 ex
805 2769 1013 2835 conversione
1024 2767 1140 2835 volun·
1195 2768 1451 2854 propterbeum,
1465 2785 1533 2833 non
1544 2771 1674 2851 propter
1685 2783 1731 2830 se.

927 3064 1298 3163 DISTINGTIO
1332 3066 1397 3160 ll.

600 3330 639 3376 na
662 3328 1017 3395 morimonianus,
1043 3329 1082 3375 nr
1104 3328 1257 3395 uuiriris,
1282 3327 1441 3376 srcnuomi
1463 3327 1545 3384 ouon
1567 3328 1726 3376 connum.

411 3527 480 3596 Hoc
494 3527 605 3620 itaque
619 3549 697 3597 vera
709 3548 746 3595 ae
760 3525 817 3618 pia
830 3524 895 3593 lide
909 3523 1088 3594 tenendum
1099 3531 1158 3611 est,
1170 3522 1260 3616 quod
1273 3522 1446 3593 «Trinitas
1455 3546 1544 3593 uuus
1555 3524 1599 3592 sit
1607 3530 1640 3591 et
1648 3523 1740 3593 solus
1751 3544 1851 3592 verus
1863 3520 1955 3603 bens

365 3651 404 3712 ut
417 3644 464 3712 ait
476 3643 685 3733 Augustinus
698 3644 734 3712 iu
745 3644 804 3712 lib.
819 3644 835 3711 Ι
849 3642 890 3711 de
902 3643 1066 3711 ienitate
1078 3648 1102 3726 ⁸,
1119 3641 1240 3710 scilicet
1254 3641 1367 3728 Pater,
1384 3649 1417 3710 et
1428 3641 1553 3727 Filius,
1567 3648 1599 3709 et
1613 3639 1759 3732 Spiritus
1772 3646 1914 3723 sanctus,
1928 3646 1957 3705 et

373 3758 442 3827 liaeo
455 3759 600 3828 Trinitas
614 3758 938 3852 uniusejusdemque
947 3755 1150 3843 substantie,
1162 3757 1216 3825 vel
1225 3757 1384 3843 essentie,
1396 3756 1530 3844 dicitur,
1541 3756 1698 3843 creditur,
1709 3754 1953 3846 intelligitur...,

368 3896 444 3965 quin
461 3884 508 3943 ost
524 3898 693 3944 summum
703 3875 842 3961 bouum,
854 3874 943 3968 quod
955 3874 1195 3967 purgatissimis
1206 3873 1373 3942 mentibus
1384 3874 1571 3944 cernitur...
1582 3872 1802 3942 Mentisenim
1812 3872 1955 3942 bumana

367 3992 451 4061 acies
467 3991 615 4061 invalida
629 3992 665 4060 iu
679 3999 746 4060 tam
760 3991 933 4060 excellenti
952 3991 1026 4060 luce
1047 4013 1113 4059 uon
1135 3990 1264 4081 figitur,
1280 3990 1346 4059 nisi
1362 4013 1421 4084 per
1434 3989 1597 4083 justitiam
1618 3989 1698 4058 fidei
1716 3989 1950 4058 emundetur.»

367 4108 461 4193 Item,
480 4108 516 4176 in
529 4108 589 4176 lib.
605 4109 621 4176 1
634 4110 920 4178 detractationem
933 4109 943 4146 ⁸
961 4133 972 4173 :
988 4135 1006 4174 a
1021 4107 1095 4176 Nou
1109 4107 1254 4200 approbo
1267 4107 1357 4199 quod
1372 4107 1407 4175 iu
1422 4107 1570 4176 oratioue
1584 4105 1654 4176 diiii
1671 4131 1679 4173 ε
1697 4109 1798 4187 Deio,
1813 4108 1869 4199 qui
1881 4128 1953 4175 nors

367 4224 436 4295 uisi
453 4212 727 4294 mundoi'verum
748 4226 832 4294 scire
848 4224 982 4294 volasti·
989 4247 1003 4308 ;
1020 4222 1210 4317 responderi
1228 4223 1318 4292 euim
1335 4230 1460 4316 potest,
1477 4223 1599 4292 multos
1616 4224 1716 4292 etiam
1734 4246 1803 4292 non
1823 4222 1953 4293 mundos

366 4343 476 4412 multu
498 4342 580 4411 scire
601 4364 691 4411 vera.
708 4365 724 4405 i
745 4340 792 4410 De
813 4341 874 4410 hac
891 4364 926 4411 re
946 4363 1025 4431 ergo
1039 4363 1169 4410 summa
1189 4348 1221 4409 et
1239 4339 1511 4409 excellentissima
1527 4362 1603 4409 cnm
1624 4340 1785 4410 modestia
1801 4349 1835 4409 et
1846 4340 1952 4409 timore

367 4459 537 4549 agendum
555 4466 623 4546 est,
643 4465 677 4526 et
693 4455 918 4526 attentissimis
936 4457 1093 4542 auribus,
1113 4463 1212 4549 atque
1230 4455 1375 4543 devotis,
1393 4442 1626 4526 audiendum:
1651 4482 1669 4523 (ι
1688 4456 1749 4526 ubi
1771 4463 1783 4499 ⁸
1801 4456 1952 4550 quaeritur

367 4575 481 4644 unitos
494 4574 678 4660 Trinitatis,
694 4573 802 4642 Patris
815 4573 950 4661 scilieet,
966 4582 998 4642 et
1009 4572 1100 4660 Filii,
1116 4579 1148 4641 et
1161 4571 1305 4666 Spiritus
1318 4573 1438 4662 sancti3
1451 4573 1531 4666 quia
1541 4596 1600 4642 nec
1609 4573 1828 4665 periculosius
1839 4571 1950 4642 abenbi

368 4700 514 4779 erratur,
530 4714 590 4761 uec
604 4690 800 4761 laboriosius
816 4690 942 4784 aliquid
952 4690 1126 4783 quaeritur,
1141 4713 1202 4760 iiec
1215 4690 1416 4760 fructuosius
1428 4690 1555 4784 aliquid
1571 4689 1753 4760 invenitur.
1770 4716 1788 4756 s
1805 4688 1947 4773 Proinde,

368 4808 476 4879 omnis
493 4809 551 4902 qui
566 4808 661 4878 audit
674 4815 707 4878 et
721 4808 803 4898 legit
816 4831 873 4893 ea,
889 4829 964 4901 qnae
981 4806 1021 4875 de
1035 4806 1196 4877 ineffabili
1209 4814 1242 4876 et
1257 4808 1473 4877 inaccessibili
1491 4807 1564 4876 lnce
1584 4806 1777 4876 Divinitatis
1791 4807 1946 4889 dicuntur,

366 4926 498 4996 studeat
511 4924 653 5011 imitari,
669 4933 770 5017 atque
783 4946 913 4994 servare
926 4922 1017 5017 quod
1030 4923 1229 4993 venerabilis
1241 4924 1355 4995 doctor
1367 4923 1593 5014 Augustinus,
1612 4922 1648 4992 iii
1667 4922 1754 4993 libro
1768 4924 1784 4992 1
1796 4923 1837 4992 de
1852 4920 1947 4991 Trini-

368 5054 439 5113 tate
452 5051 475 5121 ⁸,
495 5041 536 5110 de
547 5063 581 5109 se
594 5040 665 5133 ipso
677 5039 724 5110 ait
741 5065 749 5109 :
769 5039 875 5110 «Non
892 5040 1019 5134 pigebit
1038 5062 1110 5126 me,
1125 5040 1253 5133 inquit,
1269 5041 1374 5111 sicubi
1393 5039 1528 5128 haesito,
1543 5062 1708 5134 quaerere3
1725 5062 1786 5111 neo
1803 5038 1943 5134 pudebit,

368 5158 475 5230 sicubi
492 5179 584 5245 erro,
600 5156 737 5227 discere.
754 5157 912 5250 Quisquis
935 5180 1013 5248 ergo
1031 5157 1125 5226 audit
1142 5157 1221 5243 boe,
1236 5158 1290 5227 vel
1307 5157 1407 5248 legit,
1422 5157 1481 5227 ubi
1499 5161 1621 5251 pariter
1638 5166 1748 5227 certus
1765 5166 1833 5245 est,
1847 5161 1944 5250 pergat

398 5322 408 5356 1
423 5320 462 5370 Ex
476 5319 597 5382 August,
612 5315 642 5366 de
656 5316 732 5367 civit.
747 5316 811 5378 Dei,
822 5314 868 5365 lib.
879 5317 952 5381 xlii,
968 5332 992 5369 c.
1007 5330 1070 5370 xxv.
1083 5320 1136 5356 -¹
1146 5321 1262 5383 August,
1273 5317 1304 5369 de
1317 5318 1417 5380 Trinit,
1431 5334 1456 5370 c.
1470 5330 1490 5370 ιι
1498 5355 1507 5383 ,
1521 5333 1549 5371 n.
1559 5320 1584 5370 t.
1596 5342 1628 5355 -
1642 5317 1781 5383 ⁸ltetroet,
1790 5318 1834 5369 tib.
1846 5319 1864 5382 t,
1876 5330 1898 5367 e.
1909 5322 1942 5375 ir,

367 5403 395 5442 n.
410 5393 434 5441 2.
444 5389 494 5428 -t
507 5387 586 5440 tdde
602 5386 669 5438 Tria.
683 5387 727 5439 tib.
741 5387 766 5452 t,
782 5400 805 5439 o.
817 5397 857 5452 iii,
873 5400 899 5438 u.
911 5390 974 5440 5.-
987 5390 995 5421 ⁵
1010 5387 1087 5451 itia,
1102 5404 1126 5440 c.
1139 5401 1174 5453 ri,
1186 5402 1215 5439 ii.
1226 5391 1249 5452 t,
1265 5392 1292 5440 ct
1303 5403 1327 5439 e.
1339 5400 1387 5455 iu,
1402 5403 1429 5442 u.
1439 5394 1463 5443 5.

347 5457 354 5467 ⁶
400 5490 764 5560 (a).cai.eco.tatentipsi.
