4100 6300
404 387 470 448 102
885 449 895 456 ,
993 380 1304 448 SENTENTIARUM
1323 381 1397 447 LlB.
1420 381 1445 446 Ι.
1961 457 1962 546 1

405 537 506 600 quare
519 536 584 583 non
607 517 791 583 conceditur
804 516 863 580 ista
880 540 887 580 :
907 516 1086 581 «Personae
1100 520 1177 582 sunt
1232 518 1290 582 tud
1310 536 1429 582 nomeu
1450 516 1639 599 impositum
1657 519 1700 580 est
1716 523 1886 600 apertarum,
1961 563 1962 614 ,

405 644 448 690 ex
461 625 571 689 eadem
586 626 733 704 essentia,
746 645 761 683 a
791 623 872 687 sicut
884 624 1069 688 conceditur
1089 624 1172 689 ista:
1231 630 1263 690 et
1275 624 1337 690 hoc
1349 624 1430 688 nihil
1443 629 1501 702 est,
1515 625 1590 706 quia
1605 624 1658 687 illa
1670 626 1888 693 suntmrinue
1961 631 1962 640 ’

410 731 586 795 «Personae
600 734 674 796 suut
687 729 834 819 ejusdem
855 730 1010 793 essentiae.
1026 752 1042 790 a
1064 729 1103 794 llt
1123 730 1175 795 vi-
1230 731 1369 809 tionum,
1385 736 1418 796 et
1429 749 1481 796 res
1491 731 1646 796 dividitur
1656 736 1751 796 contra
1758 734 1888 799 interm

405 839 499 904 detur
510 840 595 921 quod
609 839 720 904 debeat
732 837 964 920 eoncedi3quia
977 842 1027 902 'eu
1052 837 1126 900 dicit
1138 838 1174 902 in
1271 839 1362 922 Resp.
1379 839 1556 904 Dicendum
1568 839 1654 921 quod
1668 843 1890 922 reputatum

403 946 524 1010 divinis
532 945 751 1011 habitudinem
759 945 906 1026 originis,
915 947 947 1008 et
955 944 1101 1009 simililer
1111 964 1173 1027 ge·
1232 947 1298 1010 rari
1313 946 1476 1029 tripliciter
1491 968 1499 1010 ε
1515 949 1573 1010 aut
1584 947 1745 1010 secuudum
1755 949 1890 1029 propriam,

402 1052 526 1116 nitivus
540 1053 698 1133 originem
712 1053 873 1134 importat.
889 1050 922 1115 Si
936 1055 973 1115 tu
985 1052 1071 1116 dicas
1085 1053 1174 1135 quod
1227 1053 1413 1136 quashabet
1426 1053 1598 1136 inproprie
1609 1056 1727 1132 nalurm
1739 1057 1891 1121 ulmum

402 1162 533 1242 propter
554 1160 773 1237 transitiones3
790 1162 923 1223 contra:
942 1157 1032 1223 Sicut
1044 1177 1173 1242 praepo-
1228 1162 1374 1238 modum,
1389 1179 1446 1244 per
1457 1179 1556 1243 quem
1570 1161 1608 1223 ut
1622 1161 1892 1243 apudaninamnte

402 1266 532 1330 sitiones
544 1270 621 1330 sunt
633 1266 829 1345 transitivae,
845 1266 889 1330 ita
903 1271 934 1330 et
947 1267 1068 1348 obliqui
1080 1285 1172 1332 casus
1227 1270 1368 1335 cundum
1374 1268 1602 1351 proprietatem
1610 1270 1894 1350 communemqueirel

401 1377 479 1438 sunt
506 1374 674 1438 transitivi.
701 1373 859 1437 Praeterea
885 1373 956 1436 haec
982 1374 1133 1457 recipitur
1160 1393 1170 1438 ε
1226 1377 1256 1441 ei
1270 1375 1446 1440 attactibus
1459 1375 1600 1455 animae,
1615 1376 1746 1457 quisunt
1759 1376 1895 1458 sujicere

406 1479 584 1544 «Persona
598 1484 672 1544 sunt
691 1481 725 1544 in
739 1481 849 1544 eadem
868 1481 1023 1557 essentia,
1040 1502 1054 1540 a
1072 1486 1104 1546 et
1121 1486 1169 1547 ta-
1226 1484 1422 1566 praedicare,
1437 1500 1647 1566 componere,
1662 1487 1691 1547 et
1704 1483 1822 1548 diridere.
1831 1481 1896 1547 Secu»

401 1605 478 1673 men
492 1587 564 1665 hoc,
579 1587 666 1670 quod
680 1587 751 1651 dico
767 1589 815 1666 ta,
828 1591 875 1651 est
885 1588 1079 1670 praepositio.
1225 1590 1304 1655 dum
1324 1591 1407 1654 hanc
1426 1608 1505 1672 ergo
1517 1589 1674 1673 triplicem
1689 1592 1897 1673 acceptaremus

442 1692 535 1777 Resp.
550 1693 725 1758 Dicendum
748 1696 833 1776 quod
856 1695 1027 1776 aliquando
1049 1697 1171 1779 aliquid
1225 1697 1324 1779 tingit
1341 1716 1411 1762 rem
1434 1698 1601 1781 tripliciter
1620 1697 1897 1761 nominarizmomll

400 1806 605 1885 eomparatur
615 1801 655 1865 ad
667 1802 753 1865 aliud
767 1806 803 1866 ut
822 1802 1015 1881 informans,
1031 1804 1099 1869 sive
1112 1805 1172 1869 de·
1225 1822 1282 1887 per
1295 1823 1425 1884 nomen,
1437 1804 1525 1887 quod
1536 1804 1654 1869 indicet
1666 1804 1898 1887 existentiarum

400 1912 582 1987 nominans,
597 1913 747 1974 ettamen
759 1929 824 1974 nou
834 1911 965 1993 ponitur
976 1916 1105 1995 propter
1111 1911 1171 1977 hoc
1226 1930 1294 1976 suae
1306 1916 1443 1992 naturae,
1459 1913 1540 1976 sicut
1551 1911 1665 1975 dicitrrr
1676 1911 1898 1992 elbum,ctnigun

401 2017 1171 2094 diversitas,sivcdistinctiouniusadalterum:sic
1225 2023 1257 2083 et
1276 2020 1479 2102 hujusmodi;
1508 2020 1572 2084 alio
1596 2020 1688 2083 modo
1703 2017 1837 2083 secundun
1853 2017 1898 2100 qatl

402 2126 490 2190 enim
499 2130 701 2209 eomparatur
709 2125 807 2190 deitas
817 2126 856 2190 ad
866 2127 977 2190 lleum.
991 2127 1062 2192 Alio
1075 2129 1170 2193 morlo
1225 2128 1333 2192 anima
1346 2126 1461 2211 accipit
1484 2146 1543 2210 per
1562 2128 1692 2192 modum
1708 2126 1788 2204 entis,
1798 2124 1900 2187 hunul

402 2241 605 2320 eomparatur
614 2236 731 2319 aliquid
742 2237 780 2301 ad
790 2237 876 2303 aliud
884 2239 965 2303 sicut
977 2239 1170 2323 principium
1224 2236 1370 2300 nominat
1384 2254 1447 2299 res.
1473 2234 1563 2300 Unde
1582 2253 1675 2299 omne
1695 2234 1762 2298 illud
1778 2231 1899 2306 muru,

401 2344 442 2408 ad
453 2344 700 2427 principiatum,
715 2348 748 2408 et
760 2349 837 2408 tunc
851 2345 890 2409 de
907 2347 1090 2411 necessitate
1107 2347 1171 2410 im·
1224 2327 1312 2426 quod
1322 2343 1430 2408 anima
1443 2343 1582 2426 cogitat,
1597 2347 1634 2407 ut
1653 2343 1774 2406 existens
1788 2340 1814 2403 ir
1827 2343 1900 2402 num

403 2454 546 2533 portatur
557 2452 727 2517 distinctio.
742 2450 899 2529 Quoniam
917 2471 996 2533 ergo
1006 2455 1076 2519 haec
1089 2474 1171 2538 prae-
1224 2451 1295 2515 Alio
1304 2450 1406 2516 modo
1417 2451 1576 2533 contingit
1590 2451 1745 2514 nominare
1756 2466 1801 2530 per
1810 2446 1901 2509 neu

401 2559 515 2641 positio
529 2576 570 2625 etr
587 2559 968 2641 importathabitudinem
982 2580 1102 2644 causae,
1117 2565 1171 2628 vel
1223 2576 1282 2622 nes
1296 2558 1466 2635 secundas,
1485 2558 1570 2622 sicut
1588 2558 1698 2622 dicitur
1713 2572 1810 2639 germ,
1820 2551 1900 2636 etde,

400 2666 513 2730 saltem
523 2666 687 2750 principii;
701 2667 771 2731 ideo
780 2668 818 2731 de
828 2669 1011 2733 necessitate
1021 2669 1100 2734 dicit
1110 2671 1170 2734 dis
1224 2665 1420 2748 subjectum,
1435 2665 1655 2749 praedicatum.
1669 2663 1801 2742 Quoniam
1810 2658 1903 2738 egum

399 2771 586 2837 tinctionem
602 2774 685 2838 inter
696 2778 839 2838 extrema
855 2798 862 2839 :
878 2775 1028 2840 ideohaec
1039 2795 1106 2840 non
1116 2795 1171 2859 pe
1223 2790 1352 2852 nomeu,
1367 2789 1430 2849 res,
1442 2765 1519 2836 dicit
1529 2771 1673 2837 medium
1683 2761 1901 2846 internonuqutl

400 2883 462 2943 test
473 2898 540 2944 esse
551 2899 639 2960 vere,
657 2882 745 2963 quod
756 2899 901 2964 personae
919 2884 983 2946 sint
1001 2902 1043 2947 ex
1058 2884 1169 2947 eadem
1225 2880 1300 2944 dicit
1312 2898 1392 2962 pme
1408 2880 1547 2944 turmam
1561 2884 1699 2958 naturas,
1714 2882 1742 2941 et
1756 2892 1843 2939 nonu
1854 2869 1902 2951 qut

401 2987 547 3052 essentia.
576 2987 637 3053 Sed
660 2990 738 3072 quia
766 2991 930 3070 genitivus
953 3010 1020 3055 non
1043 2981 1188 3055 tautum
1224 2986 1300 3052 dicit
1317 2988 1455 3051 formam
1474 2987 1676 3065 intentionis3
1689 2984 1751 3049 ideo
1763 3000 1813 3046 uon
1826 2983 1901 3042 um

401 3100 596 3165 construitur
609 3101 643 3166 in
660 3099 782 3167 ratione
796 3102 956 3186 principii,
969 3103 1070 3167 immo
1082 3103 1170 3168 exui
1224 3095 1368 3160 essenti&
1391 3094 1558 3175 convenil,
1580 3095 1636 3160 sed
1654 3095 1742 3160 efitffl
1756 3088 1901 3175 personet

401 3207 620 3274 declarationis
630 3212 792 3291 essentiae,
809 3230 885 3275 cum
898 3212 1016 3275 dicitur
1033 3233 1040 3274 :
1066 3235 1081 3271 e
1094 3211 1170 3275 Mu·
1224 3203 1295 3267 ideo
1307 3207 1371 3267 tres
1386 3220 1437 3267 res
1452 3202 1591 3267 dicimus
1604 3207 1666 3267 tres
1677 3217 1813 3285 permulta
1823 3192 1903 3258 Μ

400 3315 461 3378 lior
473 3317 616 3398 egregiae
635 3319 767 3395 formae,
784 3341 799 3379 u
817 3323 855 3382 ut
871 3318 946 3383 dicit
963 3319 1167 3398 Priscianus3
1222 3313 1287 3373 tres
1299 3310 1460 3375 essentias·
1476 3308 1516 3373 El
1532 3310 1612 3374 huit
1624 3303 1817 3390 SigssiflfflfiOffl
1829 3297 1901 3364 iffi

400 3420 471 3485 ideo
480 3441 555 3487 cum
569 3425 712 3506 genitivo
721 3426 793 3490 haec
806 3428 854 3491 est
865 3444 961 3491 vera:
981 3424 1084 3491 «Tres
1096 3444 1171 3509 per·
1223 3417 1331 3501 ipsum
1350 3436 1468 3482 nomen
1482 3439 1490 3480 τ
1506 3436 1559 3482 Μ
1572 3417 1659 3482 enlm
1671 3416 1773 3481 dicitu!
1783 3430 1799 3474 θ
1811 3421 1902 3484 Μ’
1922 3430 1941 3511 t,

400 3534 730 3616 sonaesuntejusdem
742 3532 923 3598 essentia.»
1223 3527 1283 3606 rte,
1296 3526 1382 3608 quod
1395 3526 1469 3591 dicit
1484 3492 1946 3607 actumapnrteanimaetltss‘

1223 3639 1318 3704 modo
1332 3657 1383 3703 res
1394 3638 1481 3704 venit
1498 3638 1539 3701 ab
1553 3638 1616 3702 hoc
1628 3636 1708 3720 quod
1720 3620 1901 3705 strueret

696 3722 779 3768 ⁰¹³³·
809 3721 869 3767 ¹¹¹·
1223 3745 1298 3810 uicit
1317 3745 1519 3810 sustentem
1538 3733 1901 3828 apnumuraems‘ue

721 3839 783 3888 mee
798 3851 850 3888 ree.
1223 3853 1299 3918 dicit
1308 3853 1526 3930 stabilitatem,
1541 3852 1611 3917 sire
1624 3850 1802 3916 retitudinem
1814 3842 1901 3921 erret

440 3961 563 4044 Accipit
573 3962 635 4025 hoc
646 3961 880 4043 abAugustino
892 3961 927 4024 iu
935 3960 991 4026 lib.
1005 3959 1031 4024 l.
1045 3962 1088 4028 De
1097 3961 1170 4028 doc·
1223 3959 1374 4024 entitatis.
1395 3959 1435 4023 Et
1454 3960 1499 4022 sic
1517 3962 1630 4042 patent
1654 3959 1778 4040 objecta,
1795 3950 1847 4034 que
1862 3960 1898 4009 ru

401 4070 491 4135 trinu
515 4070 706 4135 eurtettoaa.
722 4068 762 4135 Et
783 4069 912 4134 videtur
932 4068 1014 4133 male
1045 4069 1167 4149 dicere,
1222 4068 1318 4133 modo
1329 4072 1377 4133 est
1389 4086 1508 4133 nomen
1520 4072 1664 4146 nauum,
1677 4060 1817 4132 monade
1830 4059 1901 4120 esu

400 4176 533 4241 dicendo
548 4195 558 4239 τ
575 4198 591 4237 c
605 4175 682 4241 Tres
701 4195 801 4254 res,»
828 4178 904 4260 quia
917 4195 968 4241 res
988 4180 1036 4241 est
1050 4195 1170 4243 nomen
1224 4194 1298 4241 men
1312 4176 1452 4241 rationis.

399 4283 581 4347 absolutum
601 4287 633 4348 et
654 4284 803 4365 generale
821 4307 828 4348 :
849 4303 928 4366 ergo
945 4285 1072 4349 videtur
1084 4286 1170 4368 quod
1282 4352 1284 4355 ,

399 4391 426 4453 si
440 4390 560 4473 aliquid
588 4390 671 4455 dicat
688 4392 722 4454 in
743 4391 880 4473 divinis,
908 4392 993 4475 quod
1013 4391 1096 4456 dicat
1116 4411 1169 4457 es-

399 4497 553 4576 sentiam,
588 4498 656 4562 sive
681 4498 891 4562 substantiam
919 4522 926 4562 :
965 4517 1064 4580 ergo,
1088 4500 1169 4563 sicut

399 4603 596 4669 nullomodo
613 4605 779 4688 accipitur,
797 4605 899 4670 «Tres
912 4606 1056 4671 essentiae
1067 4629 1104 4686 ,a
1124 4608 1169 4672 ita
1261 4609 1393 4675 Videtur
1400 4611 1452 4675 hic
1460 4610 1675 4695 Hieronymus
1683 4609 1771 4673 dicere
1778 4588 1899 4666 wultffl

399 4709 489 4773 nullo
501 4710 596 4775 modo
610 4711 703 4776 debet
715 4714 831 4796 recipi,
849 4712 951 4777 «Tres
967 4732 1029 4777 res.
1050 4735 1066 4773 a
1085 4713 1169 4779 Etsi
1221 4719 1308 4801 quod
1321 4718 1396 4783 dicit
1415 4721 1638 4801 Augustinus,
1660 4716 1697 4783 tx
1716 4710 1897 4792 curatum

399 4821 434 4882 tu
450 4817 537 4882 dicas
552 4840 560 4882 ε
573 4841 589 4880 r
603 4817 679 4883 Tres
693 4823 791 4897 entes,
806 4842 821 4879 a
839 4821 892 4885 hic
908 4826 1034 4885 nonest
1047 4821 1166 4902 simile,
1225 4825 1354 4891 «Pater
1370 4830 1402 4891 et
1420 4825 1521 4891 Filius
1542 4847 1612 4892 non
1631 4825 1767 4892 ditluunt
1781 4807 1896 4881 suffla

354 4958 358 4965 ·
398 4924 474 5006 quia
486 4943 544 4990 ens
551 4931 598 4990 est
612 4928 825 5011 participium,
840 4934 873 4993 et
884 4929 931 4993 ita
940 4928 1168 4993 trahitnume-
1221 4935 1276 4999 sed
1297 4953 1392 4999 eausa
1415 4938 1447 4998 et
1465 4934 1582 5016 gradu.
1599 4956 1616 4994 a
1632 4934 1724 5008 ltere,
1744 4932 1773 4992 in
1787 4914 1896 4989 tituta

396 5048 472 5095 rum
485 5032 625 5115 aliunde,
640 5037 674 5099 et
685 5053 752 5099 non
774 5039 963 5100 numeratur
988 5036 1166 5101 secundum
1221 5041 1397 5106 substantia
1412 5041 1532 5123 :igitur
1546 5042 1591 5106 ibi
1604 5047 1650 5106 est
1665 5038 1723 5105 Sal>
1734 5059 1745 5101 .·
1756 5016 1896 5099 sedtlltffi'

396 5139 534 5204 formem
560 5143 697 5225 propriae
723 5142 862 5207 entitatis
883 5165 891 5207 :
915 5162 967 5207 res
988 5146 1097 5209 autem
1115 5149 1164 5209 est
1220 5152 1276 5212 tur
1287 5148 1419 5212 relative
1431 5149 1471 5213 ad
1484 5149 1633 5232 superius
1647 5170 1655 5212 z
1671 5122 1893 5228 igituritistl·

397 5264 515 5315 nomon
528 5249 780 5315 substantivum.
796 5248 881 5315 Situ
893 5250 978 5315 dicas
990 5251 1071 5315 mihi
1081 5252 1167 5335 quod
1220 5261 1252 5320 et
1266 5256 1366 5340 Super
1379 5279 1391 5322 .·
1404 5274 1483 5338 ergo
1499 5256 1645 5337 interius,
1657 5235 1893 5336 etsnpuiutitl'ffl

397 5369 450 5416 res
466 5354 760 5423 nominatiormam
772 5378 793 5422 a
804 5361 895 5440 parte
905 5358 1035 5439 animae,
1048 5360 1102 5426 vel
1116 5358 1167 5425 is-
1221 5362 1353 5443 gradus.
1371 5360 1467 5442 Item,
1480 5362 1677 5446 ubicumque
1689 5363 1731 5424 est
1742 5336 1892 5422 ermulfi&

1538 4336 1609 4383 DUB.
1631 4336 1674 4384 lv.

1299 4470 1357 4521 Non
1368 4472 1408 4523 est
1419 4483 1525 4535 prorsus
1536 4469 1629 4536 eliquia
1641 4470 1668 4520 in
1676 4464 1780 4519 llinltote
1787 4458 1859 4526 enfil*
