4100 6300
821 501 956 571 suerio
977 505 1016 571 ΙΙ.
1096 518 1099 525 ’

866 719 965 811 qm.
1012 672 1014 677 ¹

582 900 621 968 In
634 922 759 969 sacram
777 900 981 992 Scripturam
999 899 1252 969 Commentaria.

133 1053 136 1059 ³
165 1098 189 1160 1.
209 1098 380 1180 Expositio
394 1100 432 1163 iu
444 1115 513 1179 cop.
533 1097 589 1163 VI.
605 1088 775 1179 Evuapetii
790 1100 826 1162 S.
841 1099 997 1164 Maithat-
1014 1060 1079 1162 tac.
1100 1099 1374 1177 oratiotionem.

168 1205 208 1270 il.
224 1207 264 1270 Ia
279 1207 488 1288 Fuoopetium
502 1207 604 1272 Lara.
619 1206 684 1270 luc.
701 1207 843 1288 Spiritus
858 1208 1000 1286 Domini,
1016 1210 1075 1271 etc.

164 1369 245 1437 Sunt
258 1371 362 1453 plura,
376 1390 450 1454 quae
464 1370 605 1435 maxime
617 1369 681 1435 Nos
690 1376 831 1450 movent,
844 1375 881 1435 ut
895 1368 1142 1452 utrumquehoc
1151 1369 1349 1451 tlpuseulum
1359 1370 1399 1434 ad
1414 1371 1615 1453 supposititia
1628 1372 1715 1436 able-

121 1497 257 1560 gamus3
273 1482 374 1543 sunte
387 1479 522 1558 diverso,
536 1497 609 1560 quae
619 1496 814 1560 magnopere
826 1477 964 1540 alliciant
978 1476 1004 1540 N
1006 1496 1052 1552 as,
1065 1481 1103 1541 ut
1113 1478 1196 1539 inter
1208 1476 1355 1557 legitima
1368 1476 1601 1543 Bonaventurae
1614 1479 1717 1561 Opera

122 1602 356 1652 recenseamus.
372 1588 418 1649 Aa
430 1604 489 1650 uos
502 1586 689 1667 cumprimis
699 1603 799 1665 grave
811 1585 927 1666 premit
939 1585 1159 1648 testimonium
1177 1583 1340 1648 Ptolomaei
1353 1582 1518 1663 Lucensis,
1533 1589 1716 1667 cujusmodi

121 1693 223 1756 verba
239 1694 337 1757 sunt¹
354 1710 362 1754 :
381 1692 493 1757 «Huic
514 1692 779 1780 (Borraventurae)
800 1691 946 1755 Urbanus
968 1690 1010 1755 IV
1034 1691 1098 1755 duo
1112 1691 1287 1771 Evangelia
1303 1691 1473 1770 glossando
1492 1695 1714 1774 commiserat3

121 1800 175 1864 sed
189 1818 346 1863 excusans
359 1819 392 1865 se
405 1803 533 1883 propter
547 1800 699 1879 osticium,
717 1799 803 1881 quod
816 1799 964 1878 habehat,
978 1799 1056 1881 quia
1070 1797 1220 1879 Magister
1234 1797 1394 1863 Generalis
1410 1804 1488 1878 erat,
1504 1801 1589 1865 idem
1603 1800 1717 1865 hoctor

121 1906 268 1989 Aquinas
280 1908 451 1990 supplevit.
467 1928 483 1965 a

168 2013 231 2079 Sed
249 2018 286 2079 ut
303 2013 389 2097 Opus
407 2015 459 2079 vel
472 2015 577 2097 ipsum
592 2014 868 2097 introspiciamus,
889 2014 1088 2096 incomptum
1102 2017 1134 2077 et
1146 2015 1330 2079 inornatum
1344 2015 1469 2081 dicendi
1486 2033 1608 2097 genus,
1630 2017 1718 2098 quod

120 2122 183 2186 hoc
198 2123 235 2185 in
248 2122 408 2204 Opuseulo
421 2122 679 2204 deprehenditur,
697 2122 772 2186 satis
785 2122 975 2204 suspicionis
989 2121 1087 2187 Nobis
1099 2120 1172 2200 dat,
1188 2126 1226 2186 ut
1240 2124 1387 2205 spurium
1402 2121 1637 2187 Bonaventura
1655 2124 1717 2188 loe-

120 2234 192 2293 tum
203 2230 398 2311 jndicemus.
418 2229 581 2312 Frequens
593 2229 706 2293 deiude
721 2229 889 2311 Expositor
906 2229 969 2293 tuit
980 2230 1016 2292 in
1029 2230 1162 2293 citandis
1175 2228 1334 2305 Sallustii,
1356 2229 1502 2308 Senecae,
1520 2230 1596 2294 tulii
1610 2230 1716 2295 Cusa-

121 2338 182 2416 ris,
206 2337 457 2416 damnaturis,
477 2357 497 2402 a
514 2337 651 2420 quihus,
670 2341 708 2400 ut
727 2340 909 2418 conjectura
925 2337 1164 2418 consequimur,
1187 2355 1220 2400 se
1240 2337 1371 2419 quidem
1393 2336 1618 2403 Bonaventura
1639 2356 1717 2403 con-

119 2444 232 2509 tinuit.

136 2572 139 2576 ·
160 2551 330 2632 Ceterum,
350 2557 388 2617 ut
406 2553 551 2617 dieamus
568 2554 655 2634 quod
671 2570 725 2616 res
742 2555 806 2630 est,
828 2551 985 2615 hahemus
1002 2551 1089 2630 alia,
1101 2569 1175 2635 quae
1193 2549 1257 2616 Nos
1274 2553 1309 2616 in
1327 2552 1505 2635 oppositam
1527 2554 1716 2618 sententiam

120 2659 320 2742 pertrahant.
344 2660 390 2722 Ac
411 2660 553 2742 primum
575 2659 713 2724 occurrit
732 2657 868 2723 ioannes
888 2658 1084 2723 Trithemius
1105 2660 1141 2723 in
1164 2658 1307 2723 indiculo
1329 2659 1588 2726 Bonaventura:
1616 2661 1717 2744 Super

122 2768 277 2834 motiom
291 2768 471 2845 Domitiae,
484 2766 540 2841 tib.
554 2772 583 2830 1.
595 2768 635 2831 la
646 2768 858 2849 Euuopetium
869 2769 981 2843 Lucu,
999 2767 1054 2831 tio.
1068 2768 1098 2829 1.
1114 2767 1292 2831 (immuunt
1304 2772 1458 2850 praeterea
1471 2816 1480 2844 ,
1494 2786 1568 2850 quae
1579 2752 1716 2832 Romani

120 2873 266 2938 Editores
278 2874 313 2938 in
327 2874 530 2954 Argumenta
543 2873 756 2955 Expositionis
772 2874 935 2956 ejusdem,
953 2879 1031 2937 tom.
1045 2878 1083 2949 t,
1100 2874 1317 2955 scripserunt:
1338 2899 1353 2934 o
1369 2874 1517 2939 Dicemus
1532 2877 1635 2959 igitur
1647 2880 1717 2958 jam

120 2981 159 3045 de
173 2972 372 3064 expositione
385 2980 465 3046 ins.
481 2981 620 3057 Lucam,
636 3000 735 3064 quam
748 2983 818 3062 ejus
831 2999 976 3045 essenon
989 2981 1095 3045 solum
1109 2980 1305 3045 Trithemius
1316 2982 1473 3061 ostendit,
1490 2983 1545 3046 sed
1556 2984 1650 3065 plane
1661 2984 1717 3048 de-

119 3092 280 3155 monstrat
297 3089 460 3172 exemplar
478 3094 572 3153 vetus
584 3087 794 3170 Vaticanum,
815 3089 957 3172 itemque
974 3089 1169 3172 exemplaria
1187 3092 1336 3172 quatuor,
1357 3089 1392 3152 in
1413 3089 1524 3171 Belgio
1547 3090 1717 3173 diligenter

118 3202 306 3274 asservata:
328 3216 470 3279 quorum
483 3215 587 3261 unum
603 3202 650 3261 est
671 3197 895 3273 Gaudavense,
919 3197 1056 3261 alterum
1079 3195 1306 3276 Bruxellense,
1327 3197 1457 3260 tertium
1478 3197 1715 3280 Trajectinum,

118 3310 276 3388 quartum
292 3304 509 3369 lovaniense:
531 3323 605 3368 eum
620 3305 737 3386 quihus
750 3304 900 3368 omnihus
913 3305 991 3368 olim
1005 3325 1025 3367 a
1037 3304 1074 3367 F.
1090 3305 1221 3368 Matthia
1239 3303 1465 3383 Dordraoensi,
1486 3303 1636 3368 Fratrum
1655 3305 1718 3369 Mi·

118 3431 241 3476 norum
258 3411 440 3477 Germaniae
458 3412 617 3486 interioris
633 3412 776 3476 Ministro
794 3410 1005 3490 Prouinciali,
1027 3412 1105 3475 olim
1128 3412 1241 3475 collata
1263 3429 1362 3493 quarn
1384 3411 1626 3492 diligentissime
1645 3413 1717 3477 haec

119 3521 303 3602 expositio,
318 3538 403 3583 auno
418 3523 512 3599 1539,
526 3520 611 3602 typis
625 3519 910 3602 Antucrpiensihus
922 3520 1076 3584 concinne
1088 3520 1255 3601 impressa,
1272 3518 1370 3583 Paulo
1384 3518 1426 3583 ΙΙΙ
1439 3518 1530 3584 Pont.
1545 3520 1629 3584 Max.
1645 3539 1717 3603 pro-

119 3627 180 3690 diit
195 3628 233 3691 in
251 3628 367 3692 lucem.
385 3627 434 3691 Ex
453 3629 693 3710 antuerpiensis
708 3629 871 3706 editionis,
889 3632 960 3710 apte
978 3634 1125 3709 recteque
1139 3628 1314 3691 emendata
1331 3627 1504 3710 exemplari
1519 3629 1716 3711 sumpsimus

118 3735 307 3817 exemplum
322 3737 361 3800 ad
377 3736 550 3800 editionem
569 3735 755 3801 Vaticanum
773 3736 875 3805 hanc.
897 3754 971 3818 quae
987 3736 1101 3800 melior
1113 3735 1224 3821 multis
1240 3736 1384 3817 partibus
1401 3736 1521 3799 reddita
1538 3741 1585 3799 est
1603 3755 1716 3801 exem-

118 3843 265 3925 plaribus
278 3862 406 3926 quoque
420 3839 500 3907 aliis.
514 3866 530 3903 a
548 3843 624 3908 Haec
637 3842 717 3923 Nos,
732 3848 842 3927 utpote
854 3844 911 3925 qui
925 3843 1007 3907 nihil
1020 3848 1225 3907 contemnere
1237 3843 1396 3922 solemus,
1417 3843 1509 3907 valde
1523 3844 1714 3926 prohibent,

116 3970 158 4015 ne
171 3955 231 4015 aut
245 3952 467 4031 dextrorsum,
486 3957 544 4028 aut
556 3952 774 4016 sinistrorsum
786 3953 997 4029 inclinemus;
1012 3952 1068 4015 sed
1082 3969 1236 4034 suspenso
1256 3969 1445 4015 maneamus
1455 3950 1599 4033 judicio,
1615 3953 1716 4017 donee

118 4059 241 4123 veritas
256 4058 350 4123 nohis
363 4059 530 4140 affulgeat.

157 4166 284 4231 Prodiit
295 4165 531 4249 Venetiisapud
546 4165 752 4238 Francisaum
765 4164 953 4231 Saluianum
966 4171 1044 4230 1511
1057 4214 1064 4245 ,
1078 4169 1157 4230 teste
1168 4165 1283 4230 iohan.
1299 4185 1319 4229 a
1333 4166 1366 4231 S.
1382 4166 1520 4231 Antonio
1531 4168 1554 4231 ².

157 4274 244 4339 Tum
266 4273 468 4357 hntuerpiae,
489 4293 566 4338 cura
585 4281 617 4338 et
634 4275 737 4338 studio
755 4273 807 4337 Fr.
826 4273 944 4344 tahan.»
959 4273 1098 4338 Mahusii
1117 4273 1190 4338 Ord.
1213 4272 1289 4337 Min.
1312 4273 1397 4355 apud
1416 4272 1607 4354 Gregorium
1628 4273 1717 4336 Bon-

117 4384 222 4463 tium,
240 4386 339 4461 1539,
352 4382 440 4461 iri-8,
453 4386 492 4445 ut
503 4400 545 4445 ex
558 4381 655 4446 datal.
671 4381 750 4445 Bihl.
766 4381 874 4462 Regia
889 4381 987 4445 Paris.
1002 4382 1133 4463 liquet¹.
1155 4381 1236 4444 Hinc
1249 4380 1409 4445 Romanos
1428 4381 1564 4444 editores
1578 4380 1714 4461 corrigi-

118 4510 214 4566 mus,
232 4491 309 4572 qui,
324 4494 362 4554 ut
378 4493 451 4552 ante
469 4490 629 4566 diximus,
648 4490 818 4552 editionem
836 4489 919 4552 hano
934 4488 1201 4570 hntuerpiensem
1219 4488 1389 4552 tribuerint
1405 4486 1457 4550 Fr.
1477 4487 1619 4550 Matthiae
1636 4488 1715 4550 llor-

119 4597 277 4662 dracensi.
294 4596 365 4661 Non
378 4602 425 4666 est
437 4597 500 4676 ita;
517 4616 610 4675 nam,
623 4601 660 4660 ut
672 4615 713 4660 ex
726 4595 865 4678 Epistola
877 4598 1112 4677 nuncupatoria
1126 4596 1259 4677 praellxa
1272 4594 1514 4660 Commentariis
1527 4594 1562 4657 in
1576 4593 1714 4673 Lucam,

119 4705 159 4769 ad
177 4704 234 4769 Fr.
252 4705 401 4769 eumdem
419 4704 691 4783 Matthiamdata,
709 4704 858 4784 colligere
877 4703 1013 4785 quisque
1031 4705 1149 4784 potest,
1169 4720 1256 4788 unus
1275 4703 1337 4767 iuit
1354 4700 1540 4781 hlahusius,
1557 4703 1616 4784 qui
1631 4702 1716 4768 hanc

119 4816 264 4894 spartam
279 4812 452 4895 adornarit.
549 4885 551 4888 ¹

160 4917 359 5000 impressum
372 4937 504 5002 quoque
516 4918 576 4983 luit
586 4915 725 4984 venetiis
743 4918 829 5001 apud
841 4915 974 4981 Petrum
988 4917 1027 4982 de
1041 4916 1232 4996 Franciscis,
1249 4920 1345 4995 tart,
1361 4916 1445 4981 in·8.
1466 4917 1577 4982 Exstat
1586 4918 1622 4981 in
1639 4935 1717 4981 nos-

119 5028 170 5088 tra
182 5022 326 5091 Vineam
338 5025 418 5091 Bihl.

811 5167 1028 5213 ommittimus,

157 5304 328 5382 Sansavoir
341 5305 369 5362 le
382 5305 465 5363 loisis
476 5305 513 5363 de
524 5309 704 5365 eommenter
717 5322 753 5363 en
765 5307 855 5364 entier
869 5307 948 5364 deux
963 5306 1000 5365 de
1014 5322 1071 5364 nos
1086 5309 1188 5380 quatre
1206 5305 1360 5379 Erangiles
1368 5346 1378 5377 ,
1393 5306 1469 5364 saint
1481 5309 1683 5364 Bonaventura
1697 5323 1717 5363 a

120 5421 163 5479 pu
176 5409 298 5461 trouver
308 5403 337 5462 le
350 5409 444 5480 temps
458 5403 526 5461 d’en
539 5405 693 5478 epoquer
707 5404 851 5480 quelques
865 5406 1010 5480 chapitres
1023 5404 1215 5481 particuliers.
1239 5409 1275 5465 La
1289 5409 1356 5463 tour
1375 5421 1434 5480 que
1448 5405 1545 5480 prend
1559 5410 1642 5464 notra
1656 5405 1714 5463 cri·

155 5519 349 5584 ’1111111111Ἰ
362 5536 385 5571 c.
396 5532 473 5573 xxm.
483 5547 514 5559 -
527 5518 613 5571 ι11111.
626 5520 729 5575 From..
742 5524 807 5572 tom.
825 5521 851 5585 t,
863 5535 892 5586 p.
905 5524 959 5574 116.
974 5523 1028 5559 -⁸
1042 5523 1110 5572 Part.
1123 5522 1144 5571 t.
1160 5521 1286 5586 theoton,
1300 5536 1326 5587 p.
1341 5525 1395 5585 lm,
1410 5522 1461 5573 col.
1473 5526 1497 5575 t.
