4100 6300
364 465 404 528 oo
914 448 1227 526 senruurtsuutr
1246 449 1362 518 LIBER
1384 448 1408 515 1.

363 594 670 674 divisionemnrenr,
684 590 791 658 etheo
805 590 925 672 diatu,
939 606 1013 673 quae
1027 586 1137 670 incipit
1190 602 1250 650 nes
1270 586 1351 650 Frui
1369 588 1402 648 et
1430 583 1482 650 Uti
1488 607 1502 659 ,·
1527 582 1679 650 seeundo·
1689 582 1834 667 opptitat
1850 581 1947 648 eoo

362 703 407 786 ibi
422 720 431 767 t
448 701 515 768 Hos
528 701 636 784 tuque
647 715 737 779 uera,
752 715 790 768 us
801 699 861 782 pto
872 695 949 779 lide,
963 703 1021 763 eto·
1189 693 1400 776 propositum,
1415 688 1947 776 sulioetadresqutbustmerdun,

403 808 484 876 Item
503 807 607 892 prima
630 825 718 891 pars,
737 806 773 874 in
795 824 859 888 qua
872 808 1009 874 venatur
1032 805 1135 867 mate-
1190 798 1472 878 etntendum,ihi
1492 817 1501 863 τ
1519 798 1696 882 deripitur
1714 797 1835 882 quibus
1855 797 1949 878 frutu-

362 916 456 996 riam,
471 915 569 980 habet
591 919 655 979 tres
666 917 782 997 partes.
797 911 835 976 in
852 911 957 996 prima
973 914 1062 994 parte
1076 927 1136 972 ve·
1191 906 1280 970 dum.
1291 904 1395 970 Tertio
1409 909 1573 988 comparat
1585 905 1711 969 adalias
1720 903 1948 986 assignationes

362 1029 459 1089 natur
488 1022 654 1086 materiam
688 1039 747 1104 per
781 1018 969 1098 divisiones;
1002 1022 1035 1082 et
1064 1016 1136 1080 ideo
1191 1013 1253 1076 ibi:
1272 1012 1457 1080 Notandum
1469 1028 1541 1079 vero
1553 1012 1732 1096 quodidem
1747 1013 1947 1094 dupustinus.

363 1131 468 1215 primo
493 1130 583 1214 ponit
604 1128 812 1204 divisionem,
835 1145 893 1211 per
910 1145 1007 1208 quam
1022 1122 1138 1188 distin·
1192 1117 1329 1200 erarto,
1356 1121 1433 1202 quia
1457 1121 1620 1185 videretur
1639 1121 1702 1186 sibi
1728 1118 1948 1197 contradicere,

365 1241 515 1320 guuntur
534 1241 599 1301 tres
616 1236 689 1300 libri
705 1256 724 1301 a
741 1239 871 1322 quarto,
885 1233 949 1297 scil.
967 1249 1024 1316 per
1037 1250 1089 1295 res
1106 1234 1138 1294 et
1192 1232 1300 1291 movet
1308 1231 1340 1291 et
1353 1228 1711 1311 determinatquandam
1720 1224 1949 1304 dubitationem,
2031 1315 2032 1320 ἵ

364 1346 469 1427 signa.
503 1341 540 1408 ln
566 1343 707 1408 secunda
731 1341 823 1427 ponit
856 1340 1048 1406 divisionem
1080 1356 1138 1421 per
1192 1333 1259 1398 ibi:
1275 1332 1951 1419 Etortmu‚qutauueturauuznrinuu
2031 1345 2032 1348 ’

302 1523 307 1530 ,
364 1470 463 1535 quarn
486 1450 698 1533 distinguitur
728 1450 856 1534 primus
884 1448 966 1528 tiper
991 1466 1011 1510 a
1036 1445 1139 1511 tribus
1192 1449 1340 1520 corneto.

364 1560 445 1640 sitis,
459 1576 533 1643 quae
548 1562 597 1624 est
609 1576 666 1641 per
679 1558 762 1624 Frui
769 1561 802 1622 et
814 1556 930 1634 Utt,ihi
944 1574 954 1621 t
967 1554 1007 1620 id
1018 1547 1090 1637 erpo
1100 1554 1139 1619 tn

365 1667 458 1735 redut
480 1665 764 1735 considerandum.
792 1664 828 1728 lo
843 1661 1140 1729 tertiadeterminat
1194 1652 1258 1706 ΟΨ
1277 1656 1362 1706 eutem
1384 1651 1504 1706 h⁰ffl1n0⁸
1525 1651 1570 1717 qui
1590 1651 1722 1736 nnuman
1743 1654 1896 1725 uum
1912 1650 1953 1704 rii·

365 1774 580 1840 dubitationes
598 1772 755 1856 quasdam
778 1790 820 1836 ex
845 1770 1019 1855 premissis
1041 1773 1137 1849 ortas,
1306 1755 1308 1760 ’
1420 1727 1506 1792 ‘m'
1520 1740 1563 1778 Μ
1573 1725 1734 1791 uniente.

364 1881 646 1952 ibizdumuuun
659 1880 1057 1962 tonumsoutttuuntur.
1118 1921 1121 1926 »
1234 1877 1312 1950 Heu
1323 1878 1417 1944 tertia
1437 1877 1575 1962 pars,in
1599 1881 1797 1962 quomovet
1817 1881 1954 1943 unaue

407 1988 499 2068 Item,
513 1988 618 2073 prima
631 2006 705 2071 pars
721 1987 817 2052 habet
830 1991 893 2051 tres
906 1985 1086 2069 partientes.
1103 1984 1140 2051 In
1194 1985 1409 2051 dubitationes
1419 1987 1585 2070 quasdam,
1600 1986 1697 2052 hahet
1709 1992 1775 2052 tres
1789 1991 1953 2070 partesue·

366 2096 471 2181 prima
489 2096 581 2180 ponit
599 2094 810 2174 divisionem,
826 2097 857 2158 et
866 2094 1053 2176 auctoritate
1070 2093 1140 2158 Au·
1194 2092 1410 2160 eundumtres
1428 2094 1654 2160 dubitationes.
1666 2092 1775 2159 Prima
1787 2099 1852 2171 est,
1863 2097 1954 2158 ntrun

366 2203 490 2286 gustini
510 2204 678 2269 confirmat
700 2220 787 2281 eam,
804 2219 878 2286 quae
892 2204 956 2279 est,
971 2201 1057 2284 quod
1075 2203 1142 2265 tota
1194 2200 1292 2265 homo
1312 2201 1445 2265 homine
1457 2201 1570 2266 debeat
1582 2200 1658 2266 frui.
1673 2199 1844 2282 Secunda,
1861 2206 1954 2265 mrum

367 2305 694 2392 doetrinatheologico
702 2311 749 2374 est
757 2308 797 2373 de
805 2308 970 2389 rebusveI
980 2308 1018 2373 de
1025 2307 1138 2389 signis,
1195 2306 1279 2372 Deus
1289 2308 1419 2373 homine
1432 2308 1569 2389 fruatur,
1578 2312 1610 2373 et
1622 2312 1748 2388 utatur;
1759 2309 1885 2373 ethanc
1900 2325 1953 2371 mo

366 2417 400 2483 id
424 2422 491 2495 est,
513 2418 693 2501 subjeetum
720 2435 892 2481 commune
910 2415 1081 2497 theologiae
1106 2415 1141 2478 in
1195 2419 1249 2479 vet
1269 2413 1340 2478 ibi:
1365 2415 1519 2481 Sudorem
1539 2415 1771 2498 Deusditipttt,
1792 2422 1855 2482 etc.
1869 2413 1954 2478 Tertia

368 2524 438 2589 haeo
448 2523 513 2589 duo
524 2523 689 2589 dividitur.
705 2523 743 2588 In
758 2522 917 2603 secunda,
933 2522 1078 2586 membra
1090 2522 1141 2586 di·
1196 2525 1257 2602 est,
1285 2528 1397 2586 utrum
1428 2522 1601 2588 virtutibus
1628 2524 1680 2587 sit·
1695 2523 1892 2602 fruendum,
1916 2521 1954 2585 vet

368 2631 502 2697 visionis
528 2632 689 2715 explanat,
710 2631 778 2695 ibi:
803 2631 935 2714 Proprie
961 2636 1070 2696 eutem
1090 2629 1141 2694 itio
1195 2629 1364 2706 utendum,
1392 2629 1436 2693 ibi
1469 2649 1478 2693 ε
1506 2629 1568 2696 Hie
1601 2629 1879 2697 considerandum
1904 2636 1952 2706 ut,

368 2755 420 2806 res
437 2737 649 2821 appellantur,
673 2738 843 2803 osteudens
861 2737 940 2820 quid
958 2737 999 2800 sit
1021 2755 1084 2812 res,
1111 2739 1142 2800 et
1196 2743 1306 2803 utrum
1316 2735 1506 2818 uirtutibus,
1520 2735 1832 2821 etudtin‘qnalibet
1840 2739 1953 2802 istarum

369 2845 448 2930 qnid
461 2846 607 2928 signum,
622 2846 800 2911 seeundum
815 2845 962 2909 membra
982 2844 1141 2928 praedictae
1195 2843 1295 2907 trium
1312 2844 1472 2927 partium,
1487 2844 1592 2929 primo
1609 2849 1718 2910 movet
1735 2846 1953 2929 quaestionem

369 2951 546 3018 divisionis.
568 2953 607 3017 ln
623 2953 718 3018 tertia
734 2970 813 3018 vero
829 2951 1000 3037 partienda,
1014 2949 1143 3016 diuisio-
1196 2952 1337 3016 secundo
1351 2957 1471 3018 motam
1483 2952 1693 3031 determinat3
1708 2953 1805 3018 tertio
1818 2949 1954 3018 deumi-

369 3078 445 3126 nem
464 3060 504 3128 ad
527 3061 726 3145 propositum
742 3059 889 3144 applicat,
911 3059 983 3125 ihi:
1006 3059 1143 3141 Cumque
1197 3059 1363 3126 nationem
1386 3078 1444 3142 per
1476 3059 1697 3128 auctoritatem
1722 3056 1954 3125 conflrmstsst

371 3168 425 3237 tis
450 3168 624 3241 intenderit
648 3169 861 3253 theotopuurn
885 3169 1076 3251 speculatum
1095 3167 1144 3232 di·
1197 3168 1361 3250 portieulae
1375 3168 1489 3235 insutis
1502 3168 1871 3235 lonssuntmanitesta.

371 3294 457 3357 cens,
472 3277 559 3360 quod
572 3276 611 3342 de
634 3277 742 3355 rebus,
762 3281 793 3342 et
805 3276 907 3358 signis
928 3276 1025 3343 inerit
1037 3276 1143 3340 dietu-

370 3401 438 3461 rus,
451 3386 556 3469 primo
568 3389 677 3451 tamen
689 3385 727 3450 de
736 3384 843 3464 rebus,
858 3388 919 3450 etc.
1526 3387 1595 3435 DUB·
1618 3387 1640 3433 1·
1712 3452 1718 3465 ,

411 3489 506 3572 liem,
530 3511 605 3576 pars
621 3493 676 3557 illa
697 3492 732 3556 in
751 3511 816 3575 qua
839 3493 929 3577 ponit
953 3490 1143 3559 divisionem
1197 3506 1390 3559 Eontmsutem
1408 3505 1578 3572 diquesuot,
1592 3520 1702 3573 quorum
1715 3521 1779 3561 usus
1792 3507 1953 3563 emunah

369 3594 524 3682 perteue
535 3604 567 3665 et
585 3598 649 3675 Uti,
664 3617 723 3683 per
736 3617 835 3682 quam
848 3599 973 3681 primus
984 3599 1065 3664 liber
1077 3599 1144 3664 dis-
1349 3578 1524 3644 significando,
1536 3592 1590 3629 ⁰⁰¹¹
1603 3579 1630 3628 ¹¹¹
1639 3577 1816 3644 5¹¹³s¹fl⁰³¹¹d⁰·

370 3707 533 3788 tinguitur
551 3706 592 3770 ab
606 3706 677 3771 aliis
688 3705 801 3781 trihus,
815 3702 912 3770 habet
922 3704 1001 3770 duas
1014 3710 1142 3789 partes:
1237 3707 1352 3774 Contra
1368 3730 1376 3774 :
1394 3708 1509 3775 Omnia
1521 3714 1718 3774 sacramenta
1742 3714 1821 3775 sunt
1837 3707 1952 3783 mediu'·

370 3813 405 3877 io
420 3814 524 3896 prima
537 3814 626 3896 ponit
637 3812 845 3891 divisionem
858 3811 893 3876 in
905 3812 1054 3893 secunda,
1069 3832 1144 3896 quae
1196 3834 1259 3895 nae,
1271 3816 1359 3900 quia,
1374 3816 1550 3881 seeundum
1559 3816 1731 3899 Hugonem
1740 3817 1781 3882 de
1789 3817 1903 3882 Sancto
1910 3814 1951 3879 u·

370 3916 554 3997 dictasunt,
567 3918 718 4003 epilogat,
733 3919 777 3983 ibi
793 3941 801 3985 ε
819 3918 969 3985 Omnium
986 3936 1058 4003 erpo
1072 3937 1144 4004 quoe
1197 3922 1313 4000 etore¹,
1330 3922 1561 3988 «Sacramenta
1574 3923 1663 3989 omni
1677 3928 1822 4008 tempore
1839 3926 1952 3990 suerunt

380 4027 470 4094 dioto
482 4028 571 4107 sunt.
583 4025 693 4091 Prima
701 4045 774 4109 pars
784 4026 880 4091 hahet
894 4030 958 4091 tres
968 4031 1086 4112 partes.
1106 4027 1143 4092 ln
1197 4030 1364 4094 medicinae
1375 4052 1382 4095 :
1393 4053 1408 4089 u
1420 4030 1474 4095 sed
1482 4030 1587 4096 omnis
1597 4032 1757 4096 medicina
1764 4032 1951 4098 habeteiiee-

371 4135 476 4218 prima
489 4134 581 4218 ponit
592 4134 782 4199 divisionem
792 4133 830 4197 in
838 4152 890 4199 res
902 4128 1019 4217 quibus
1032 4135 1142 4199 fruen-
1196 4139 1267 4200 tum
1283 4137 1316 4200 in
1332 4138 1473 4203 curando
1489 4160 1497 4203 ε
1513 4157 1592 4220 ergo
1604 4143 1636 4203 et
1647 4144 1848 4205 sacramenta
1858 4136 1952 4203 sinit

371 4243 463 4321 dnm,
481 4245 515 4307 et
533 4259 586 4306 res
609 4241 727 4324 quibus
741 4241 911 4307 utendum}
939 4241 1140 4323 insecundo,
1196 4248 1246 4309 ter
1267 4268 1275 4309 :
1293 4245 1348 4309 sed
1365 4245 1427 4310 ista
1450 4244 1572 4311 curatio
1585 4250 1633 4311 est
1652 4246 1841 4330 justificatio
1860 4269 1869 4311 ι
1887 4260 1951 4325 ergo

371 4350 411 4435 ud
423 4349 621 4417 evidentiam
641 4350 814 4435 majorem,
828 4348 972 4431 assignat
986 4349 1142 4432 quaedum
1194 4353 1285 4417 omni
1297 4358 1444 4436 tempore
1455 4360 1655 4419 sacramenta
1674 4352 1951 4437 habueruntjusti-

370 4457 585 4537 diffinitiones,
598 4456 663 4523 ihi:
677 4457 759 4522 Frui
772 4460 828 4536 est,
844 4461 902 4520 ete.
916 4455 952 4520 ln
961 4457 1054 4521 tertia
1064 4475 1142 4522 vero
1194 4460 1301 4526 dense.

370 4564 520 4648 proponit
541 4567 573 4628 et
590 4562 780 4629 determinat
797 4563 953 4646 quasdam
970 4562 1143 4629 dubitatio·
1236 4567 1329 4653 Resp.
1343 4569 1518 4635 iiirendum
1531 4570 1617 4653 quod
1638 4570 1807 4654 dupliciter
1824 4574 1872 4637 est
1886 4587 1950 4635 oon

370 4689 438 4749 nes,
453 4671 498 4739 ibi
514 4693 523 4737 ε
538 4670 616 4738 cun
629 4670 905 4751 autern'iuuttues,
914 4675 972 4736 eto.
1195 4676 1334 4742 siderare
1348 4681 1547 4745 normann
1560 4679 1677 4747 veteris
1686 4678 1787 4762 iugis,
1800 4676 1950 4744 seilioetin

422 4786 425 4795 ⁴
1195 4802 1240 4862 se,
1263 4785 1333 4849 sive
1354 4785 1477 4850 ratione
1490 4786 1596 4869 operis
1611 4786 1750 4871 operati,
1766 4791 1800 4851 et
1815 4787 1859 4852 sie
1873 4786 1950 4851 aaut

1196 4895 1323 4958 tantum
1337 4891 1377 4957 ad
1394 4892 1662 4976 significandum
1681 4894 1736 4961 vei
1751 4896 1872 4960 ratione
1889 4889 1949 4957 fidei

410 4992 487 5060 Heus
498 4997 547 5059 est
557 4994 700 5060 wounda
712 4990 867 5079 particula
881 4993 968 5059 illius
980 4993 1091 5078 partis,
1108 4994 1143 5063 in
1195 5018 1343 5078 annena,
1363 5000 1432 5066 sive
1445 5001 1608 5066 eharitatis
1620 5051 1628 5081 ‚
1642 5002 1712 5068 sive
1724 5003 1848 5068 ratione
1859 4998 1949 5084 opens

371 5101 539 5186 quaponit
552 5098 759 5182 divisionem,
774 5120 832 5185 per
850 5120 949 5185 quom
970 5103 1142 5185 distingui·
1195 5108 1374 5191 operantis,
1404 5112 1436 5173 et
1462 5110 1507 5172 sic
1532 5115 1626 5175 erant
1650 5109 1692 5174 ud
1723 5107 1948 5194 iustificandum
2034 5102 2035 5137 ¹

374 5215 429 5275 tur
441 5210 569 5294 primus
586 5208 719 5273 iiberab
732 5208 802 5273 aliis
818 5209 939 5287 tribus,
954 5228 1029 5293 qnae
1043 5217 1091 5275 est
1103 5211 1142 5278 de
1196 5221 1395 5287 sacramenta
1434 5215 1570 5300 legalis,
1600 5222 1718 5303 prater
1750 5214 1947 5293 cusentino·

372 5308 563 5402 q'uihusdam
582 5314 919 5395 notificationibus;„et
930 5321 1069 5400 quatuor
1081 5319 1143 5387 ha·
1195 5341 1281 5393 nem.

372 5425 427 5495 tut
439 5424 621 5508 portiuiies.
636 5422 744 5490 Primo
757 5424 843 5489 enim
857 5423 1143 5508 ponitnotitieotio·
1227 5451 1332 5519 snum,
1345 5451 1377 5507 ‹t›
1388 5452 1513 5520 sm„
1526 5452 1570 5507 m,
1581 5454 1620 5519 11,
1632 5468 1657 5507 ὓ,
1668 5465 1709 5509 ω,

526 4864 586 4917 Frui
599 4869 685 4917 sutem
697 4866 736 4916 est
748 4874 836 4916 amore
850 4862 986 4916 inherere.
