4100 6300
687 456 878 526 DISTlNCT.
897 456 1033 522 mill.
1597 475 1656 537 527

56 597 128 661 ibi:
147 596 213 663 Hoc
231 604 338 666 auten
358 600 464 683 attoni
480 604 607 681 negant.
634 597 739 661 Prima
756 614 830 679 pars
887 594 1048 674 gustino¹.
1069 592 1177 658 Prima
1194 612 1268 677 pars
1282 595 1414 677 ponitur
1432 597 1499 662 ibi:
1524 601 1656 670 Veram.

43 704 156 770 *baba
165 712 303 788 quatuor
311 712 426 791 partes.
442 708 477 771 ln
486 709 590 791 prima
598 706 733 771 ostendit
744 705 829 788 quod
886 707 992 766 tomen
1005 700 1148 767 nondum
1166 701 1337 768 desistant.
1357 702 1397 766 Et
1409 708 1548 773 secunda
1561 715 1655 792 poni-

53 814 269 896 ‘proprietetes
279 821 354 880 sunt
362 835 506 899 personae
520 822 551 880 et
561 815 595 879 in
608 814 830 898 persenis,per
885 808 1012 871 turibi:
1025 808 1177 875 Itemtttis
1186 810 1291 875 uerbis
1300 811 1488 892 Augustini.
1498 813 1655 898 thuaeli·

67 926 210 983 naturam
223 921 325 1004 ipsius
338 923 549 1006 proprietatis,
564 922 639 1005 quis
653 926 774 984 aeterna
782 923 830 983 est
885 918 938 980 bet
947 917 1351 1001 barnmpetestsubdividi,
1362 921 1439 1002 quia
1449 923 1553 1003 primo
1565 926 1654 1008 ponit

65 1032 91 1090 et
104 1026 258 1092 distincta.
281 1027 317 1092 ln
331 1031 469 1095 secunda
489 1029 625 1095 ostendit
644 1028 723 1092 illud
742 1027 828 1089 idem
883 1026 1105 1090 auctoritatem
1130 1027 1196 1089 sive
1216 1025 1393 1106 rationem,
1416 1031 1556 1095 secundo
1576 1050 1653 1096 vero

62 1151 114 1215 per
126 1134 310 1199 violentiam
321 1138 438 1201 erroris
446 1139 487 1216 (a)
503 1136 631 1201 Sabellii
639 1136 705 1198 ibi:
722 1134 828 1200 Sabal-
883 1133 1034 1198 dissolvit.
1195 1221 1199 1229 Ι

61 1238 98 1305 tit
109 1240 255 1308 hereum
268 1242 475 1325 declinantes,
488 1244 545 1308 ubi
559 1243 649 1326 ponit
659 1241 828 1305 auctorita-
1209 1232 1279 1279 ⁰⁰¹³·
1302 1231 1325 1277 ¹·

60 1350 102 1411 tes
115 1347 311 1433 Hieronymi.
334 1350 372 1415 ln
389 1351 483 1416 tertia
498 1349 635 1415 ostendit
646 1350 706 1413 boc
719 1348 825 1430 ipsum
975 1342 1075 1391 horum
1092 1338 1215 1391 ⁶⁰0fflssl⁸
1227 1339 1302 1390 novis
1316 1344 1342 1391 et
1359 1341 1492 1407 numenn,
1509 1348 1559 1395 ste.

58 1473 111 1538 per
122 1461 273 1521 naturam
286 1458 405 1522 divinar
417 1457 637 1540 simplicitatis,
651 1457 696 1520 ibi
711 1477 718 1518 :
736 1456 826 1520 Curn-
921 1455 1054 1520 Videtur
1081 1456 1309 1520 insufficienter
1336 1459 1547 1539 respondere,
1576 1462 1654 1543 quia

42 1548 112 1644 'que
131 1563 170 1629 da
189 1566 396 1647 sempttcttare
418 1565 621 1643 diotaitntr's.
653 1563 690 1626 ln
711 1567 826 1645 quarta
880 1580 946 1626 non
964 1562 1058 1626 solvit
1076 1568 1325 1642 argumentum,
1346 1566 1400 1629 sed
1419 1565 1591 1648 dicitquod
1605 1575 1653 1633 est

41 1672 42 1675 ’
55 1672 188 1735 ostendit
200 1672 288 1754 quod
302 1673 509 1756 proprietates
526 1690 592 1736 non
610 1674 737 1735 tautum
748 1674 826 1734 sunt
879 1666 1197 1751 incomprehensibile
1209 1687 1218 1732 ε
1231 1674 1262 1733 et
1273 1670 1400 1735 videtur
1411 1673 1496 1754 quod
1507 1673 1568 1737 ista
1579 1693 1652 1739 eva·

53 1795 215 1859 persouae,
235 1780 400 1844 sedetiam
413 1780 526 1844 divina
538 1778 693 1856 mentm
714 1782 746 1841 et
762 1777 824 1842 hcc
881 1777 929 1840 sio
940 1778 1030 1841 nulla
1042 1777 1102 1841 sit:
1118 1782 1175 1841 aut
1186 1778 1274 1842 enim
1292 1784 1524 1860 argumentum
1538 1800 1650 1847 ncces-

52 1885 162 1965 probat
175 1885 316 1951 efficacia
330 1887 546 1965 auctoritatis,
561 1886 627 1949 ibi:
647 1884 737 1959 Quod
751 1899 824 1950 vero
878 1883 961 1947 sario
970 1883 1140 1963 concludit,
1155 1885 1407 1967 autscphistice:
1422 1887 1449 1949 si
1458 1889 1648 1968 necessario,

48 1992 230 2072 proprietas
244 1993 472 2059 arcamarcaa
484 1999 606 2059 amara
618 1994 681 2070 stt,
695 1992 752 2056 ubi
764 2010 822 2075 po·
877 1995 956 2054 tunc
968 2009 1048 2071 ergo
1066 2008 1142 2054 cum
1159 1992 1302 2072 procedit
1317 2010 1359 2056 ex
1371 1994 1473 2073 veris,
1489 1997 1650 2061 conclusio

50 2098 96 2160 nit
116 2100 338 2165 auctoritatem
363 2099 486 2165 Hilarii.
513 2097 665 2165 Similiter
685 2099 823 2163 secum
877 2101 925 2161 est
941 2116 1036 2176 vera3
1056 2097 1084 2160 si
1102 2115 1169 2161 non
1186 2099 1381 2178 necessario,
1401 2104 1479 2164 tunc
1498 2120 1577 2184 ergo
1596 2124 1649 2168 so-

50 2222 139 2286 pars,
160 2206 196 2269 in
209 2226 276 2289 qua
287 2209 378 2291 ponit
391 2207 541 2289 Magister
553 2207 694 2271 verinus
705 2206 820 2288 proba·
876 2205 1051 2288 phisticnm
1065 2208 1113 2269 est
1133 2228 1140 2269 :
1155 2205 1210 2270 sed
1224 2225 1328 2270 unum
1341 2207 1506 2289 sophisma
1518 2227 1584 2289 nou
1602 2218 1650 2277 est

48 2315 89 2374 ta
108 2312 327 2379 defensionem
347 2308 494 2396 ponendo
513 2314 651 2378 aliorum
665 2314 819 2390 rationes,
876 2311 1213 2395 incomprehensibile:
1231 2318 1263 2376 et
1274 2312 1319 2377 ita
1330 2314 1458 2377 videtur
1468 2317 1553 2398 quod
1566 2320 1647 2386 male

46 2423 77 2482 et
94 2439 171 2485 suas
190 2424 431 2505 responsiones,
454 2424 632 2487 secuudum
649 2422 736 2504 quod
757 2421 821 2484 du·
875 2419 1009 2504 applicet
1019 2420 1241 2484 auctoritatem
1255 2419 1379 2485 Hilarii.

46 2525 119 2608 pler
133 2531 181 2591 est
194 2529 309 2594 modus
317 2529 534 2612 impugnandi
542 2529 720 2605 veritatem,
735 2527 819 2591 scili-
915 2525 1007 2609 Resp.
1022 2525 1197 2591 Dicendum
1209 2527 1295 2609 quod
1305 2527 1346 2590 ad
1357 2535 1587 2609 argumentum
1599 2533 1647 2597 la-

45 2638 92 2696 cet
101 2652 161 2715 per
173 2636 312 2700 rationes
326 2640 358 2700 et
366 2637 570 2700 auctoritates
584 2656 592 2699 :
606 2636 651 2699 ita
664 2635 734 2698 baec
746 2652 820 2716 pars
874 2634 932 2698 cile
953 2637 1000 2698 est
1017 2634 1226 2716 respondere,
1253 2633 1331 2716 quia
1348 2634 1393 2697 ibi
1414 2640 1462 2700 est
1483 2638 1646 2719 sophisma

44 2738 141 2803 habet
154 2742 237 2806 duas
250 2749 378 2825 partes:
395 2745 429 2807 iu
443 2744 546 2827 prima
558 2744 648 2826 ponit
660 2744 815 2821 rationes,
873 2741 1051 2805 secundnm
1062 2740 1224 2804 accidens:
1238 2740 1414 2822 proprietas
1426 2748 1474 2806 est
1488 2746 1643 2813 essentia:

43 2851 74 2909 et
82 2851 309 2929 responsiones
315 2872 324 2930 ;
337 2851 521 2914 insecenda
530 2850 744 2928 auctoritates,
756 2849 816 2912 ibi:
872 2854 904 2911 et
921 2847 1057 2912 essentia
1078 2865 1145 2910 non
1168 2846 1363 2928 distinguit:
1389 2866 1468 2931 ergo
1485 2869 1544 2915 nec
1566 2870 1644 2933 prc-

47 2953 278 3022 Verumtcman
289 2956 433 3023 nondum
447 2955 626 3036 masmar,
638 2960 697 3019 etc.
711 2954 818 3020 Prima
871 2941 1010 3039 prietes:
1031 2956 1085 3020 sed
1099 2956 1161 3020 hoc
1173 2954 1326 3036 Magister
1343 2973 1410 3019 non
1423 2957 1499 3021 dicit
1518 2959 1645 3023 incom-

41 3078 117 3143 pars
138 3062 239 3125 habet
259 3067 398 3145 quatuor
413 3068 529 3144 partes.
552 3060 590 3125 ln
606 3061 711 3144 prima
729 3062 819 3144 ponit
872 3058 1100 3144 prehensibile,
1116 3062 1171 3125 sed
1183 3061 1315 3126 dimittit
1328 3066 1483 3144 tanquam
1496 3065 1645 3147 sophisti-

39 3169 270 3250 objectionem,
281 3171 367 3252 quod
380 3170 586 3253 proprietates
595 3188 661 3233 non
671 3170 735 3233 sint
744 3188 817 3252 per-
871 3190 947 3235 cum
956 3175 989 3235 et
998 3172 1172 3252 indignum
1184 3170 1380 3235 discussione
1391 3174 1566 3256 matorum.
1581 3173 1643 3239 Sed

38 3293 152 3355 sonae3
173 3283 205 3342 et
221 3278 299 3361 quia
311 3278 475 3342 rationalis
489 3282 576 3357 erat,
596 3278 764 3360 respondet
776 3278 817 3342 ad
871 3277 1074 3359 illaqueatio
1087 3276 1241 3355 veritatis,
1258 3295 1333 3359 quae
1347 3280 1503 3360 sequitur,
1519 3281 1639 3346 incom-

37 3383 225 3449 veritatem.
251 3386 397 3450 Secundo
424 3403 503 3449 vero
531 3385 702 3466 subjungit
720 3383 816 3448 aliem
870 3383 1093 3466 prehensibilis
1104 3384 1468 3451 estsecundumstetum
1479 3388 1641 3472 vimque

36 3491 222 3570 rationem;
243 3497 275 3557 et
293 3493 371 3575 qnia
388 3492 513 3556 curiosa
530 3492 667 3568 videtur,
683 3509 817 3574 respon·
869 3491 957 3553 niam
968 3491 997 3553 si
1010 3508 1067 3572 per
1079 3492 1298 3556 omnimodam
1311 3492 1508 3558 identitatem
1522 3496 1641 3577 praedi-

36 3595 90 3660 det
103 3599 148 3662 ad
159 3598 343 3678 heminam,
359 3617 424 3663 non
438 3598 478 3663 ad
491 3599 657 3676 rationem,
671 3598 715 3661 ibi
727 3598 817 3664 :Sed
869 3596 1144 3660 caturessentiade
1150 3597 1407 3679 proprietatibus,
1413 3605 1638 3683 eteconverso,

35 3703 163 3770 iterum
180 3705 328 3784 addunt,
347 3710 407 3771 etc.
430 3704 537 3770 Tertio
557 3706 664 3768 adbuc
683 3705 817 3768 resumit
869 3704 940 3768 haee
953 3704 1140 3785 distinguit,
1155 3709 1188 3768 et
1199 3704 1254 3769 issa
1268 3723 1353 3769 non:
1369 3711 1400 3770 et
1412 3708 1474 3771 hoc
1486 3714 1534 3772 est
1547 3710 1641 3775 nobis

35 3817 202 3879 rationem
226 3817 376 3892 illorum,
400 3819 433 3881 et
450 3816 621 3898 respondet
639 3815 679 3879 ad
697 3817 817 3880 verita·
868 3809 1199 3892 incomprehensibile.
1220 3808 1301 3886 Quia
1318 3812 1406 3875 enim
1423 3814 1570 3879 videmus
1583 3834 1640 3898 per

35 3925 124 4002 tem,
152 3923 220 3988 ibi:
247 3923 401 3991 Gruterum
419 3923 637 3989 turuieerum
659 3923 815 4004 improbi-
868 3917 1057 4000 speculum,
1084 3916 1295 3999 intelhgimus
1318 3938 1375 4001 per
1397 3921 1639 3988 similitudinem

35 4035 108 4108 tas,
125 4035 189 4094 etc.
210 4029 330 4107 Quarto
344 4035 376 4095 et
389 4030 502 4094 ultimo
519 4029 691 4111 subjungit
702 4047 815 4093 aerum
868 4013 1029 4108 sumptam
1051 4042 1071 4087 a
1094 4025 1272 4089 creaturis:
1296 4030 1328 4089 et
1347 4027 1409 4091 hoc
1431 4029 1559 4093 nullum
1579 4033 1639 4095 sub

35 4136 350 4218 interrogationem
364 4142 395 4202 et
408 4137 485 4219 quia
497 4136 623 4200 curiosa
633 4139 718 4211 erat,
733 4154 815 4219 prae·
869 4132 950 4195 coelo
963 4130 1061 4195 habet
1078 4130 1200 4211 simile,
1219 4131 1286 4195 imo
1302 4132 1400 4198 solius
1408 4133 1463 4198 oei
1473 4137 1639 4218 proprium

35 4245 110 4327 tigit
132 4245 312 4309 terminum
332 4245 486 4308 humanae
508 4242 729 4325 inquisitioni,
746 4243 811 4309 ibi:
867 4244 997 4323 propter
1014 4257 1176 4304 summam
1194 4240 1450 4323 simplicitatem:
1473 4244 1544 4309 ideo
1562 4246 1640 4311 dicit

35 4349 100 4415 Sed
117 4351 433 4433 santonensem
446 4350 496 4414 hoe
509 4351 741 4432 proprietates,
752 4356 812 4414 etc.
867 4345 1018 4428 Magister
1031 4365 1099 4412 esse
1112 4346 1442 4430 incomprehensibile.
1458 4349 1523 4418 Nec
1535 4359 1583 4420 est
1595 4358 1639 4420 si·

35 4456 71 4521 et
95 4458 254 4541 quaelibet
273 4458 402 4522 illarum
418 4457 559 4540 partium
579 4460 684 4539 posset
702 4456 814 4520 subdi·
866 4453 943 4517 mile
962 4452 1001 4516 de
1021 4471 1140 4534 genere
1162 4459 1194 4518 et
1214 4453 1413 4532 differentia,
1434 4459 1511 4541 quia
1533 4480 1638 4541 genus

35 4565 124 4645 ridi,
155 4565 273 4630 scilicet
294 4566 380 4648 quod
403 4565 507 4648 primo
529 4564 619 4646 ponit
640 4564 813 4647 oppositio-
866 4559 1634 4646 preadicaturdediderantiazethaecdistinguit3

35 4689 125 4752 rem,
142 4676 177 4737 et
188 4672 328 4737 secundo
339 4672 597 4755 responsionem;
613 4676 644 4735 et
656 4671 735 4735 illud
747 4691 814 4736 ma-
867 4666 1182 4749 01111111111011,1111111
1194 4687 1261 4734 non
1273 4673 1465 4755 predicatur
1477 4690 1535 4755 per
1545 4673 1637 4737 iden·

36 4779 194 4843 nestum
211 4759 368 4844 inritata
385 4785 444 4844 est.
461 4778 814 4862 proneptemque
865 4773 1001 4835 tentem.
1019 4771 1093 4836 reso
1106 4790 1181 4836 eum
1194 4773 1517 4862 &raucaque
1530 4779 1637 4842 estu-

35 4885 209 4969 eespondet
229 4884 380 4968 Magister
402 4885 642 4951 securitatibus
660 4905 739 4968 quas
759 4888 812 4950 in·
866 4877 1169 4961 comprehensibile,
1184 4886 1216 4945 et
1227 4882 1374 4950 describit
1386 4885 1635 4968 incomprehen-

35 4995 180 5073 lucunt,
200 4994 345 5059 similiter
361 4995 458 5058 habet
473 4994 553 5058 duas
571 4974 812 5076 partes'secun-
864 4988 1048 5051 sibihtatem
1084 4994 1242 5070 quantum
1280 4995 1321 5058 ad
1355 4995 1511 5078 triplicem
1540 4996 1632 5060 nm:

35 5101 113 5165 lum
140 5101 221 5165 duas
243 5102 446 5166 auctoritates
466 5101 641 5183 Augustini
661 5120 743 5182 quas
759 5102 809 5166 in-
864 5099 1022 5178 quantum
1043 5095 1083 5160 ud
1100 5101 1310 5182 receptivam,
1330 5121 1405 5167 eum
1424 5102 1498 5167 dicit
1511 5104 1634 5169 indom-

35 5208 181 5273 lucunt:
196 5212 228 5272 et
241 5209 345 5290 prima
356 5213 484 5292 sumpta
497 5212 546 5272 est
558 5209 599 5272 ab
613 5207 810 5290 expositione
859 5203 1081 5286 prahcrwtbilc,
1095 5209 1168 5284 etc.;
1181 5214 1341 5289 quantum
1351 5210 1391 5275 ad
1403 5211 1632 5293 expressivam,

35 5314 232 5395 'salmistee3
249 5316 388 5380 secunda
400 5333 478 5382 vero
490 5321 619 5399 sumpta
630 5321 678 5380 est
690 5317 731 5381 ab
743 5316 809 5382 Au·
862 5330 937 5377 cnm
958 5312 1035 5376 dicit
1049 5318 1143 5381 atha
1165 5318 1319 5384 armonia
1337 5318 1632 5401 Muntflcottomtts

58 5442 97 5506 (α)
109 5440 176 5490 Loco
186 5440 281 5492 erroris
286 5476 295 5505 ,
308 5445 364 5491 eat.
376 5441 438 5492 edit.
449 5441 541 5493 tabent
551 5441 674 5494 aucuns.
892 5440 989 5504 ¹hug.,
999 5436 1030 5488 de
1047 5438 1124 5504 tria,
1137 5438 1182 5491 lib.
1196 5441 1241 5492 vll
1249 5480 1258 5507 ,
1271 5457 1294 5494 c.
1310 5454 1354 5508 111,
1367 5457 1396 5494 n.
1411 5446 1434 5496 t.
