4100 6300
370 502 430 562 m
704 494 712 501 ’
936 492 1246 562 SENTENTIARUM
1265 494 1339 561 ΜΒ.
1362 497 1387 562 l,

371 633 548 698 Ambrosii¹
561 630 1140 716 sumptaabauotoritatelsaiaezdete
1194 635 1325 711 natura,
1347 632 1428 697 sieut
1447 631 1482 696 in
1505 633 1714 714 generatione
1739 628 1883 695 carnali:
1897 630 1956 711 pari

371 758 420 807 me
446 757 512 807 coe
537 746 583 808 εει
605 744 705 818 Deus,
728 747 757 807 ει
783 746 855 821 post
880 757 928 806 me
954 754 1019 805 eon
1042 741 1103 806 erit
1129 762 1141 805 .·
1193 739 1316 804 ratione
1335 742 1445 803 eontm
1465 758 1542 803 eurn
1557 739 1634 805 dicit
1647 737 1843 803 Ambrosius
1854 736 1956 815 ’,ωε

372 867 451 930 ergo
462 866 519 912 nee
533 846 624 912 Pater
636 851 710 912 ante
727 846 861 924 Filium,
876 865 936 912 nee
949 845 1049 911 Filius
1068 853 1140 931 post
1194 847 1240 910 ita
1252 846 1293 908 sit
1303 847 1389 928 quod
1398 847 1553 928 pateriste
1565 847 1701 911 earnalis
1711 848 1955 910 muletnraeecs

374 955 509 1020 Patrem.
530 954 590 1020 Sed
603 959 713 1020 oontm
729 978 736 1019 :
752 955 788 1019 ln
802 954 919 1020 divinis
935 955 1080 1038 personis
1093 960 1140 1020 est
1193 953 1282 1017 sione
1306 952 1542 1033 generationis,
1566 952 1622 1034 qui
1648 955 1785 1033 generat
1809 950 1906 1013 aliurn
1927 950 1954 1013 in

372 1065 472 1128 ordo:
488 1062 540 1127 sed
554 1062 632 1128 ordo
645 1081 711 1128 non
728 1066 785 1143 est,
806 1062 869 1126 nisi
882 1063 997 1146 prioris
1010 1064 1050 1128 ad
1063 1081 1138 1147 pos-
1193 1060 1384 1139 substantia,
1397 1064 1429 1123 et
1448 1059 1483 1123 in
1503 1059 1621 1123 divinis
1640 1059 1789 1123 similiter
1804 1056 1895 1121 Pater
1906 1076 1954 1138 ge-

370 1172 469 1236 terius
486 1194 493 1235 :
508 1188 599 1252 erge,
615 1173 675 1234 ete.
1194 1172 1285 1231 nerat
1306 1166 1406 1231 alium
1425 1168 1460 1231 in
1480 1168 1668 1242 substantia,
1682 1185 1765 1249 ergo
1786 1165 1952 1230 εεεεεείοεε

410 1273 502 1356 Resp.
518 1273 692 1338 Dicendum
701 1273 799 1356 quod,
813 1273 896 1339 sieut
911 1273 995 1337 inira
1007 1275 1137 1356 patebit,
1193 1279 1409 1361 generationis
1438 1282 1581 1342 mutatur
1606 1283 1638 1342 et
1661 1279 1731 1343 iste.
1757 1277 1952 1360 Quocumque

370 1401 437 1447 non
456 1386 503 1445 est
519 1381 564 1445 ibi
590 1380 668 1445 ordo
690 1380 885 1461 durationis,
909 1399 975 1463 qno
991 1383 1072 1447 alter
1093 1386 1140 1445 est
1191 1389 1301 1451 tamen
1314 1387 1409 1451 modo
1424 1386 1558 1458 dicatur,
1580 1403 1648 1450 non
1671 1390 1720 1449 est
1738 1403 1954 1467 magnumpe

368 1496 468 1560 altero
481 1495 569 1578 prior
577 1512 588 1574 3
604 1493 660 1558 sed
672 1493 749 1558 ordo
763 1494 913 1575 originis,
927 1512 993 1577 quo
1004 1494 1085 1559 alter
1098 1514 1138 1559 ex
1192 1497 1344 1575 ciculum,
1357 1498 1434 1580 quia
1447 1516 1513 1562 non
1534 1497 1645 1561 omnia
1663 1500 1878 1579 argumenta,
1894 1514 1954 1579 qm

368 1602 477 1669 altero.
1192 1605 1287 1685 tlunt,
1303 1605 1343 1670 ad
1357 1606 1524 1670 veritatem
1539 1609 1617 1670 aunt
1637 1605 1828 1669 necessaria

686 1772 755 1819 ⁰¹1³·
769 1771 815 1818 Vl·
1503 1792 1572 1837 nun.
1594 1790 1652 1838 vn.

384 1908 498 1959 Invicem
509 1907 578 1959 enim
595 1908 622 1959 in
634 1921 679 1970 se,
694 1911 720 1958 et
735 1909 808 1958 Pater
821 1908 849 1958 in
861 1908 942 1975 Filio,
966 1913 991 1961 et
1006 1910 1083 1961 Filius
1096 1910 1122 1961 in
1250 1908 1309 1961 Vox
1321 1909 1377 1960 silet
1389 1922 1444 1959 non
1454 1922 1514 1959 mea
1526 1911 1636 1972 tentum,
1649 1907 1697 1958 sed
1710 1910 1737 1956 et
1748 1906 1911 1972 angam

623 1981 697 2030 Patre
711 1984 883 2045 cognoscitur.
1232 2036 1362 2102 Videtur
1371 2037 1454 2100 male
1467 2036 1587 2116 (ΗΜΘ,
1601 2035 1801 2119 mamm,
1816 2037 1960 2119 quiam

407 2140 539 2207 Haereat
551 2144 664 2224 qrnrta
678 2141 767 2221 ratio,
782 2145 814 2206 et
826 2146 874 2207 est
885 2141 957 2205 talis
971 2164 978 2206 :
993 2141 1138 2231 Relatim
1190 2162 1256 2208 non
1268 2148 1316 2208 est
1328 2144 1391 2208 nisi
1403 2144 1591 2209 habentium
1600 2161 1724 2225 organa
1736 2148 1771 2208 et
1783 2143 1959 2226 respiratio

367 2249 553 2315 simulsunt
565 2253 681 2313 natura
694 2270 703 2314 ι
718 2248 772 2313 sed
792 2248 885 2314 Pater
897 2254 929 2314 ει
942 2248 1043 2315 Filius
1060 2256 1138 2318 sunt
1190 2270 1286 2317 nem:
1303 2252 1358 2317 sed
1375 2252 1482 2335 angeli
1502 2252 1573 2317 haec
1591 2270 1659 2317 non
1673 2252 1810 2316 habent.
1832 2251 1871 2316 Si
1891 2252 1961 2316 dieas

367 2357 522 2423 relativa:
537 2374 617 2438 ergo
638 2356 756 2421 simul:
770 2355 903 2420 siPater
918 2360 965 2421 est
983 2362 1135 2439 aeternus,
1190 2359 1275 2442 quod
1290 2360 1410 2424 habent
1424 2377 1519 2425 voces
1529 2359 1722 2442 spirituales,
1737 2377 1809 2423 non
1822 2359 1960 2442 prolatm

367 2483 447 2548 ergo
459 2463 559 2529 Filius
570 2468 757 2528 coeternus.
772 2463 929 2528 Probatur
941 2465 1028 2547 quod
1045 2464 1138 2532 Pater
1190 2469 1273 2532 sieut
1293 2468 1369 2532 dicit
1390 2469 1619 2544 damascenus,
1642 2467 1730 2550 quod
1755 2466 1892 2531 medani
1912 2467 1961 2530 a'li

368 2579 415 2638 est
439 2578 596 2649 aeternus,
611 2572 707 2655 qnia,
731 2571 758 2635 si
778 2572 870 2654 prius
892 2573 952 2637 luit
974 2572 1076 2654 tiens,
1106 2579 1138 2640 et
1189 2574 1500 2656 intelligentiassuas
1512 2575 1670 2639 sinevoce
1678 2574 1960 2656 prolatas3puaero,

368 2685 477 2764 postea
492 2677 595 2759 Pater,
612 2683 754 2744 mutatus
767 2684 825 2744 est.
843 2678 905 2744 Sed
917 2684 1028 2746 eontra
1042 2682 1137 2747 istem
1190 2700 1265 2766 quae
1278 2684 1319 2746 sit
1331 2684 1501 2748 necessitas
1523 2682 1612 2747 vocis
1630 2681 1830 2764 spiritualis,
1848 2687 1882 2746 et
1900 2683 1960 2764 quis

351 2846 354 2851 i
368 2788 525 2853 rationem
544 2789 645 2869 potest
664 2787 760 2868 argui
780 2787 851 2869 pari
874 2788 997 2852 ratione
1014 2808 1023 2854 ε
1043 2788 1138 2855 Prius
1190 2790 1306 2855 modus
1315 2790 1477 2873 loquendi,
1492 2794 1524 2855 et
1535 2790 1610 2873 quis
1622 2788 1741 2853 modus
1754 2789 1923 2854 audiendi

368 2893 541 2971 iuitlieus,
556 2896 588 2956 et
601 2897 710 2977 postea
730 2893 909 2959 Dominus:
932 2914 1012 2977 ergo
1030 2902 1137 2962 muta-
1231 2897 1324 2980 Resp.
1352 2897 1496 2962 Breviter
1518 2896 1572 2961 hic
1594 2896 1771 2962 dicendum
1802 2902 1855 2961 est
1878 2896 1961 2980 (qm

367 3006 421 3065 tus
433 3004 490 3065 est.
1190 3005 1251 3070 hoc
1270 3009 1361 3071 extre
1382 3004 1558 3088 principale
1571 3005 1777 3088 propositum
1788 3009 1851 3083 est,
1871 3022 1959 3088 qum·

408 3107 499 3193 llosp.
517 3109 623 3193 Aliqui
636 3109 749 3175 volunt
759 3109 862 3175 dicere
874 3110 960 3193 quod
975 3110 1036 3177 ista
1055 3112 1135 3179 ratio
1190 3118 1261 3178 tum
1274 3114 1315 3179 ad
1326 3117 1450 3198 partem
1463 3101 1569 3193 istam,
1580 3130 1655 3196 quae
1666 3112 1708 3176 sit
1719 3113 1755 3177 in
1773 3114 1904 3197 angelis
1917 3136 1960 3182 ne

368 3217 462 3296 valet,
477 3219 553 3302 quia
565 3218 729 3300 generatio
741 3221 789 3282 est
801 3217 840 3282 de
853 3218 1138 3302 substantiagene·
1190 3223 1317 3287 cessitas
1337 3221 1545 3302 locutionis),
1567 3220 1667 3302 quia,
1683 3221 1770 3284 sicut
1795 3223 1959 3308 unicuique

367 3325 488 3390 rantis:
504 3330 535 3390 et
547 3326 629 3406 ideo,
645 3325 672 3389 si
685 3325 795 3408 incipit
807 3343 972 3407 generare,
987 3328 1136 3392 substan-
1189 3333 1315 3393 naturae
1339 3328 1487 3394 rationali
1507 3327 1580 3391 data
1604 3331 1652 3392 est
1680 3328 1840 3395 voluntas
1862 3332 1958 3409 lihesi,

366 3435 411 3499 tia
422 3439 575 3499 mutatur.
596 3433 658 3498 Sed
674 3434 736 3498 hoc
751 3451 818 3498 non
831 3433 973 3511 videtur,
989 3435 1066 3517 quia
1078 3455 1137 3518 ge-
1190 3438 1236 3501 sic
1250 3437 1441 3501 conscientia
1454 3439 1583 3499 secreta
1599 3434 1710 3515 Unde,
1729 3436 1818 3500 sicut
1831 3457 1898 3502 non
1913 3459 1959 3522 po

366 3543 488 3607 neratio
512 3543 547 3606 in
574 3541 692 3607 divinis
713 3559 781 3605 non
804 3541 880 3605 dicit
908 3546 1044 3606 motum.
1073 3544 1136 3608 Alii
1190 3548 1250 3608 test
1263 3544 1379 3626 aliquis
1391 3542 1589 3608 voluntatem
1601 3540 1736 3605 alterius
1748 3542 1785 3606 in
1798 3545 1957 3610 aliudve·

366 3649 475 3713 dicunt
489 3649 592 3731 quod,
614 3648 691 3730 quia
712 3648 843 3729 genitus
856 3651 904 3712 est
924 3650 1136 3714 consubstan-
1190 3655 1267 3731 tere,
1283 3652 1337 3715 sed
1358 3651 1462 3715 solum
1482 3650 1653 3726 inducere,
1670 3650 1734 3712 nisi
1748 3650 1822 3732 ipsa
1834 3671 1870 3716 se
1882 3654 1957 3717 indi

365 3756 447 3821 tialis
467 3757 630 3838 gignenti,
651 3756 678 3819 si
702 3760 847 3821 mutatur
867 3756 1014 3837 genitus,
1039 3759 1135 3840 etgi-
1191 3763 1259 3835 net,
1279 3764 1395 3841 praeter
1412 3759 1517 3823 solum
1541 3758 1663 3834 Deum,
1687 3757 1723 3820 in
1745 3761 1843 3841 enjus
1868 3779 1957 3825 manu

366 3883 495 3946 gnens:
521 3865 575 3929 sed
604 3864 734 3946 genitus
756 3867 916 3944 mutatur,
937 3864 964 3928 si
985 3864 1025 3929 de
1050 3883 1136 3932 novo
1190 3872 1265 3930 sunt
1280 3866 1375 3930 corda
1393 3865 1642 3944 hominum;·ita
1656 3881 1756 3928 nemo
1769 3873 1876 3948 potest
1888 3886 1956 3932 core

365 3976 563 4053 generatur:
586 3989 666 4053 ergo
692 3974 724 4034 et
756 3987 915 4052 generans
938 3989 996 4054 per
1021 3990 1135 4037 conse·
1189 3975 1348 4057 ceptiones
1375 3974 1505 4037 alterius
1535 3989 1742 4053 cognoscere,
1777 3974 1835 4038 sed
1863 3976 1957 4039 solun

365 4099 478 4164 quens.
493 4079 583 4143 Alius
593 4079 708 4144 modus
718 4077 843 4142 dicendi
855 4082 914 4158 est,
928 4078 1013 4161 quod
1028 4085 1135 4162 pater·
1189 4078 1632 4165 conJicere,praeter1teum,
1661 4079 1726 4142 nisi
1748 4081 1822 4163 ipsa
1848 4082 1957 4146 intelli·

365 4189 450 4254 nitas
465 4206 575 4253 veram
586 4187 662 4251 dicit
670 4186 890 4250 habitudinem
903 4186 938 4250 in
952 4186 1055 4264 Patre,
1068 4207 1135 4253 non
1190 4188 1301 4269 gentia
1312 4188 1491 4271 exprimat:
1508 4190 1541 4251 et
1555 4186 1625 4268 ipsa
1645 4188 1822 4268 expressio,
1845 4187 1956 4252 lourlio

365 4297 410 4361 sie
421 4295 537 4360 creatio
551 4295 602 4361 vel
616 4294 792 4359 dominatio
806 4312 815 4357 ι
831 4298 863 4358 ει
875 4294 945 4358 ideo
962 4296 1136 4377 paternitas
1189 4299 1405 4377 nuncupatur.
1435 4293 1525 4358 Ratio
1550 4297 1661 4357 autem
1684 4293 1785 4375 hujus
1807 4299 1865 4373 est,
1886 4295 1955 4378 quia

364 4404 498 4469 veniens
511 4406 625 4479 mutat,
640 4420 706 4467 non
719 4401 765 4466 sic
777 4402 960 4466 dominatio.
974 4401 1036 4466 Sed
1046 4404 1136 4468 nulla
1189 4399 1487 4465 soluslleusformat
1495 4403 1648 4479 mentem,
1654 4403 1686 4464 et
1694 4402 1954 4482 quantumadin-

364 4512 588 4596 praedictarum
618 4510 781 4574 rationum
806 4510 860 4574 dat
883 4509 1031 4591 vigorem
1057 4510 1135 4576 huie
1189 4506 1360 4584 tellectum,
1371 4512 1403 4571 ct
1412 4507 1617 4590 quantumed
1628 4508 1953 4586 allectum3etmod1u

363 4620 479 4685 rationi
494 4624 604 4685 contra
616 4618 797 4696 haereticum
813 4617 888 4700 quia
900 4618 1070 4684 haereticus
1082 4620 1133 4685 di-
1188 4615 1338 4698 loquendi
1353 4616 1465 4680 similis
1484 4619 1531 4679 est
1553 4616 1650 4681 modo
1663 4616 1856 4681 addiscendi.
1872 4615 1951 4680 Sient

364 4729 455 4793 debat
466 4727 553 4810 qnod
566 4726 667 4792 Filius
679 4744 745 4791 non
761 4730 829 4790 erat
842 4729 1022 4790 mactemus
1036 4726 1133 4806 Patri,
1189 4723 1277 4786 enim
1297 4741 1355 4787 nos
1378 4742 1434 4806 per
1452 4741 1582 4787 sensnm
1595 4722 1801 4799 addiscimus,
1818 4723 1861 4786 ita
1873 4720 1948 4805 qued

363 4856 401 4901 ac
415 4854 473 4920 per
489 4836 550 4899 hoe
567 4853 632 4900 non
657 4833 953 4915 consubstantialis,
968 4852 1028 4899 nec
1048 4835 1133 4900 idem
1189 4831 1307 4914 species
1328 4849 1385 4914 per
1401 4830 1585 4894 interiorem
1605 4848 1739 4896 sensum
1756 4829 1898 4914 pervenit
1916 4825 1949 4890 el

363 4945 549 5010 substantia.
571 4941 703 5027 Propter
729 4942 810 5020 hoc,
838 4941 1018 5006 notandum
1047 4944 1134 5025 quod
1188 4938 1394 5019 intellectum,
1418 4939 1464 5002 sic
1482 4938 1714 5022 exprimimus3
1734 4936 1947 5022 quieveram

362 5052 446 5117 dieta
465 5051 545 5115 ratio
557 5050 642 5115 bona
654 5053 702 5115 est
713 5053 824 5114 contra
836 5049 1037 5129 haereticum,
1052 5050 1134 5115 iacta
1188 5046 1389 5128 cogitationis
1409 5047 1545 5111 internae
1565 5047 1679 5112 unitur
1695 5047 1766 5113 voci
1779 5047 1815 5110 in
1826 5042 1944 5124 excogi-

363 5162 433 5242 ejus
453 5159 668 5242 suppositione
680 5180 688 5235 ;
711 5157 787 5238 quia
810 5156 980 5222 haeretieus
1010 5157 1133 5222 dicebat
1187 5158 1318 5236 tatione,
1331 5161 1362 5221 et
1375 5156 1578 5240 postmodum
1591 5158 1667 5223 voci
1682 5159 1819 5224 sensibili
1833 5159 1864 5220 in
1876 5171 1942 5238 pro-

363 5264 532 5331 Patremet
543 5264 661 5330 Filium
674 5264 903 5330 differentem
915 5264 1132 5331 substantiaet
1187 5264 1397 5344 nuntiatione,
1415 5269 1448 5328 et
1467 5265 1582 5330 exhoe
1594 5266 1802 5351 iltexpremio
1820 5266 1852 5329 in
1863 5267 1939 5326 actu.

397 5426 545 5488 munos,
565 5423 595 5474 ce
617 5423 693 5485 rrae,
707 5425 753 5475 ru.
764 5426 792 5489 t,
806 5437 829 5474 ε.
848 5427 1131 5488 11,n.u.-¹am-
1187 5372 1322 5452 angelus
1340 5376 1449 5436 ‘mmm
1469 5372 1566 5436 ΠΜ
1582 5375 1707 5439 virtute
1720 5375 1789 5440 m
1800 5370 1876 5456 ΨΜ
1888 5383 1939 5431 ¹³⁰⁵

363 5496 445 5561 tros,
457 5497 502 5547 unt
515 5509 601 5562 supra.
1186 5479 1344 5563 pluribus.
1367 5477 1457 5544 Unde
1473 5480 1630 5561 angelus,
1649 5481 1800 5566 senape
1816 5476 1936 5563 appii*
