4100 6300
241 8 309 366 l

1073 407 1191 472 130
2209 398 2829 474 SENTENTIARUM
2876 398 3026 465 LIB.
3065 400 3115 465 I.

1071 541 1196 621 nis,
1223 539 1332 605 sed
1356 537 1661 604 idoneitas
1685 554 1971 621 personae
1987 586 2006 618 ,
2036 536 2172 603 sive
2197 537 2558 621 hypostasis
2574 586 2593 618 ,

1071 665 1223 713 cum
1274 664 1393 711 sua
1435 645 1811 728 proprietate
1867 644 1948 710 ad
2003 644 2320 727 generari.
2373 643 2550 709 Unde
2572 692 2593 724 ,

1071 754 1245 839 quod
1270 754 1497 819 dicitur
1519 770 1699 835 posse
1724 752 1913 835 gigni
1938 752 2241 836 potentia,
2269 756 2474 836 potest
2499 753 2596 817 in-

1067 862 1270 944 telligi
1302 860 1714 942 originaliter,
1753 864 1816 924 et
1841 859 1931 924 sic
1965 864 2062 925 est
2093 860 2164 924 in
2196 860 2331 926 solo
2369 859 2590 939 Patre;

1067 968 1173 1036 vel
1204 966 1574 1048 formaliter,
1615 971 1678 1032 et
1706 968 1798 1032 sic
1834 967 2098 1052 ponitur
2127 987 2261 1035 esse
2301 968 2374 1033 in
2407 967 2591 1034 Filio.

1064 1076 1207 1142 Alio
1237 1079 1454 1141 autem
1473 1076 1694 1160 modo,
1721 1093 1876 1157 non,
1910 1080 2028 1142 etc.

1389 1309 1873 1381 ARTICULUS
1919 1308 2255 1380 UNICUS.

1142 1505 1241 1570 Ad
1267 1505 1650 1572 evidentiam
1676 1522 1903 1570 eorum
1937 1522 2084 1587 quae
2119 1502 2268 1567 dicit
2295 1499 2597 1582 Magister

1062 1612 1140 1677 de
1168 1614 1446 1696 potentia
1471 1613 1841 1695 generandi,
1866 1617 2140 1696 quatuor
2165 1612 2548 1694 quaeruntur
2573 1630 2589 1673 :

1062 1720 1269 1805 primo
1304 1721 1637 1804 quaeritur,
1677 1724 1899 1785 utrum
1940 1738 2122 1803 posse
2166 1734 2473 1801 generare
2524 1716 2595 1780 in

1061 1829 1318 1910 divinis,
1349 1829 1513 1894 dicat
1537 1828 1691 1913 quid
1707 1877 1726 1909 ,
1755 1829 1859 1894 vel
1884 1828 1964 1893 ad
1986 1826 2258 1910 aliquid;
2287 1823 2589 1904 secundo,

1061 1941 1284 2003 utrum
1324 1936 1510 2002 Pater
1545 1936 1974 2002 communicet
2005 1934 2353 2019 potentiam
2388 1951 2593 2015 gene-

1059 2044 1273 2122 randi,
1319 2044 1386 2109 id
1430 2047 1558 2124 est,
1614 2048 1835 2110 utrum
1880 2044 1950 2108 in
1992 2042 2153 2108 Filio
2191 2042 2273 2107 sit
2310 2041 2595 2126 potentia

1061 2152 1439 2235 generandi3
1489 2153 1674 2218 tertio
1688 2202 1705 2232 ,
1761 2157 1979 2218 utrum
2018 2169 2205 2235 posse
2244 2168 2553 2232 generare
2570 2198 2590 2230 ,

1059 2263 1124 2324 et
1139 2278 1375 2341 creare,
1401 2260 1482 2325 sit
1498 2261 1765 2326 unicum
1787 2278 1990 2344 posse,
2012 2259 2117 2324 vel
2135 2276 2268 2324 non
2294 2279 2310 2323 ε
2338 2261 2589 2341 quarto,

1058 2373 1284 2436 utrum
1327 2389 1508 2454 posse
1547 2371 1880 2453 generari,
1923 2373 1987 2435 et
2020 2369 2256 2450 creari,
2293 2369 2379 2433 sit
2409 2385 2593 2452 posse

1057 2496 1345 2546 umcum.

1571 2634 1978 2716 QUAESTIO
2020 2634 2073 2701 I.

1097 2784 1192 2841 An
1212 2797 1366 2859 posse
1391 2797 1643 2855 uenerat-e
1677 2780 1971 2928 &Udini-{iniis
2003 2780 2152 2837 dicat
2178 2778 2335 2856 quid,
2376 2778 2463 2837 vel
2488 2778 2557 2837 ad

1771 2886 1863 2943 qui
1943 2909 1960 2927 .

869 3056 940 3102 Ad
960 3067 1036 3114 ορ,
1143 3014 1325 3093 Quod
1350 3031 1533 3099 posse
1554 3030 1864 3095 generare
1889 3011 2057 3077 dicat
2089 3009 2281 3094 quid,
2311 3011 2594 3077 ostendi-

1059 3126 1169 3190 tur
1194 3122 1402 3206 primo
1443 3139 1558 3206 per
1589 3120 2026 3187 auctoritatem
2054 3117 2341 3202 Magistri
2377 3120 2449 3184 in
2481 3118 2593 3184 lit-

1059 3236 1217 3297 tera.
1250 3230 1434 3296 Pater
1463 3247 1599 3295 non
1618 3232 1713 3294 est
1736 3233 1960 3313 potens
1984 3228 2110 3293 nisi
2144 3231 2375 3293 natura
2394 3276 2411 3306 ,
2440 3226 2595 3311 quia

1059 3341 1202 3422 ejus
1233 3337 1511 3421 potentia
1554 3341 1784 3401 natura
1816 3340 1911 3400 est
1925 3384 1942 3416 ,
1991 3335 2098 3402 vel
2134 3334 2406 3400 essentia
2434 3352 2453 3400 z
2482 3331 2595 3398 sed

1057 3448 1290 3511 natura
1325 3448 1387 3510 et
1421 3444 1691 3509 essentia
1725 3443 1945 3509 dicunt
1968 3440 2164 3524 quid,
2193 3459 2329 3506 non
2352 3439 2442 3507 ad
2467 3441 2592 3507 αῑί-

1059 3551 1225 3645 quid
1250 3575 1276 3620 .·
1302 3570 1460 3636 ergo
1486 3555 1550 3616 et
1576 3549 1857 3634 potentia
1878 3547 2254 3631 generandi.

1139 3663 1201 3724 2.
1232 3659 1413 3740 Item,
1438 3658 1686 3723 ratione
1711 3657 2065 3722 ostenditur
2085 3654 2177 3718 sic
2211 3676 2226 3719 ι
2259 3652 2591 3734 Generare,

1062 3769 1157 3832 est
1193 3766 1316 3831 sihi
1359 3765 1568 3830 simile
1607 3765 1679 3829 in
1727 3767 1960 3828 natura
1995 3763 2345 3846 producere
2389 3780 2407 3827 ε
2450 3761 2591 3840 sed,

1063 3874 1416 3940 secundum
1439 3872 1611 3938 Isaac
1624 3879 1670 3950 ¹,
1691 3876 1924 3936 natura
1940 3875 2035 3934 est
2057 3870 2157 3935 vis
2173 3869 2363 3935 insita
2378 3869 2593 3950 rebus»,

1063 3981 1302 4046 similia
1327 3980 1639 4045 similibus
1666 3984 2006 4062 'procreans
2038 4000 2054 4043 :
2087 3994 2243 4059 ergo
2269 3977 2369 4044 vis
2394 3994 2596 4058 gene-

1061 4089 1248 4157 randi
1289 4088 1548 4172 respicit
1585 4087 1790 4170 ipsam
1831 4089 2163 4164 naturam,
2202 4084 2337 4149 sive
2381 4101 2598 4148 essen-

1062 4195 1254 4276 tiam,
1290 4195 1368 4260 de
1395 4212 1463 4259 se
1480 4243 1499 4276 ,
1526 4212 1660 4259 non
1694 4210 2034 4278 personam
2066 4213 2082 4257 ε
2114 4191 2224 4258 sed
2249 4208 2442 4256 omne
2472 4188 2597 4257 tale

1064 4303 1215 4368 dicit
1239 4301 1403 4387 quid
1425 4325 1451 4369 .·
1477 4319 1658 4384 ergO,
1682 4304 1802 4367 etc.

1146 4416 1206 4476 3.
1238 4410 1435 4490 Item,
1470 4410 1543 4475 in
1577 4408 1900 4494 perpetuis
1935 4425 2068 4474 non
2111 4405 2322 4473 differt
2358 4422 2494 4470 esse
2536 4406 2601 4470 et

1062 4537 1278 4605 posse,
1312 4522 1376 4587 et
1406 4517 1687 4602 potentia
1712 4518 1776 4581 et
1811 4514 2086 4582 essentia
2115 4519 2138 4555 ⁸
2178 4534 2195 4578 ε
2232 4512 2341 4578 sed
2378 4530 2514 4577 esse
2538 4514 2603 4577 et

1063 4627 1354 4705 essentia,
1379 4627 1450 4691 in
1471 4625 1726 4705 diviniS,
1746 4624 1967 4688 dicunt
1991 4620 2174 4706 quid,
2198 4638 2329 4685 non
2356 4619 2447 4685 ad
2472 4618 2602 4686 ali-

1064 4734 1259 4819 quid,
1280 4734 1415 4799 sive
1445 4751 1560 4817 per
1586 4749 1656 4796 se
1685 4730 1981 4795 dicantur
2002 4729 2083 4812 (a)
2101 4777 2118 4809 ,
2152 4728 2287 4795 sive
2309 4745 2460 4792 cum
2485 4727 2603 4792 ad·-

1056 4843 1285 4926 juncto
1303 4860 1321 4922 3
1346 4841 1518 4906 unde
1535 4838 1806 4905 essentia
1827 4836 2032 4902 Patris
2049 4837 2201 4902 dicit
2218 4835 2384 4918 quid
2401 4855 2427 4903 .·
2443 4852 2601 4918 ergo

1065 4948 1205 5035 pari
1229 4948 1475 5014 ratione
1499 4946 1782 5031 potentia
1806 4944 2182 5027 generandi.

1132 5113 1152 5149 ¹
1182 5112 1262 5176 Os.
1290 5112 1348 5163 S.
1371 5110 1610 5175 Thomas,
1636 5123 1689 5173 p.
1714 5110 1755 5173 1,
1784 5122 1836 5172 q.
1860 5118 1968 5172 xm,
1997 5109 2093 5158 art.
2120 5108 2362 5170 1;Scot.‚
2392 5105 2413 5155 1
2442 5104 2601 5168 Seni„

1070 5182 1318 5249 dist.·v11,
1345 5196 1398 5249 q.
1421 5194 1474 5246 13
1499 5182 1667 5246 AEgid.
1695 5182 1866 5244 Rom„
1897 5181 1917 5231 l
1949 5180 2113 5242 sent„
2153 5178 2271 5230 dist.
2294 5190 2403 5241 vu,
2441 5191 2495 5242 q.
2526 5188 2600 5241 113

1073 5254 1352 5318 Hem-icus,
1382 5255 1437 5303 in
1463 5254 1701 5316 Summa,
1728 5255 1824 5304 art.
1852 5263 2014 5314 xxxV,
2042 5265 2094 5316 q.
2120 5253 2179 5314 83
2214 5253 2265 5301 et
2293 5248 2468 5312 Quodc.
2499 5249 2564 5298 111
2587 5287 2600 5306 ,

1073 5340 1126 5389 q.
1163 5338 1255 5389 1113
1283 5325 1587 5389 Richardus,
1613 5325 1633 5373 1
1662 5325 1823 5386 Sene„
1847 5323 1964 5374 dist.
1999 5334 2105 5384 vu,
2142 5335 2195 5386 q.
2234 5333 2285 5384 13
2315 5321 2497 5371 Franc.
2537 5319 2641 5369 de·

1077 5397 1260 5462 Mayr„
1289 5397 1306 5447 1
1337 5399 1495 5459 Sem„
1523 5394 1640 5447 dist.
1659 5406 1755 5461 vu,
1775 5408 1830 5460 q.
1851 5407 1921 5462 ¹¹3
1950 5393 2243 5459 Durandus,
2266 5395 2282 5442 ι
2302 5393 2462 5454 sent„
2484 5389 2602 5443 dist.

2785 541 2849 601 4.
2906 535 3100 614 Item,
3138 535 3207 600 iu
3247 537 3504 620 divinis,
3549 541 3723 607 idem
3764 544 3865 608 est
3898 559 4100 608 secun

2703 663 2844 711 rem
2868 663 3073 729 posse,
3105 645 3291 724 scire,
3320 651 3385 713 et
3407 649 3590 715 velle.
3615 650 3744 716 Sed
3769 651 3842 715 in
3864 650 4100 715 divinis

2703 755 2801 817 est
2840 750 3102 820 scientia
3139 754 3401 836 propria
3420 804 3440 835 ,
3480 755 3584 823 vel
3607 758 3921 824 voluntas
3956 776 4100 842 pror

2704 859 2840 925 sive
2884 858 3143 923 scientia
3186 862 3253 924 et
3302 862 3600 929 voluntas
3644 865 3736 931 ad
3787 865 4084 947 aliquid.-

2703 965 2965 1031 scientia
2990 965 3142 1031 dicit
3166 966 3352 1050 quid,
3381 974 3446 1034 et
3470 975 3566 1036 est
3594 972 3796 1037 trium
3827 971 3941 1056 (b),
3965 972 4100 1037 simi

2704 1078 2768 1138 et
2806 1073 3151 1138 voluntas:
3183 1093 3341 1157 ergo
3379 1080 3661 1160 potentia
3696 1079 4060 1162 generandi
4097 1112 4100 1138 ι

2704 1181 2862 1263 quid
2880 1228 2898 1258 ,
2928 1180 3063 1247 sive
3089 1183 3449 1249 essentiam.

2784 1288 2906 1353 Sed
2928 1292 3148 1353 contra
3175 1310 3189 1353 :
3225 1288 3526 1373 Magister
3550 1291 3703 1358 dicit
3731 1293 3805 1358 in
3834 1294 4075 1374 littera,

2703 1395 3089 1478 principium
3115 1420 3131 1461 :
3165 1419 3196 1458 α
3214 1396 3403 1463 Posse
3422 1418 3758 1481 generare,
3783 1420 3927 1467 non
3945 1407 4047 1467 est
4066 1421 4100 1485 p

2702 1502 2992 1586 aliquid:
3022 1525 3053 1564 n
3086 1522 3243 1585 ergo
3278 1524 3413 1572 non
3444 1507 3595 1573 dicit
3631 1508 3827 1593 quid,
3856 1509 3975 1575 sed
4002 1509 4094 1576 ad

2702 1610 2865 1693 quid
2887 1632 2909 1672 .·
2937 1630 3126 1695 ergo,
3158 1616 3279 1678 etc.

2783 1717 2941 1782 Item
2962 1766 2981 1798 ,
3033 1719 3278 1785 ratione
3330 1723 3687 1788 ostenditur
3729 1724 3823 1788 sic
3868 1746 3886 1789 ε
3944 1724 4100 1790 Pota

2701 1824 3193 1906 distinguuntur
3228 1845 3342 1910 per
3373 1833 3551 1894 actus
3582 1830 3607 1866 ⁴
3651 1852 3668 1895 ε
3712 1849 3877 1914 ergo
3900 1879 3920 1909 ,
3971 1832 4031 1896 si
4072 1852 4100 1896 a

2701 1933 3001 2015 potentiae
3023 1933 3172 1998 dicit
3190 1934 3377 2017 quid,
3390 1939 3454 2001 et
3475 1939 3762 2019 potentia
3783 1939 4100 2005 similiter.

2702 2044 2946 2106 constat
2970 2040 3143 2123 quod
3169 2059 3478 2123 generare
3493 2092 3510 2125 ,
3539 2045 3610 2109 in
3632 2045 3904 2127 divinis,
3936 2064 4075 2110 non
4099 2081 4100 2091 κ

2701 2146 2890 2230 quid,
2917 2148 3027 2214 sed
3052 2149 3143 2216 ad
3167 2149 3425 2233 aliquid
3441 2174 3468 2218 .·
3490 2170 3647 2235 ergo
3674 2171 3796 2218 nec
3822 2171 4015 2237 posse
4040 2173 4100 2237 g«

2700 2271 2867 2321 rare.

2781 2361 2963 2440 Item,
2986 2363 3283 2445 quamvis
3303 2366 3373 2430 in
3391 2366 3698 2431 creaturis
3716 2366 4023 2433 differant
4044 2368 4100 2434 vi

2699 2472 2764 2535 et
2791 2470 3073 2552 operatio
3090 2520 3109 2552 ,
3139 2475 3356 2538 tamen
3390 2474 3459 2538 in
3486 2473 3613 2540 Deo
3646 2474 3820 2539 idem
3846 2478 4040 2555 sunt,
4086 2495 4100 2539 ι

2698 2577 2840 2642 vult
2873 2576 3251 2663 Dionysius:
3297 2598 3455 2663 ergo
3481 2581 3554 2646 in
3578 2581 3707 2646 Deo
3731 2582 3907 2646 idem
3934 2587 4038 2648 est
4067 2603 4100 2667 p

2700 2701 3031 2767 generare,
3060 2690 3124 2751 et
3148 2688 3469 2768 generari.
3500 2687 3625 2754 Sed
3648 2707 4004 2771 generare,
4047 2689 4100 2754 i1

2700 2791 2905 2873 vinis,
2941 2793 3092 2859 dicIt
3117 2794 3205 2862 ad
3249 2793 3536 2879 aliquid,
3567 2800 3634 2862 et
3660 2814 3797 2862 non
3834 2796 4100 2880 quide«

2699 2898 2993 2965 similiter
3023 2918 3229 2984 posse.

2779 3006 2938 3073 Item
2957 3056 2973 3087 ,
3005 3008 3191 3074 Pater
3226 3013 3525 3091 generat,
3554 3014 3620 3075 et
3643 3014 3851 3094 potest
3875 3030 4100 3094 genera

2699 3118 2814 3180 aut
2839 3132 2998 3198 ergo
3023 3115 3162 3182 ideo
3186 3120 3422 3201 potest,
3450 3117 3605 3201 quia
3627 3123 3934 3201 generat;
3965 3125 4088 3187 aut

2699 3228 2985 3305 generat,
3014 3224 3169 3307 quia
3192 3229 3396 3308 potest
3424 3243 3443 3290 z
3473 3229 3718 3291 constat
3741 3227 3920 3310 quod
3947 3246 4089 3295 non

2700 3334 2905 3413 potest
2937 3350 3246 3413 generare
3262 3380 3282 3410 ,
3317 3333 3472 3415 quia
3507 3338 3777 3415 generat
3792 3383 3812 3415 ,
3856 3336 3974 3402 sed
4014 3356 4055 3402 e
4094 3366 4100 3394 t

2698 3454 2931 3503 verso:
2962 3438 3016 3502 si
3051 3456 3208 3521 ergo
3233 3439 3395 3504 ratio
3423 3441 3664 3523 proprii
3702 3441 3894 3507 debet
3920 3462 4065 3509 ὅτε

2698 3544 2861 3628 pria,
2882 3562 3040 3627 ergo
3059 3546 3342 3628 potentia
3361 3548 3712 3628 generandi
3740 3548 3931 3614 debet
3954 3569 4094 3616 esse

2697 3650 2869 3734 pria,
2898 3655 2962 3716 et
2994 3652 3156 3716 nihil
3196 3657 3291 3719 est
3324 3656 3664 3738 proprium
3700 3655 3772 3720 in
3807 3656 4053 3724 divinis
4070 3707 4093 3736 ,

2700 3759 2871 3841 quod
2908 3759 3061 3824 dicit
3086 3759 3177 3826 ad
3203 3760 3462 3845 aliquid
3487 3783 3511 3825 .·
3538 3781 3699 3846 ergo
3717 3811 3735 3842 ,
3764 3768 3887 3830 etc.

2782 3865 2941 3931 Item
2959 3915 2979 3946 ,
3035 3869 3247 3933 omnis
3297 3870 3583 3952 potentia
3631 3873 3848 3937 activa
3892 3890 4044 3956 quae
4086 3872 4100 3936 i

2702 3977 3011 4039 creaturae
3026 4021 3044 4052 ,
3069 3974 3235 4040 inest
3260 3978 3619 4044 secundum
3658 3978 3905 4062 aliquas
3935 3980 4099 4045 cond

2701 4102 2817 4151 nes
2837 4088 2899 4149 et
2919 4084 3353 4168 proprietates,
3372 4091 3450 4152 ut
3469 4092 3663 4171 patet.
3691 4087 3883 4155 Posse
3900 4092 4081 4156 enim

2703 4191 2949 4256 minare
2974 4238 2995 4270 ,
3044 4191 3208 4258 inest
3244 4194 3568 4260 luminoso
3601 4214 3718 4278 per
3758 4196 4016 4278 luoem3
4060 4217 4100 4282 p

2704 4292 3040 4360 calefacere
3054 4341 3072 4374 ,
3115 4295 3318 4361 calido
3360 4314 3475 4380 per
3500 4298 3910 4365 caliditatem.
3939 4299 4100 4378 Qua:

2704 4408 2921 4470 autem
2965 4407 3251 4489 potentia
3293 4409 3645 4490 generandi
3693 4429 3831 4476 non
3872 4410 3954 4477 sit
3992 4413 4100 4477 acti

2703 4516 2923 4581 tamen
2962 4514 3187 4583 activae
3220 4515 3445 4581 similis
3483 4520 3579 4583 est
3622 4535 3869 4601 tergo,
3913 4537 4100 4584 cum:

2707 4619 2877 4685 Patri
2892 4667 2909 4700 ,
2936 4620 3102 4688 inest
3134 4640 3249 4704 per
3289 4622 3573 4707 aliquam
3607 4626 4100 4709 proprietatem:

2706 4727 3054 4812 proprietas
3078 4733 3297 4794 autem
3321 4735 3436 4795 aut
3461 4731 3615 4798 dicit
3638 4732 3845 4815 quid,
3873 4738 3989 4800 aut
4013 4732 4100 4801 ad

2707 4834 2870 4919 quid
2894 4854 2919 4897 .·
2958 4835 3013 4899 si
3047 4835 3240 4919 quid,
3279 4836 3446 4902 inest
3484 4839 3791 4906 omnibus
3821 4841 4100 4924 persor&

2708 5006 2802 5119 Ε,
2822 5010 2874 5060 q.
2894 4996 3139 5119 {ns-{plan
3160 4997 3400 5119 dBactcon„
3429 4997 3450 5048 1
3479 4999 3640 5063 Sem„
3672 4999 3793 5052 dist.
3815 5009 3882 5066 V,
3908 5002 4100 5123 q'gss-'n

2710 5083 2922 5190 dis{.⁰’v11
2936 5175 2953 5203 ,
2974 5153 3026 5204 q.
3048 5105 3166 5190 1.⁹’—-
3181 5080 3461 5204 :lsaaffi’n
3476 5076 3873 5208 Ἑίἦῦιὲνιξηὶιιέ
3890 5075 4041 5194 hibet
4053 5108 4100 5194 'A

2707 5210 2769 5261 de
2800 5209 3013 5270 Anima,
3043 5209 3132 5262 lib.
3156 5212 3198 5262 ll
3232 5215 3459 5263 context.
3477 5213 3559 5263 3⁸.
3585 5239 3650 5251 —
3681 5214 3893 5280 ’Ax-ist„
3928 5214 4100 5278 thnfe

2711 5283 2776 5332 III
2792 5318 2812 5346 ,
2853 5284 3079 5332 context.
3104 5284 3183 5333 32.
3202 5307 3267 5320 -—
3287 5282 3501 5348 ΙἈΙ-ἰείη
3528 5283 3591 5334 de
3622 5286 3827 5349 Anima,
3853 5289 4100 5338 context-t

2775 5361 2841 5454 (α’)
2873 5385 3017 5438 Edit.
3043 5387 3160 5440 ναι.
3189 5388 3477 5443 dicam-
3496 5388 3564 5458 (b)
3588 5391 3779 5460 supple
3800 5404 4100 5458 pennu-nn
