<?xml version="1.0" encoding="UTF-8"?>
<!DOCTYPE html PUBLIC "-//W3C//DTD XHTML 1.0 Transitional//EN"
    "http://www.w3.org/TR/xhtml1/DTD/xhtml1-transitional.dtd">
<html xmlns="http://www.w3.org/1999/xhtml" xml:lang="en" lang="en">
 <head>
  <title>
</title>
<meta http-equiv="Content-Type" content="text/html;charset=utf-8" />
  <meta name='ocr-system' content='tesseract 3.04.00' />
  <meta name='ocr-capabilities' content='ocr_page ocr_carea ocr_par ocr_line ocrx_word'/>
</head>
<body>
  <div class='ocr_page' id='page_1' title='image "./srecardinalissb00peltgoog_0651.png"; bbox 0 0 4100 6300; ppageno 0'>
   <div class='ocr_carea' id='block_1_1' title="bbox 611 509 1242 591">
    <p class='ocr_par' dir='ltr' id='par_1_1' title="bbox 611 509 1242 591">
     <span class='ocr_line' id='line_1_1' title="bbox 611 509 1242 591; baseline -0.003 -9"><span class='ocrx_word' id='word_1_1' title='bbox 611 514 709 582; x_wconf 82' lang='lat' dir='ltr'><strong>DlS&#39;l&#39;.</strong></span> <span class='ocrx_word' id='word_1_2' title='bbox 730 510 866 579; x_wconf 80' lang='lat' dir='ltr'><strong>xxviii.</strong></span> <span class='ocrx_word' id='word_1_3' title='bbox 887 509 979 578; x_wconf 70' lang='lat' dir='ltr'><strong>Atti.</strong></span> <span class='ocrx_word' id='word_1_4' title='bbox 995 511 1021 578; x_wconf 88' lang='lat' dir='ltr'><strong>l.</strong></span> <span class='ocrx_word' id='word_1_5' title='bbox 1045 512 1194 591; x_wconf 81' lang='lat' dir='ltr'><strong>QUAEST.</strong></span> <span class='ocrx_word' id='word_1_6' title='bbox 1217 515 1242 580; x_wconf 91' lang='lat' dir='ltr'><strong>l.</strong></span> 
     </span>
    </p>
   </div>
   <div class='ocr_carea' id='block_1_2' title="bbox 38 704 879 905">
    <p class='ocr_par' dir='ltr' id='par_1_2' title="bbox 38 704 879 905">
     <span class='ocr_line' id='line_1_2' title="bbox 457 704 582 750; baseline -0.016 -1"><span class='ocrx_word' id='word_1_7' title='bbox 457 704 525 750; x_wconf 83' lang='lat' dir='ltr'><strong>DUB.</strong></span> <span class='ocrx_word' id='word_1_8' title='bbox 548 704 582 750; x_wconf 81' lang='lat' dir='ltr'><strong>V·</strong></span> 
     </span>
     <span class='ocr_line' id='line_1_3' title="bbox 38 802 879 905; baseline 0.023 -42"><span class='ocrx_word' id='word_1_9' title='bbox 38 802 103 868; x_wconf 53' lang='lat'><strong>3³³3:</strong></span> <span class='ocrx_word' id='word_1_10' title='bbox 155 840 244 905; x_wconf 70' lang='lat' dir='ltr'><strong>{mago</strong></span> <span class='ocrx_word' id='word_1_11' title='bbox 258 839 394 905; x_wconf 56' lang='lat' dir='ltr'><strong>anquando</strong></span> <span class='ocrx_word' id='word_1_12' title='bbox 407 839 523 890; x_wconf 63' lang='lat' dir='ltr'><strong>esaentiae</strong></span> <span class='ocrx_word' id='word_1_13' title='bbox 537 836 729 903; x_wconf 88' lang='lat' dir='ltr'><strong>intelligentiam</strong></span> <span class='ocrx_word' id='word_1_14' title='bbox 742 833 815 897; x_wconf 83' lang='lat' dir='ltr'><strong>tacit,</strong></span> <span class='ocrx_word' id='word_1_15' title='bbox 829 836 879 883; x_wconf 88' lang='lat' dir='ltr'><strong>eto.</strong></span> 
     </span>
    </p>
   </div>
   <div class='ocr_carea' id='block_1_3' title="bbox 38 976 911 2131">
    <p class='ocr_par' dir='ltr' id='par_1_3' title="bbox 38 976 911 2131">
     <span class='ocr_line' id='line_1_4' title="bbox 49 976 903 1070; baseline -0.009 -26"><span class='ocrx_word' id='word_1_16' title='bbox 49 1012 67 1062; x_wconf 34' lang='grc' dir='ltr'><strong>-ὖ</strong></span> <span class='ocrx_word' id='word_1_17' title='bbox 83 1053 103 1070; x_wconf 25' lang='grc' dir='ltr'><strong>μ,</strong></span> <span class='ocrx_word' id='word_1_18' title='bbox 172 978 305 1043; x_wconf 80' lang='lat' dir='ltr'><strong>Videtur</strong></span> <span class='ocrx_word' id='word_1_19' title='bbox 317 978 378 1043; x_wconf 90' lang='lat' dir='ltr'><strong>hoe</strong></span> <span class='ocrx_word' id='word_1_20' title='bbox 397 977 531 1055; x_wconf 85' lang='lat' dir='ltr'><strong>laisum,</strong></span> <span class='ocrx_word' id='word_1_21' title='bbox 552 976 628 1060; x_wconf 90' lang='lat' dir='ltr'><strong>quia</strong></span> <span class='ocrx_word' id='word_1_22' title='bbox 644 976 754 1057; x_wconf 80' lang='lat' dir='ltr'>imago</span> <span class='ocrx_word' id='word_1_23' title='bbox 777 990 903 1055; x_wconf 88' lang='lat' dir='ltr'><strong>semper</strong></span> 
     </span>
     <span class='ocr_line' id='line_1_5' title="bbox 127 1084 903 1167; baseline -0.008 -16.662"><span class='ocrx_word' id='word_1_24' title='bbox 127 1089 283 1151; x_wconf 75' lang='lat' dir='ltr'><strong>connotat</strong></span> <span class='ocrx_word' id='word_1_25' title='bbox 300 1085 536 1167; x_wconf 90' lang='lat' dir='ltr'><strong>imaginatum:</strong></span> <span class='ocrx_word' id='word_1_26' title='bbox 551 1084 606 1148; x_wconf 86' lang='lat' dir='ltr'><strong>sed</strong></span> <span class='ocrx_word' id='word_1_27' title='bbox 629 1101 696 1148; x_wconf 91' lang='lat' dir='ltr'><strong>uon</strong></span> <span class='ocrx_word' id='word_1_28' title='bbox 713 1084 815 1165; x_wconf 91' lang='lat' dir='ltr'><strong>potest</strong></span> <span class='ocrx_word' id='word_1_29' title='bbox 835 1099 903 1144; x_wconf 89' lang='lat' dir='ltr'><strong>esse</strong></span> 
     </span>
     <span class='ocr_line' id='line_1_6' title="bbox 128 1179 903 1275; baseline -0.007 -18.587"><span class='ocrx_word' id='word_1_30' title='bbox 128 1194 220 1259; x_wconf 90' lang='lat' dir='ltr'><strong>idem</strong></span> <span class='ocrx_word' id='word_1_31' title='bbox 242 1195 352 1275; x_wconf 80' lang='lat' dir='ltr'>imago</span> <span class='ocrx_word' id='word_1_32' title='bbox 373 1197 405 1258; x_wconf 90' lang='lat' dir='ltr'><strong>et</strong></span> <span class='ocrx_word' id='word_1_33' title='bbox 425 1192 639 1274; x_wconf 87' lang='lat' dir='ltr'><strong>imaginatum</strong></span> <span class='ocrx_word' id='word_1_34' title='bbox 654 1213 661 1255; x_wconf 94' lang='lat'><strong>:</strong></span> <span class='ocrx_word' id='word_1_35' title='bbox 676 1179 755 1272; x_wconf 88' lang='lat' dir='ltr'><strong>ergo</strong></span> <span class='ocrx_word' id='word_1_36' title='bbox 776 1206 903 1271; x_wconf 81' lang='lat' dir='ltr'><strong>semper</strong></span> 
     </span>
     <span class='ocr_line' id='line_1_7' title="bbox 128 1301 401 1367; baseline -0.014 -1.219"><span class='ocrx_word' id='word_1_37' title='bbox 128 1301 401 1367; x_wconf 87' lang='lat' dir='ltr'><strong>dieiturrelative.</strong></span> 
     </span>
     <span class='ocr_line' id='line_1_8' title="bbox 172 1403 903 1491; baseline -0.009 -18.128"><span class='ocrx_word' id='word_1_38' title='bbox 172 1409 266 1491; x_wconf 85' lang='lat' dir='ltr'><strong>Resp.</strong></span> <span class='ocrx_word' id='word_1_39' title='bbox 280 1407 456 1474; x_wconf 75' lang='lat' dir='ltr'>Dicendum</span> <span class='ocrx_word' id='word_1_40' title='bbox 467 1408 553 1490; x_wconf 86' lang='lat' dir='ltr'><strong>qnod</strong></span> <span class='ocrx_word' id='word_1_41' title='bbox 563 1406 672 1487; x_wconf 92' lang='lat' dir='ltr'><strong>imago</strong></span> <span class='ocrx_word' id='word_1_42' title='bbox 691 1421 816 1487; x_wconf 78' lang='lat' dir='ltr'>semper</span> <span class='ocrx_word' id='word_1_43' title='bbox 828 1403 903 1467; x_wconf 88' lang='lat' dir='ltr'><strong>dieit</strong></span> 
     </span>
     <span class='ocr_line' id='line_1_9' title="bbox 46 1489 902 1598; baseline -0.008 -17"><span class='ocrx_word' id='word_1_44' title='bbox 46 1489 68 1526; x_wconf 62' lang='lat'><strong>⁷⁸</strong></span> <span class='ocrx_word' id='word_1_45' title='bbox 83 1495 90 1534; x_wconf 66' lang='lat'><strong><em>⁷</em></strong></span> <span class='ocrx_word' id='word_1_46' title='bbox 127 1519 312 1598; x_wconf 81' lang='lat' dir='ltr'><strong>respectam</strong></span> <span class='ocrx_word' id='word_1_47' title='bbox 325 1516 365 1580; x_wconf 89' lang='lat' dir='ltr'><strong>ad</strong></span> <span class='ocrx_word' id='word_1_48' title='bbox 374 1516 565 1591; x_wconf 83' lang='lat' dir='ltr'><strong>increatum,</strong></span> <span class='ocrx_word' id='word_1_49' title='bbox 579 1515 631 1578; x_wconf 87' lang='lat' dir='ltr'><strong>vel</strong></span> <span class='ocrx_word' id='word_1_50' title='bbox 641 1515 682 1578; x_wconf 89' lang='lat' dir='ltr'><strong>ad</strong></span> <span class='ocrx_word' id='word_1_51' title='bbox 697 1518 839 1578; x_wconf 86' lang='lat' dir='ltr'><strong>ereetum</strong></span> <span class='ocrx_word' id='word_1_52' title='bbox 852 1516 902 1575; x_wconf 91' lang='lat' dir='ltr'><strong>:et</strong></span> 
     </span>
     <span class='ocr_line' id='line_1_10' title="bbox 38 1595 901 1701; baseline -0.005 -18"><span class='ocrx_word' id='word_1_53' title='bbox 38 1595 81 1644; x_wconf 59' lang='lat'><strong>³⁷³</strong></span> <span class='ocrx_word' id='word_1_54' title='bbox 126 1620 262 1701; x_wconf 86' lang='lat' dir='ltr'><strong>quando</strong></span> <span class='ocrx_word' id='word_1_55' title='bbox 276 1619 351 1683; x_wconf 84' lang='lat' dir='ltr'><strong>dicit</strong></span> <span class='ocrx_word' id='word_1_56' title='bbox 364 1622 545 1701; x_wconf 89' lang='lat' dir='ltr'><strong>respectum</strong></span> <span class='ocrx_word' id='word_1_57' title='bbox 558 1618 598 1681; x_wconf 89' lang='lat' dir='ltr'><strong>ad</strong></span> <span class='ocrx_word' id='word_1_58' title='bbox 611 1619 806 1694; x_wconf 87' lang='lat' dir='ltr'><strong>increatum,</strong></span> <span class='ocrx_word' id='word_1_59' title='bbox 822 1616 901 1680; x_wconf 87' lang='lat' dir='ltr'><strong>dioi-</strong></span> 
     </span>
     <span class='ocr_line' id='line_1_11' title="bbox 80 1718 899 1809; baseline -0.006 -19.244"><span class='ocrx_word' id='word_1_60' title='bbox 80 1718 95 1742; x_wconf 79' lang='grc'><strong>”</strong></span> <span class='ocrx_word' id='word_1_61' title='bbox 128 1732 186 1790; x_wconf 89' lang='lat' dir='ltr'><strong>tur</strong></span> <span class='ocrx_word' id='word_1_62' title='bbox 203 1726 408 1809; x_wconf 84' lang='lat' dir='ltr'><strong>personaliter</strong></span> <span class='ocrx_word' id='word_1_63' title='bbox 430 1730 461 1789; x_wconf 90' lang='lat' dir='ltr'><strong>et</strong></span> <span class='ocrx_word' id='word_1_64' title='bbox 479 1724 609 1789; x_wconf 85' lang='lat' dir='ltr'><strong>relative</strong></span> <span class='ocrx_word' id='word_1_65' title='bbox 622 1725 800 1789; x_wconf 85' lang='lat' dir='ltr'><strong>seeundum</strong></span> <span class='ocrx_word' id='word_1_66' title='bbox 813 1741 899 1802; x_wconf 90' lang='lat' dir='ltr'><strong>rem;</strong></span> 
     </span>
     <span class='ocr_line' id='line_1_12' title="bbox 70 1827 902 1916; baseline -0.002 -19"><span class='ocrx_word' id='word_1_67' title='bbox 70 1827 80 1867; x_wconf 65' lang='lat'><em>⁵</em></span> <span class='ocrx_word' id='word_1_68' title='bbox 126 1834 259 1916; x_wconf 89' lang='lat' dir='ltr'><strong>quando</strong></span> <span class='ocrx_word' id='word_1_69' title='bbox 267 1837 376 1897; x_wconf 89' lang='lat' dir='ltr'><strong>autem</strong></span> <span class='ocrx_word' id='word_1_70' title='bbox 385 1837 564 1916; x_wconf 79' lang='lat' dir='ltr'><strong>respectum</strong></span> <span class='ocrx_word' id='word_1_71' title='bbox 572 1836 737 1912; x_wconf 75' lang='lat' dir='ltr'><strong>creaturae,</strong></span> <span class='ocrx_word' id='word_1_72' title='bbox 750 1830 902 1896; x_wconf 85' lang='lat' dir='ltr'><strong>essentia-</strong></span> 
     </span>
     <span class='ocr_line' id='line_1_13' title="bbox 125 1940 900 2022; baseline 0 -19"><span class='ocrx_word' id='word_1_73' title='bbox 125 1941 204 2005; x_wconf 86' lang='lat' dir='ltr'><strong>liter</strong></span> <span class='ocrx_word' id='word_1_74' title='bbox 214 1942 331 2006; x_wconf 86' lang='lat' dir='ltr'><strong>dieitur</strong></span> <span class='ocrx_word' id='word_1_75' title='bbox 344 1947 377 2005; x_wconf 91' lang='lat' dir='ltr'><strong>et</strong></span> <span class='ocrx_word' id='word_1_76' title='bbox 389 1941 429 2004; x_wconf 88' lang='lat' dir='ltr'><strong>ad</strong></span> <span class='ocrx_word' id='word_1_77' title='bbox 441 1959 496 2017; x_wconf 89' lang='lat' dir='ltr'><strong>se,</strong></span> <span class='ocrx_word' id='word_1_78' title='bbox 520 1958 585 2004; x_wconf 93' lang='lat' dir='ltr'><strong>non</strong></span> <span class='ocrx_word' id='word_1_79' title='bbox 600 1944 760 2022; x_wconf 88' lang='lat' dir='ltr'><strong>quantum</strong></span> <span class='ocrx_word' id='word_1_80' title='bbox 774 1940 814 2004; x_wconf 89' lang='lat' dir='ltr'><strong>ad</strong></span> <span class='ocrx_word' id='word_1_81' title='bbox 829 1959 900 2003; x_wconf 93' lang='lat' dir='ltr'><strong>mo-</strong></span> 
     </span>
     <span class='ocr_line' id='line_1_14' title="bbox 40 2045 911 2131; baseline 0 -19"><span class='ocrx_word' id='word_1_82' title='bbox 40 2045 58 2086; x_wconf 79' lang='grc'><strong>’-</strong></span> <span class='ocrx_word' id='word_1_83' title='bbox 71 2049 87 2090; x_wconf 85' lang='lat'><strong>&#39;-</strong></span> <span class='ocrx_word' id='word_1_84' title='bbox 125 2049 211 2112; x_wconf 92' lang='lat' dir='ltr'><strong>dum</strong></span> <span class='ocrx_word' id='word_1_85' title='bbox 224 2048 358 2129; x_wconf 82' lang='lat' dir='ltr'><strong>dicendi,</strong></span> <span class='ocrx_word' id='word_1_86' title='bbox 375 2048 429 2112; x_wconf 85' lang='lat' dir='ltr'><strong>sed</strong></span> <span class='ocrx_word' id='word_1_87' title='bbox 443 2048 520 2131; x_wconf 88' lang='lat' dir='ltr'><strong>quia</strong></span> <span class='ocrx_word' id='word_1_88' title='bbox 542 2047 599 2111; x_wconf 90' lang='lat' dir='ltr'><strong>toti</strong></span> <span class='ocrx_word' id='word_1_89' title='bbox 618 2046 767 2111; x_wconf 87' lang='lat' dir='ltr'><strong>Trinitati</strong></span> <span class='ocrx_word' id='word_1_90' title='bbox 782 2066 911 2114; x_wconf 78' lang='lat' dir='ltr'><strong>nonve·-</strong></span> 
     </span>
    </p>
   </div>
   <div class='ocr_carea' id='block_1_4' title="bbox 126 2157 193 2219">
    <p class='ocr_par' dir='ltr' id='par_1_4' title="bbox 39 2157 193 2219">
     <span class='ocr_line' id='line_1_15' title="bbox 126 2157 193 2219; baseline 0.006 -0.435"><span class='ocrx_word' id='word_1_91' title='bbox 126 2157 193 2219; x_wconf 85' lang='lat' dir='ltr'><strong>nit.</strong></span> 
     </span>
    </p>
   </div>
   <div class='ocr_carea' id='block_1_5' title="bbox 367 2296 661 2367">
    <p class='ocr_par' dir='ltr' id='par_1_5' title="bbox 367 2296 661 2367">
     <span class='ocr_line' id='line_1_16' title="bbox 367 2296 661 2367; baseline -0.003 -2"><span class='ocrx_word' id='word_1_92' title='bbox 367 2296 612 2367; x_wconf 87' lang='lat' dir='ltr'><strong>ARTIGULUS</strong></span> <span class='ocrx_word' id='word_1_93' title='bbox 635 2298 661 2364; x_wconf 90' lang='lat' dir='ltr'><strong>l.</strong></span> 
     </span>
    </p>
   </div>
   <div class='ocr_carea' id='block_1_6' title="bbox 39 2477 901 2778">
    <p class='ocr_par' dir='ltr' id='par_1_6' title="bbox 38 2477 901 2778">
     <span class='ocr_line' id='line_1_17' title="bbox 170 2477 899 2561; baseline 0.009 -23.774"><span class='ocrx_word' id='word_1_94' title='bbox 170 2478 221 2542; x_wconf 79' lang='lat' dir='ltr'><strong>Ad</strong></span> <span class='ocrx_word' id='word_1_95' title='bbox 232 2477 478 2560; x_wconf 78' lang='lat' dir='ltr'><strong>intelligentiam</strong></span> <span class='ocrx_word' id='word_1_96' title='bbox 491 2496 604 2544; x_wconf 89' lang='lat' dir='ltr'><strong>eorum</strong></span> <span class='ocrx_word' id='word_1_97' title='bbox 617 2497 692 2561; x_wconf 85' lang='lat' dir='ltr'><strong>qnae</strong></span> <span class='ocrx_word' id='word_1_98' title='bbox 704 2479 856 2544; x_wconf 83' lang='lat' dir='ltr'><strong>dicuntur</strong></span> <span class='ocrx_word' id='word_1_99' title='bbox 864 2480 899 2544; x_wconf 93' lang='lat' dir='ltr'><strong>in</strong></span> 
     </span>
     <span class='ocr_line' id='line_1_18' title="bbox 39 2586 899 2671; baseline 0.006 -24"><span class='ocrx_word' id='word_1_100' title='bbox 39 2609 69 2648; x_wconf 84' lang='grc' dir='ltr'><strong>ῑ-</strong></span> <span class='ocrx_word' id='word_1_101' title='bbox 124 2586 282 2671; x_wconf 79' lang='lat' dir='ltr'><strong>praesenti</strong></span> <span class='ocrx_word' id='word_1_102' title='bbox 304 2586 517 2664; x_wconf 88' lang='lat' dir='ltr'><strong>distinctione,</strong></span> <span class='ocrx_word' id='word_1_103' title='bbox 538 2590 675 2668; x_wconf 89' lang='lat' dir='ltr'><strong>quatuor</strong></span> <span class='ocrx_word' id='word_1_104' title='bbox 696 2592 899 2669; x_wconf 69' lang='lat' dir='ltr'><strong>quaeruntur.</strong></span> 
     </span>
     <span class='ocr_line' id='line_1_19' title="bbox 125 2693 901 2778; baseline 0.002 -16.798"><span class='ocrx_word' id='word_1_105' title='bbox 125 2694 240 2758; x_wconf 92' lang='lat' dir='ltr'><strong>Primo</strong></span> <span class='ocrx_word' id='word_1_106' title='bbox 252 2693 409 2775; x_wconf 75' lang='lat' dir='ltr'><strong>quaeritur</strong></span> <span class='ocrx_word' id='word_1_107' title='bbox 422 2696 533 2757; x_wconf 89' lang='lat' dir='ltr'><strong>utrum</strong></span> <span class='ocrx_word' id='word_1_108' title='bbox 547 2693 609 2757; x_wconf 86' lang='lat' dir='ltr'><strong>hoo</strong></span> <span class='ocrx_word' id='word_1_109' title='bbox 620 2699 757 2773; x_wconf 77' lang='lat' dir='ltr'><strong>nomeu,</strong></span> <span class='ocrx_word' id='word_1_110' title='bbox 771 2698 901 2778; x_wconf 77' lang='lat' dir='ltr'><strong>inperti-</strong></span> 
     </span>
    </p>
   </div>
   <div class='ocr_carea' id='block_1_7' title="bbox 125 2800 900 2880">
    <p class='ocr_par' dir='ltr' id='par_1_7' title="bbox 39 2800 900 2880">
     <span class='ocr_line' id='line_1_20' title="bbox 125 2800 900 2880; baseline 0.01 -20.101"><span class='ocrx_word' id='word_1_111' title='bbox 125 2803 201 2877; x_wconf 72' lang='lat' dir='ltr'><strong>tus,</strong></span> <span class='ocrx_word' id='word_1_112' title='bbox 231 2800 299 2864; x_wconf 92' lang='lat' dir='ltr'><strong>sive</strong></span> <span class='ocrx_word' id='word_1_113' title='bbox 325 2801 549 2880; x_wconf 73' lang='lat' dir='ltr'><strong>intromittite,</strong></span> <span class='ocrx_word' id='word_1_114' title='bbox 573 2801 696 2866; x_wconf 83' lang='lat' dir='ltr'><strong>dicatur</strong></span> <span class='ocrx_word' id='word_1_115' title='bbox 721 2804 900 2868; x_wconf 84' lang='lat' dir='ltr'><strong>seeundum</strong></span> 
     </span>
    </p>
   </div>
   <div class='ocr_carea' id='block_1_8' title="bbox 38 2906 901 3748">
    <p class='ocr_par' dir='ltr' id='par_1_8' title="bbox 43 2906 900 3097">
     <span class='ocr_line' id='line_1_21' title="bbox 43 2906 900 2986; baseline 0.008 -17"><span class='ocrx_word' id='word_1_116' title='bbox 43 2979 50 2986; x_wconf 51' lang='grc'><strong>,</strong></span> <span class='ocrx_word' id='word_1_117' title='bbox 66 2941 77 2980; x_wconf 66' lang='lat'>3</span> <span class='ocrx_word' id='word_1_118' title='bbox 124 2906 352 2983; x_wconf 76' lang='lat' dir='ltr'><strong>substantiam,</strong></span> <span class='ocrx_word' id='word_1_119' title='bbox 367 2907 418 2971; x_wconf 89' lang='lat' dir='ltr'><strong>vel</strong></span> <span class='ocrx_word' id='word_1_120' title='bbox 434 2909 613 2973; x_wconf 83' lang='lat' dir='ltr'><strong>secundnm</strong></span> <span class='ocrx_word' id='word_1_121' title='bbox 627 2909 826 2974; x_wconf 87' lang='lat' dir='ltr'><strong>relationem.</strong></span> <span class='ocrx_word' id='word_1_122' title='bbox 842 2909 900 2976; x_wconf 87' lang='lat' dir='ltr'><strong>Se·</strong></span> 
     </span>
     <span class='ocr_line' id='line_1_22' title="bbox 49 3014 900 3097; baseline 0.007 -20"><span class='ocrx_word' id='word_1_123' title='bbox 49 3057 74 3094; x_wconf 57' lang='lat'><strong>3.</strong></span> <span class='ocrx_word' id='word_1_124' title='bbox 125 3014 247 3093; x_wconf 84' lang='lat' dir='ltr'><strong>eundo,</strong></span> <span class='ocrx_word' id='word_1_125' title='bbox 263 3014 425 3097; x_wconf 86' lang='lat' dir='ltr'><strong>supposito</strong></span> <span class='ocrx_word' id='word_1_126' title='bbox 432 3015 517 3097; x_wconf 84' lang='lat' dir='ltr'><strong>quod</strong></span> <span class='ocrx_word' id='word_1_127' title='bbox 526 3016 703 3079; x_wconf 84' lang='lat' dir='ltr'><strong>secundnm</strong></span> <span class='ocrx_word' id='word_1_128' title='bbox 712 3017 900 3083; x_wconf 88' lang='lat' dir='ltr'><strong>relationem</strong></span> 
     </span>
    </p>

    <p class='ocr_par' dir='ltr' id='par_1_9' title="bbox 38 3123 901 3748">
     <span class='ocr_line' id='line_1_23' title="bbox 124 3123 901 3206; baseline 0.002 -17.833"><span class='ocrx_word' id='word_1_129' title='bbox 124 3123 264 3201; x_wconf 85' lang='lat' dir='ltr'><strong>dicatur,</strong></span> <span class='ocrx_word' id='word_1_130' title='bbox 277 3123 433 3206; x_wconf 85' lang='lat' dir='ltr'><strong>qnaeritur</strong></span> <span class='ocrx_word' id='word_1_131' title='bbox 444 3125 557 3188; x_wconf 90' lang='lat' dir='ltr'><strong>utrum</strong></span> <span class='ocrx_word' id='word_1_132' title='bbox 570 3123 653 3189; x_wconf 88' lang='lat' dir='ltr'><strong>dieat</strong></span> <span class='ocrx_word' id='word_1_133' title='bbox 662 3125 807 3190; x_wconf 89' lang='lat' dir='ltr'><strong>eamdem</strong></span> <span class='ocrx_word' id='word_1_134' title='bbox 819 3126 901 3190; x_wconf 89' lang='lat' dir='ltr'><strong>rela-</strong></span> 
     </span>
     <span class='ocr_line' id='line_1_24' title="bbox 43 3231 899 3321; baseline 0.012 -32"><span class='ocrx_word' id='word_1_135' title='bbox 43 3282 60 3321; x_wconf 26' lang='grc' dir='ltr'><strong>,ζ</strong></span> <span class='ocrx_word' id='word_1_136' title='bbox 124 3232 271 3310; x_wconf 90' lang='lat' dir='ltr'><strong>tionem,</strong></span> <span class='ocrx_word' id='word_1_137' title='bbox 291 3250 389 3314; x_wconf 84' lang='lat' dir='ltr'><strong>quam</strong></span> <span class='ocrx_word' id='word_1_138' title='bbox 410 3231 472 3295; x_wconf 90' lang='lat' dir='ltr'><strong>hoe</strong></span> <span class='ocrx_word' id='word_1_139' title='bbox 499 3249 629 3311; x_wconf 90' lang='lat' dir='ltr'><strong>nomen,</strong></span> <span class='ocrx_word' id='word_1_140' title='bbox 658 3234 764 3299; x_wconf 82' lang='lat' dir='ltr'><strong>Peter.</strong></span> <span class='ocrx_word' id='word_1_141' title='bbox 792 3234 899 3299; x_wconf 90' lang='lat' dir='ltr'><strong>Tertio</strong></span> 
     </span>
     <span class='ocr_line' id='line_1_25' title="bbox 39 3319 898 3431; baseline 0.005 -30"><span class='ocrx_word' id='word_1_142' title='bbox 39 3319 71 3431; x_wconf 36' lang='lat'><strong>,³</strong></span> <span class='ocrx_word' id='word_1_143' title='bbox 124 3339 288 3421; x_wconf 72' lang='lat' dir='ltr'><strong>quaeritur</strong></span> <span class='ocrx_word' id='word_1_144' title='bbox 296 3342 407 3403; x_wconf 89' lang='lat' dir='ltr'><strong>utrum</strong></span> <span class='ocrx_word' id='word_1_145' title='bbox 416 3338 645 3404; x_wconf 81' lang='lat' dir='ltr'><strong>innascibilitas</strong></span> <span class='ocrx_word' id='word_1_146' title='bbox 657 3341 699 3405; x_wconf 91' lang='lat' dir='ltr'><strong>sit</strong></span> <span class='ocrx_word' id='word_1_147' title='bbox 710 3345 898 3425; x_wconf 88' lang='lat' dir='ltr'><strong>proprietas,</strong></span> 
     </span>
     <span class='ocr_line' id='line_1_26' title="bbox 125 3445 899 3529; baseline 0.006 -19"><span class='ocrx_word' id='word_1_148' title='bbox 125 3447 199 3510; x_wconf 87' lang='lat' dir='ltr'><strong>sive</strong></span> <span class='ocrx_word' id='word_1_149' title='bbox 207 3445 315 3510; x_wconf 90' lang='lat' dir='ltr'><strong>relatio</strong></span> <span class='ocrx_word' id='word_1_150' title='bbox 325 3446 649 3529; x_wconf 78' lang='lat' dir='ltr'><strong>personalispersonae</strong></span> <span class='ocrx_word' id='word_1_151' title='bbox 661 3448 899 3527; x_wconf 79' lang='lat' dir='ltr'><strong>PatriaQuarto</strong></span> 
     </span>
     <span class='ocr_line' id='line_1_27' title="bbox 38 3553 899 3639; baseline 0.006 -21"><span class='ocrx_word' id='word_1_152' title='bbox 38 3592 46 3632; x_wconf 78' lang='lat'><strong>.·</strong></span> <span class='ocrx_word' id='word_1_153' title='bbox 125 3559 160 3618; x_wconf 91' lang='lat' dir='ltr'><strong>et</strong></span> <span class='ocrx_word' id='word_1_154' title='bbox 173 3553 290 3617; x_wconf 88' lang='lat' dir='ltr'><strong>ultimo</strong></span> <span class='ocrx_word' id='word_1_155' title='bbox 307 3554 463 3636; x_wconf 78' lang='lat' dir='ltr'><strong>quaeritur</strong></span> <span class='ocrx_word' id='word_1_156' title='bbox 475 3559 588 3619; x_wconf 91' lang='lat' dir='ltr'><strong>utrum</strong></span> <span class='ocrx_word' id='word_1_157' title='bbox 610 3556 899 3639; x_wconf 86' lang='lat' dir='ltr'><strong>improoessihilitas</strong></span> 
     </span>
     <span class='ocr_line' id='line_1_28' title="bbox 38 3661 716 3748; baseline 0.006 -24"><span class='ocrx_word' id='word_1_158' title='bbox 38 3729 41 3734; x_wconf 24' lang='lat'><strong>⁴</strong></span> <span class='ocrx_word' id='word_1_159' title='bbox 124 3662 216 3739; x_wconf 77' lang='lat' dir='ltr'><strong>dieat</strong></span> <span class='ocrx_word' id='word_1_160' title='bbox 228 3661 369 3744; x_wconf 84' lang='lat' dir='ltr'><strong>aliquam</strong></span> <span class='ocrx_word' id='word_1_161' title='bbox 384 3662 548 3748; x_wconf 89' lang='lat' dir='ltr'><strong>notionem</strong></span> <span class='ocrx_word' id='word_1_162' title='bbox 563 3663 597 3725; x_wconf 89' lang='lat' dir='ltr'><strong>in</strong></span> <span class='ocrx_word' id='word_1_163' title='bbox 612 3662 716 3728; x_wconf 89' lang='lat' dir='ltr'><strong>Patre.</strong></span> 
     </span>
    </p>
   </div>
   <div class='ocr_carea' id='block_1_9' title="bbox 401 3902 629 3982">
    <p class='ocr_par' dir='ltr' id='par_1_10' title="bbox 401 3902 629 3982">
     <span class='ocr_line' id='line_1_29' title="bbox 401 3902 629 3982; baseline 0.013 -13"><span class='ocrx_word' id='word_1_164' title='bbox 401 3902 582 3982; x_wconf 81' lang='lat' dir='ltr'><strong>QUAEsTto</strong></span> <span class='ocrx_word' id='word_1_165' title='bbox 603 3905 629 3972; x_wconf 89' lang='lat'><strong>1.</strong></span> 
     </span>
    </p>
   </div>
   <div class='ocr_carea' id='block_1_10' title="bbox 39 4057 897 4131">
    <p class='ocr_par' dir='ltr' id='par_1_11' title="bbox 39 4057 897 4131">
     <span class='ocr_line' id='line_1_30' title="bbox 39 4057 897 4131; baseline 0.007 -15"><span class='ocrx_word' id='word_1_166' title='bbox 39 4057 41 4064; x_wconf 78' lang='lat'>&#39;</span> <span class='ocrx_word' id='word_1_167' title='bbox 123 4061 175 4117; x_wconf 83' lang='lat' dir='ltr'><strong>An</strong></span> <span class='ocrx_word' id='word_1_168' title='bbox 189 4061 340 4131; x_wconf 74' lang='lat' dir='ltr'><strong>inperitia,</strong></span> <span class='ocrx_word' id='word_1_169' title='bbox 360 4063 417 4117; x_wconf 73' lang='lat' dir='ltr'><strong>atae</strong></span> <span class='ocrx_word' id='word_1_170' title='bbox 440 4062 628 4131; x_wconf 80' lang='lat' dir='ltr'><strong>innascibilis,</strong></span> <span class='ocrx_word' id='word_1_171' title='bbox 656 4064 800 4120; x_wconf 75' lang='lat' dir='ltr'><strong>:euraclum</strong></span> <span class='ocrx_word' id='word_1_172' title='bbox 821 4067 897 4123; x_wconf 79' lang='lat' dir='ltr'><strong>sots-</strong></span> 
     </span>
    </p>
   </div>
   <div class='ocr_carea' id='block_1_11' title="bbox 262 4151 761 4208">
    <p class='ocr_par' dir='ltr' id='par_1_12' title="bbox 262 4151 761 4208">
     <span class='ocr_line' id='line_1_31' title="bbox 262 4151 761 4208; baseline 0.002 -3"><span class='ocrx_word' id='word_1_173' title='bbox 262 4153 380 4206; x_wconf 79' lang='lat' dir='ltr'><strong>tantiam</strong></span> <span class='ocrx_word' id='word_1_174' title='bbox 393 4152 436 4208; x_wconf 82' lang='lat' dir='ltr'><strong>oet</strong></span> <span class='ocrx_word' id='word_1_175' title='bbox 449 4152 608 4207; x_wconf 82' lang='lat' dir='ltr'><strong>relationem</strong></span> <span class='ocrx_word' id='word_1_176' title='bbox 623 4151 731 4208; x_wconf 79' lang='lat' dir='ltr'><strong>dicatur</strong></span> <span class='ocrx_word' id='word_1_177' title='bbox 742 4154 761 4206; x_wconf 89' lang='lat'><strong>¹.</strong></span> 
     </span>
    </p>
   </div>
   <div class='ocr_carea' id='block_1_12' title="bbox 39 4310 897 5361">
    <p class='ocr_par' dir='ltr' id='par_1_13' title="bbox 39 4310 897 4927">
     <span class='ocr_line' id='line_1_32' title="bbox 39 4310 897 4396; baseline 0.003 -22"><span class='ocrx_word' id='word_1_178' title='bbox 39 4391 40 4396; x_wconf 8' lang='grc' dir='ltr'>ἵ</span> <span class='ocrx_word' id='word_1_179' title='bbox 90 4366 97 4374; x_wconf 87' lang='grc'><strong>.</strong></span> <span class='ocrx_word' id='word_1_180' title='bbox 168 4310 260 4387; x_wconf 82' lang='lat' dir='ltr'><strong>Quod</strong></span> <span class='ocrx_word' id='word_1_181' title='bbox 272 4310 482 4389; x_wconf 84' lang='lat' dir='ltr'><strong>hoonomen,</strong></span> <span class='ocrx_word' id='word_1_182' title='bbox 502 4311 686 4393; x_wconf 74' lang='lat' dir='ltr'><strong>tripertitus,</strong></span> <span class='ocrx_word' id='word_1_183' title='bbox 702 4312 825 4376; x_wconf 73' lang='lat' dir='ltr'><strong>dicatur</strong></span> <span class='ocrx_word' id='word_1_184' title='bbox 843 4333 897 4377; x_wconf 89' lang='lat' dir='ltr'><strong>se·</strong></span> 
     </span>
     <span class='ocr_line' id='line_1_33' title="bbox 122 4417 897 4502; baseline 0.003 -20"><span class='ocrx_word' id='word_1_185' title='bbox 122 4417 270 4482; x_wconf 86' lang='lat' dir='ltr'><strong>eundum</strong></span> <span class='ocrx_word' id='word_1_186' title='bbox 284 4418 490 4497; x_wconf 73' lang='lat' dir='ltr'><strong>relationem,</strong></span> <span class='ocrx_word' id='word_1_187' title='bbox 505 4420 681 4482; x_wconf 81' lang='lat' dir='ltr'><strong>ostenditur</strong></span> <span class='ocrx_word' id='word_1_188' title='bbox 694 4437 752 4502; x_wconf 91' lang='lat' dir='ltr'><strong>per</strong></span> <span class='ocrx_word' id='word_1_189' title='bbox 764 4419 897 4501; x_wconf 82' lang='lat' dir='ltr'><strong>Augus·</strong></span> 
     </span>
     <span class='ocr_line' id='line_1_34' title="bbox 121 4525 896 4609; baseline 0.009 -21"><span class='ocrx_word' id='word_1_190' title='bbox 121 4527 234 4606; x_wconf 88' lang='lat' dir='ltr'><strong>tinum</strong></span> <span class='ocrx_word' id='word_1_191' title='bbox 247 4528 269 4605; x_wconf 88' lang='lat'><strong>¹,</strong></span> <span class='ocrx_word' id='word_1_192' title='bbox 284 4526 341 4609; x_wconf 80' lang='lat' dir='ltr'><strong>uui</strong></span> <span class='ocrx_word' id='word_1_193' title='bbox 355 4525 432 4589; x_wconf 89' lang='lat' dir='ltr'><strong>dioit</strong></span> <span class='ocrx_word' id='word_1_194' title='bbox 445 4526 480 4588; x_wconf 92' lang='lat' dir='ltr'><strong>in</strong></span> <span class='ocrx_word' id='word_1_195' title='bbox 496 4525 577 4588; x_wconf 89' lang='lat' dir='ltr'><strong>libro</strong></span> <span class='ocrx_word' id='word_1_196' title='bbox 590 4526 704 4607; x_wconf 86' lang='lat' dir='ltr'><strong>quinto</strong></span> <span class='ocrx_word' id='word_1_197' title='bbox 725 4526 765 4592; x_wconf 83' lang='lat' dir='ltr'><strong>de</strong></span> <span class='ocrx_word' id='word_1_198' title='bbox 787 4529 896 4596; x_wconf 71' lang='lat' dir='ltr'><strong>Trt&#39;rtt‘·</strong></span> 
     </span>
     <span class='ocr_line' id='line_1_35' title="bbox 123 4632 897 4711; baseline 0 -11"><span class='ocrx_word' id='word_1_199' title='bbox 123 4639 206 4711; x_wconf 83' lang='lat' dir='ltr'><strong>tote,</strong></span> <span class='ocrx_word' id='word_1_200' title='bbox 222 4637 254 4696; x_wconf 91' lang='lat' dir='ltr'><strong>et</strong></span> <span class='ocrx_word' id='word_1_201' title='bbox 267 4633 403 4697; x_wconf 88' lang='lat' dir='ltr'><strong>habetur</strong></span> <span class='ocrx_word' id='word_1_202' title='bbox 420 4633 455 4695; x_wconf 93' lang='lat' dir='ltr'><strong>in</strong></span> <span class='ocrx_word' id='word_1_203' title='bbox 469 4633 573 4695; x_wconf 90' lang='lat' dir='ltr'><strong>littera</strong></span> <span class='ocrx_word' id='word_1_204' title='bbox 590 4656 597 4697; x_wconf 92' lang='lat'><strong>:</strong></span> <span class='ocrx_word' id='word_1_205' title='bbox 617 4632 719 4697; x_wconf 72' lang='lat' dir='ltr'><strong>«Non</strong></span> <span class='ocrx_word' id='word_1_206' title='bbox 737 4636 897 4700; x_wconf 83' lang='lat' dir='ltr'><strong>receditur</strong></span> 
     </span>
     <span class='ocr_line' id='line_1_36' title="bbox 121 4740 896 4822; baseline 0.004 -18"><span class='ocrx_word' id='word_1_207' title='bbox 121 4760 145 4804; x_wconf 93' lang='lat' dir='ltr'><strong>a</strong></span> <span class='ocrx_word' id='word_1_208' title='bbox 159 4740 293 4804; x_wconf 90' lang='lat' dir='ltr'><strong>relativo</strong></span> <span class='ocrx_word' id='word_1_209' title='bbox 305 4740 566 4822; x_wconf 73' lang='lat' dir='ltr'><strong>predicamento,</strong></span> <span class='ocrx_word' id='word_1_210' title='bbox 582 4757 657 4804; x_wconf 87' lang='lat' dir='ltr'><strong>eum</strong></span> <span class='ocrx_word' id='word_1_211' title='bbox 670 4741 836 4822; x_wconf 88' lang='lat' dir='ltr'><strong>ingenitus</strong></span> <span class='ocrx_word' id='word_1_212' title='bbox 846 4745 896 4809; x_wconf 92' lang='lat' dir='ltr'><strong>di-</strong></span> 
     </span>
     <span class='ocr_line' id='line_1_37' title="bbox 123 4846 893 4927; baseline 0.005 -16"><span class='ocrx_word' id='word_1_213' title='bbox 123 4848 211 4911; x_wconf 85' lang='lat' dir='ltr'><strong>citnr</strong></span> <span class='ocrx_word' id='word_1_214' title='bbox 227 4868 262 4909; x_wconf 78' lang='lat' dir='ltr'><strong>:r</strong></span> <span class='ocrx_word' id='word_1_215' title='bbox 280 4864 359 4927; x_wconf 87' lang='lat' dir='ltr'><strong>ergo</strong></span> <span class='ocrx_word' id='word_1_216' title='bbox 377 4846 492 4910; x_wconf 83' lang='lat' dir='ltr'><strong>dieitur</strong></span> <span class='ocrx_word' id='word_1_217' title='bbox 504 4847 681 4912; x_wconf 90' lang='lat' dir='ltr'><strong>secundum</strong></span> <span class='ocrx_word' id='word_1_218' title='bbox 695 4850 893 4915; x_wconf 89' lang='lat' dir='ltr'><strong>relationem.</strong></span> 
     </span>
    </p>

    <p class='ocr_par' dir='ltr' id='par_1_14' title="bbox 119 4953 895 5361">
     <span class='ocr_line' id='line_1_38' title="bbox 167 4953 895 5039; baseline 0.011 -22"><span class='ocrx_word' id='word_1_219' title='bbox 167 4953 247 5018; x_wconf 92' lang='lat' dir='ltr'><strong>ltem</strong></span> <span class='ocrx_word' id='word_1_220' title='bbox 260 4955 295 5018; x_wconf 94' lang='lat' dir='ltr'><strong>in</strong></span> <span class='ocrx_word' id='word_1_221' title='bbox 307 4953 418 5019; x_wconf 86' lang='lat' dir='ltr'><strong>eodem</strong></span> <span class='ocrx_word' id='word_1_222' title='bbox 431 4955 523 5031; x_wconf 89' lang='lat' dir='ltr'><strong>libro,</strong></span> <span class='ocrx_word' id='word_1_223' title='bbox 538 4956 619 5019; x_wconf 88' lang='lat' dir='ltr'><strong>sieut</strong></span> <span class='ocrx_word' id='word_1_224' title='bbox 633 4957 749 5021; x_wconf 84' lang='lat' dir='ltr'><strong>dicitnr</strong></span> <span class='ocrx_word' id='word_1_225' title='bbox 763 4959 895 5039; x_wconf 91' lang='lat' dir='ltr'><strong>genitus</strong></span> 
     </span>
     <span class='ocr_line' id='line_1_39' title="bbox 121 5061 894 5146; baseline 0.008 -21"><span class='ocrx_word' id='word_1_226' title='bbox 121 5061 165 5125; x_wconf 90' lang='lat' dir='ltr'><strong>ad</strong></span> <span class='ocrx_word' id='word_1_227' title='bbox 180 5061 377 5141; x_wconf 79' lang='lat' dir='ltr'><strong>genitorem,</strong></span> <span class='ocrx_word' id='word_1_228' title='bbox 396 5062 441 5124; x_wconf 90' lang='lat' dir='ltr'><strong>ita</strong></span> <span class='ocrx_word' id='word_1_229' title='bbox 452 5061 616 5142; x_wconf 83' lang='lat' dir='ltr'><strong>ingenitus</strong></span> <span class='ocrx_word' id='word_1_230' title='bbox 629 5063 670 5127; x_wconf 89' lang='lat' dir='ltr'><strong>ad</strong></span> <span class='ocrx_word' id='word_1_231' title='bbox 684 5082 750 5127; x_wconf 90' lang='lat' dir='ltr'><strong>non</strong></span> <span class='ocrx_word' id='word_1_232' title='bbox 767 5065 894 5146; x_wconf 86' lang='lat' dir='ltr'><strong>genito-</strong></span> 
     </span>
     <span class='ocr_line' id='line_1_40' title="bbox 121 5158 895 5251; baseline 0.008 -19"><span class='ocrx_word' id='word_1_233' title='bbox 121 5187 213 5234; x_wconf 88' lang='lat' dir='ltr'><strong>rem:</strong></span> <span class='ocrx_word' id='word_1_234' title='bbox 226 5169 280 5233; x_wconf 88' lang='lat' dir='ltr'><strong>sed</strong></span> <span class='ocrx_word' id='word_1_235' title='bbox 291 5169 376 5251; x_wconf 89' lang='lat' dir='ltr'><strong>quod</strong></span> <span class='ocrx_word' id='word_1_236' title='bbox 390 5168 506 5232; x_wconf 83' lang='lat' dir='ltr'><strong>dieitur</strong></span> <span class='ocrx_word' id='word_1_237' title='bbox 517 5168 557 5232; x_wconf 87' lang='lat' dir='ltr'><strong>ad</strong></span> <span class='ocrx_word' id='word_1_238' title='bbox 571 5168 668 5247; x_wconf 88' lang='lat' dir='ltr'><strong>aliud,</strong></span> <span class='ocrx_word' id='word_1_239' title='bbox 682 5170 798 5235; x_wconf 87' lang='lat' dir='ltr'><strong>dicitur</strong></span> <span class='ocrx_word' id='word_1_240' title='bbox 814 5158 895 5238; x_wconf 61' lang='lat' dir='ltr'><strong>relass</strong></span> 
     </span>
     <span class='ocr_line' id='line_1_41' title="bbox 119 5276 893 5361; baseline 0.006 -21"><span class='ocrx_word' id='word_1_241' title='bbox 119 5276 208 5354; x_wconf 84' lang='lat' dir='ltr'><strong>tive,</strong></span> <span class='ocrx_word' id='word_1_242' title='bbox 222 5278 290 5343; x_wconf 86' lang='lat' dir='ltr'><strong>aive</strong></span> <span class='ocrx_word' id='word_1_243' title='bbox 309 5276 486 5341; x_wconf 86' lang='lat' dir='ltr'><strong>seeundum</strong></span> <span class='ocrx_word' id='word_1_244' title='bbox 499 5276 700 5342; x_wconf 86' lang='lat' dir='ltr'><strong>relationem:</strong></span> <span class='ocrx_word' id='word_1_245' title='bbox 717 5297 817 5361; x_wconf 86' lang='lat' dir='ltr'><strong>ergo,</strong></span> <span class='ocrx_word' id='word_1_246' title='bbox 833 5287 893 5347; x_wconf 84' lang='lat' dir='ltr'><strong>etc.</strong></span> 
     </span>
    </p>
   </div>
   <div class='ocr_carea' id='block_1_13' title="bbox 122 5438 894 5576">
    <p class='ocr_par' dir='ltr' id='par_1_15' title="bbox 122 5438 894 5576">
     <span class='ocr_line' id='line_1_42' title="bbox 158 5438 894 5508; baseline 0.008 -18"><span class='ocrx_word' id='word_1_247' title='bbox 158 5438 167 5473; x_wconf 90' lang='lat'>¹</span> <span class='ocrx_word' id='word_1_248' title='bbox 179 5439 221 5503; x_wconf 77' lang='lat' dir='ltr'><strong>Of.</strong></span> <span class='ocrx_word' id='word_1_249' title='bbox 236 5439 309 5490; x_wconf 78' lang='lat' dir='ltr'><strong>Alex.</strong></span> <span class='ocrx_word' id='word_1_250' title='bbox 322 5438 432 5496; x_wconf 73' lang='lat' dir='ltr'><strong>utensis,</strong></span> <span class='ocrx_word' id='word_1_251' title='bbox 447 5451 474 5501; x_wconf 80' lang='lat' dir='ltr'><strong>p.</strong></span> <span class='ocrx_word' id='word_1_252' title='bbox 486 5438 496 5486; x_wconf 88' lang='lat' dir='ltr'><strong>t</strong></span> <span class='ocrx_word' id='word_1_253' title='bbox 504 5473 513 5500; x_wconf 92' lang='lat'><strong>,</strong></span> <span class='ocrx_word' id='word_1_254' title='bbox 526 5450 552 5501; x_wconf 88' lang='lat' dir='ltr'><strong>q.</strong></span> <span class='ocrx_word' id='word_1_255' title='bbox 565 5449 641 5503; x_wconf 76' lang='lat' dir='ltr'><strong>trix,</strong></span> <span class='ocrx_word' id='word_1_256' title='bbox 652 5439 749 5492; x_wconf 85' lang='lat' dir='ltr'><strong>memb.</strong></span> <span class='ocrx_word' id='word_1_257' title='bbox 761 5447 771 5492; x_wconf 92' lang='lat' dir='ltr'><strong>t</strong></span> <span class='ocrx_word' id='word_1_258' title='bbox 779 5459 788 5506; x_wconf 87' lang='lat'>;</span> <span class='ocrx_word' id='word_1_259' title='bbox 813 5444 894 5508; x_wconf 83' lang='lat' dir='ltr'><strong>Seot,</strong></span> 
     </span>
     <span class='ocr_line' id='line_1_43' title="bbox 122 5509 894 5576; baseline 0.006 -14"><span class='ocrx_word' id='word_1_260' title='bbox 122 5511 132 5561; x_wconf 93' lang='lat' dir='ltr'><strong>t</strong></span> <span class='ocrx_word' id='word_1_261' title='bbox 148 5512 403 5575; x_wconf 85' lang='lat' dir='ltr'><strong>Sent.,dist.xxv111,</strong></span> <span class='ocrx_word' id='word_1_262' title='bbox 417 5523 443 5576; x_wconf 80' lang='lat' dir='ltr'><strong>q.</strong></span> <span class='ocrx_word' id='word_1_263' title='bbox 454 5520 500 5573; x_wconf 86' lang='lat' dir='ltr'><strong>m;</strong></span> <span class='ocrx_word' id='word_1_264' title='bbox 516 5509 600 5574; x_wconf 81' lang='lat' dir='ltr'><strong>AEgid.</strong></span> <span class='ocrx_word' id='word_1_265' title='bbox 612 5511 699 5575; x_wconf 72' lang='lat' dir='ltr'><strong>Rom,</strong></span> <span class='ocrx_word' id='word_1_266' title='bbox 714 5513 723 5563; x_wconf 95' lang='lat' dir='ltr'><strong>t</strong></span> <span class='ocrx_word' id='word_1_267' title='bbox 738 5512 818 5576; x_wconf 77' lang='lat' dir='ltr'><strong>sent,</strong></span> <span class='ocrx_word' id='word_1_268' title='bbox 833 5516 894 5567; x_wconf 79' lang='lat' dir='ltr'><strong>diet.</strong></span> 
     </span>
    </p>
   </div>
   <div class='ocr_carea' id='block_1_14' title="bbox 957 519 1730 955">
    <p class='ocr_par' dir='ltr' id='par_1_16' title="bbox 1667 519 1727 581">
     <span class='ocr_line' id='line_1_44' title="bbox 1667 519 1727 581; baseline 0.017 -1"><span class='ocrx_word' id='word_1_269' title='bbox 1667 519 1727 581; x_wconf 75' lang='lat' dir='ltr'><strong>tar</strong></span> 
     </span>
    </p>

    <p class='ocr_par' dir='ltr' id='par_1_17' title="bbox 957 646 1730 955">
     <span class='ocr_line' id='line_1_45' title="bbox 997 646 1728 736; baseline 0.008 -25"><span class='ocrx_word' id='word_1_270' title='bbox 997 646 1260 732; x_wconf 86' lang='lat' dir='ltr'><strong>ltemhoeipsum</strong></span> <span class='ocrx_word' id='word_1_271' title='bbox 1269 650 1728 736; x_wconf 70' lang='lat' dir='ltr'><strong>vidatmmtionequiaomne</strong></span> 
     </span>
     <span class='ocr_line' id='line_1_46' title="bbox 957 759 1729 848; baseline 0.008 -25"><span class='ocrx_word' id='word_1_272' title='bbox 957 759 1038 825; x_wconf 87' lang='lat' dir='ltr'><strong>illud</strong></span> <span class='ocrx_word' id='word_1_273' title='bbox 1050 761 1085 823; x_wconf 91' lang='lat' dir='ltr'><strong>in</strong></span> <span class='ocrx_word' id='word_1_274' title='bbox 1097 780 1162 845; x_wconf 90' lang='lat' dir='ltr'><strong>quo</strong></span> <span class='ocrx_word' id='word_1_275' title='bbox 1176 762 1281 828; x_wconf 81' lang='lat' dir='ltr'><strong>differt</strong></span> <span class='ocrx_word' id='word_1_276' title='bbox 1299 782 1467 847; x_wconf 86' lang='lat' dir='ltr'><strong>personna</strong></span> <span class='ocrx_word' id='word_1_277' title='bbox 1482 782 1634 848; x_wconf 87' lang='lat' dir='ltr'><strong>persona,</strong></span> <span class='ocrx_word' id='word_1_278' title='bbox 1649 763 1729 829; x_wconf 86' lang='lat' dir='ltr'><strong>dioi-</strong></span> 
     </span>
     <span class='ocr_line' id='line_1_47' title="bbox 957 870 1730 955; baseline 0.01 -24"><span class='ocrx_word' id='word_1_279' title='bbox 957 872 1010 932; x_wconf 91' lang='lat' dir='ltr'><strong>tur</strong></span> <span class='ocrx_word' id='word_1_280' title='bbox 1024 870 1203 934; x_wconf 87' lang='lat' dir='ltr'><strong>seeundum</strong></span> <span class='ocrx_word' id='word_1_281' title='bbox 1215 872 1413 949; x_wconf 89' lang='lat' dir='ltr'><strong>relationem,</strong></span> <span class='ocrx_word' id='word_1_282' title='bbox 1425 873 1487 937; x_wconf 84' lang='lat' dir='ltr'><strong>hoe</strong></span> <span class='ocrx_word' id='word_1_283' title='bbox 1499 876 1600 955; x_wconf 91' lang='lat' dir='ltr'><strong>patet:</strong></span> <span class='ocrx_word' id='word_1_284' title='bbox 1616 873 1670 938; x_wconf 85' lang='lat' dir='ltr'><strong>sed</strong></span> <span class='ocrx_word' id='word_1_285' title='bbox 1684 891 1730 938; x_wconf 89' lang='lat' dir='ltr'><strong>se-</strong></span> 
     </span>
    </p>
   </div>
   <div class='ocr_carea' id='block_1_15' title="bbox 957 976 1835 1061">
    <p class='ocr_par' dir='ltr' id='par_1_18' title="bbox 957 976 1835 1061">
     <span class='ocr_line' id='line_1_48' title="bbox 957 976 1835 1061; baseline 0.007 -21"><span class='ocrx_word' id='word_1_286' title='bbox 957 976 1102 1046; x_wconf 88' lang='lat' dir='ltr'><strong>eundum</strong></span> <span class='ocrx_word' id='word_1_287' title='bbox 1110 978 1172 1042; x_wconf 87' lang='lat' dir='ltr'><strong>hoe</strong></span> <span class='ocrx_word' id='word_1_288' title='bbox 1183 979 1268 1061; x_wconf 88' lang='lat' dir='ltr'><strong>quod</strong></span> <span class='ocrx_word' id='word_1_289' title='bbox 1276 978 1507 1061; x_wconf 86' lang='lat' dir='ltr'><strong>estingenitus,</strong></span> <span class='ocrx_word' id='word_1_290' title='bbox 1519 979 1625 1044; x_wconf 85' lang='lat' dir='ltr'><strong>differt</strong></span> <span class='ocrx_word' id='word_1_291' title='bbox 1636 978 1729 1045; x_wconf 85' lang='lat' dir='ltr'><strong>Pater</strong></span> <span class='ocrx_word' id='word_1_292' title='bbox 1832 981 1835 987; x_wconf 73' lang='grc'><strong><em>’</em></strong></span> 
     </span>
    </p>
   </div>
   <div class='ocr_carea' id='block_1_16' title="bbox 954 1083 1729 1596">
    <p class='ocr_par' dir='ltr' id='par_1_19' title="bbox 956 1083 1282 1167">
     <span class='ocr_line' id='line_1_49' title="bbox 956 1083 1282 1167; baseline 0.012 -21"><span class='ocrx_word' id='word_1_293' title='bbox 956 1102 976 1147; x_wconf 92' lang='lat' dir='ltr'><strong>a</strong></span> <span class='ocrx_word' id='word_1_294' title='bbox 990 1083 1071 1150; x_wconf 85' lang='lat' dir='ltr'><strong>Filio</strong></span> <span class='ocrx_word' id='word_1_295' title='bbox 1087 1106 1095 1149; x_wconf 91' lang='lat'><strong>:</strong></span> <span class='ocrx_word' id='word_1_296' title='bbox 1109 1103 1209 1167; x_wconf 89' lang='lat' dir='ltr'><strong>ergo,</strong></span> <span class='ocrx_word' id='word_1_297' title='bbox 1223 1089 1282 1150; x_wconf 79' lang='lat' dir='ltr'><strong>ete.</strong></span> 
     </span>
    </p>

    <p class='ocr_par' dir='ltr' id='par_1_20' title="bbox 954 1189 1729 1596">
     <span class='ocr_line' id='line_1_50' title="bbox 997 1189 1729 1277; baseline 0.007 -23"><span class='ocrx_word' id='word_1_298' title='bbox 997 1189 1089 1272; x_wconf 85' lang='lat' dir='ltr'><strong>item,</strong></span> <span class='ocrx_word' id='word_1_299' title='bbox 1104 1192 1194 1257; x_wconf 90' lang='lat' dir='ltr'><strong>nulla</strong></span> <span class='ocrx_word' id='word_1_300' title='bbox 1206 1193 1336 1275; x_wconf 90' lang='lat' dir='ltr'><strong>negatio</strong></span> <span class='ocrx_word' id='word_1_301' title='bbox 1349 1193 1456 1277; x_wconf 90' lang='lat' dir='ltr'><strong>privat</strong></span> <span class='ocrx_word' id='word_1_302' title='bbox 1472 1193 1604 1258; x_wconf 87' lang='lat' dir='ltr'><strong>modum</strong></span> <span class='ocrx_word' id='word_1_303' title='bbox 1625 1194 1729 1276; x_wconf 91' lang='lat' dir='ltr'><strong>signi-</strong></span> 
     </span>
     <span class='ocr_line' id='line_1_51' title="bbox 955 1299 1727 1382; baseline 0.008 -21"><span class='ocrx_word' id='word_1_304' title='bbox 955 1299 1092 1377; x_wconf 79' lang='lat' dir='ltr'><strong>ficandi,</strong></span> <span class='ocrx_word' id='word_1_305' title='bbox 1108 1300 1177 1364; x_wconf 90' lang='lat' dir='ltr'><strong>sive</strong></span> <span class='ocrx_word' id='word_1_306' title='bbox 1191 1300 1333 1378; x_wconf 80' lang='lat' dir='ltr'><strong>dicendi:</strong></span> <span class='ocrx_word' id='word_1_307' title='bbox 1348 1300 1402 1365; x_wconf 90' lang='lat' dir='ltr'><strong>sad</strong></span> <span class='ocrx_word' id='word_1_308' title='bbox 1414 1301 1542 1382; x_wconf 84' lang='lat' dir='ltr'><strong>genitus</strong></span> <span class='ocrx_word' id='word_1_309' title='bbox 1550 1302 1727 1367; x_wconf 86' lang='lat' dir='ltr'><strong>seeundum</strong></span> 
     </span>
     <span class='ocr_line' id='line_1_52' title="bbox 954 1405 1725 1490; baseline 0.005 -21"><span class='ocrx_word' id='word_1_310' title='bbox 954 1405 1145 1471; x_wconf 89' lang='lat' dir='ltr'><strong>relationem</strong></span> <span class='ocrx_word' id='word_1_311' title='bbox 1159 1407 1275 1472; x_wconf 87' lang='lat' dir='ltr'><strong>dieitur</strong></span> <span class='ocrx_word' id='word_1_312' title='bbox 1291 1429 1299 1471; x_wconf 75' lang='grc' dir='ltr'><strong>ε</strong></span> <span class='ocrx_word' id='word_1_313' title='bbox 1315 1425 1409 1489; x_wconf 90' lang='lat' dir='ltr'><strong>ergo,</strong></span> <span class='ocrx_word' id='word_1_314' title='bbox 1424 1408 1531 1473; x_wconf 91' lang='lat' dir='ltr'><strong>addita</strong></span> <span class='ocrx_word' id='word_1_315' title='bbox 1543 1408 1725 1490; x_wconf 78' lang='lat' dir='ltr'><strong>negatione,</strong></span> 
     </span>
     <span class='ocr_line' id='line_1_53' title="bbox 955 1514 1410 1596; baseline 0.004 -19"><span class='ocrx_word' id='word_1_316' title='bbox 955 1514 1061 1578; x_wconf 85' lang='lat' dir='ltr'><strong>adhue</strong></span> <span class='ocrx_word' id='word_1_317' title='bbox 1075 1515 1195 1579; x_wconf 81' lang='lat' dir='ltr'><strong>dicetur</strong></span> <span class='ocrx_word' id='word_1_318' title='bbox 1213 1536 1221 1579; x_wconf 76' lang='grc' dir='ltr'>ε</span> <span class='ocrx_word' id='word_1_319' title='bbox 1237 1534 1336 1596; x_wconf 88' lang='lat' dir='ltr'><strong>ergo,</strong></span> <span class='ocrx_word' id='word_1_320' title='bbox 1351 1520 1410 1580; x_wconf 88' lang='lat' dir='ltr'><strong>eto.</strong></span> 
     </span>
    </p>
   </div>
   <div class='ocr_carea' id='block_1_17' title="bbox 995 1614 1846 1707">
    <p class='ocr_par' dir='ltr' id='par_1_21' title="bbox 995 1614 1846 1707">
     <span class='ocr_line' id='line_1_54' title="bbox 995 1614 1846 1707; baseline 0.002 -22"><span class='ocrx_word' id='word_1_321' title='bbox 995 1620 1131 1685; x_wconf 83' lang='lat' dir='ltr'><strong>Contra:</strong></span> <span class='ocrx_word' id='word_1_322' title='bbox 1146 1628 1176 1686; x_wconf 85' lang='lat' dir='ltr'><strong>t.</strong></span> <span class='ocrx_word' id='word_1_323' title='bbox 1186 1620 1297 1687; x_wconf 85' lang='lat' dir='ltr'><strong>Omnis</strong></span> <span class='ocrx_word' id='word_1_324' title='bbox 1307 1622 1417 1687; x_wconf 89' lang='lat' dir='ltr'><strong>relatio</strong></span> <span class='ocrx_word' id='word_1_325' title='bbox 1430 1624 1465 1686; x_wconf 90' lang='lat' dir='ltr'><strong>iu</strong></span> <span class='ocrx_word' id='word_1_326' title='bbox 1475 1622 1594 1688; x_wconf 88' lang='lat' dir='ltr'><strong>divinis</strong></span> <span class='ocrx_word' id='word_1_327' title='bbox 1606 1624 1727 1707; x_wconf 88' lang='lat' dir='ltr'><strong>aliquid</strong></span> <span class='ocrx_word' id='word_1_328' title='bbox 1751 1614 1785 1660; x_wconf 56' lang='lat' dir='ltr'><strong>Ad</strong></span> <span class='ocrx_word' id='word_1_329' title='bbox 1795 1627 1846 1671; x_wconf 75' lang='lat'><strong>⁰⁹⁹·</strong></span> 
     </span>
    </p>
   </div>
   <div class='ocr_carea' id='block_1_18' title="bbox 950 1728 1728 5256">
    <p class='ocr_par' dir='ltr' id='par_1_22' title="bbox 953 1728 1728 2870">
     <span class='ocr_line' id='line_1_55' title="bbox 954 1728 1728 1812; baseline 0.008 -22"><span class='ocrx_word' id='word_1_330' title='bbox 954 1728 1061 1811; x_wconf 90' lang='lat' dir='ltr'><strong>ponit,</strong></span> <span class='ocrx_word' id='word_1_331' title='bbox 1077 1728 1157 1792; x_wconf 87' lang='lat' dir='ltr'><strong>illud</strong></span> <span class='ocrx_word' id='word_1_332' title='bbox 1171 1733 1294 1793; x_wconf 86' lang='lat' dir='ltr'><strong>eertum</strong></span> <span class='ocrx_word' id='word_1_333' title='bbox 1307 1735 1354 1795; x_wconf 88' lang='lat' dir='ltr'><strong>est</strong></span> <span class='ocrx_word' id='word_1_334' title='bbox 1369 1750 1378 1793; x_wconf 90' lang='lat'><strong>:</strong></span> <span class='ocrx_word' id='word_1_335' title='bbox 1394 1731 1449 1794; x_wconf 89' lang='lat' dir='ltr'><strong>sed</strong></span> <span class='ocrx_word' id='word_1_336' title='bbox 1463 1731 1628 1812; x_wconf 76' lang='lat' dir='ltr'><strong>inpertitur</strong></span> <span class='ocrx_word' id='word_1_337' title='bbox 1646 1732 1728 1796; x_wconf 90' lang='lat' dir='ltr'><strong>nihil</strong></span> 
     </span>
     <span class='ocr_line' id='line_1_56' title="bbox 954 1835 1728 1917; baseline 0.004 -18"><span class='ocrx_word' id='word_1_338' title='bbox 954 1835 1045 1917; x_wconf 89' lang='lat' dir='ltr'><strong>ponit</strong></span> <span class='ocrx_word' id='word_1_339' title='bbox 1069 1856 1077 1899; x_wconf 90' lang='lat'><strong>:</strong></span> <span class='ocrx_word' id='word_1_340' title='bbox 1100 1853 1201 1916; x_wconf 89' lang='lat' dir='ltr'><strong>ergo,</strong></span> <span class='ocrx_word' id='word_1_341' title='bbox 1224 1841 1283 1901; x_wconf 85' lang='lat' dir='ltr'><strong>ete.</strong></span> <span class='ocrx_word' id='word_1_342' title='bbox 1308 1835 1456 1901; x_wconf 87' lang='lat' dir='ltr'><strong>Probatio</strong></span> <span class='ocrx_word' id='word_1_343' title='bbox 1471 1836 1595 1900; x_wconf 78' lang='lat' dir='ltr'><strong>mediae.</strong></span> <span class='ocrx_word' id='word_1_344' title='bbox 1611 1836 1645 1901; x_wconf 88' lang='lat' dir='ltr'><strong>Si</strong></span> <span class='ocrx_word' id='word_1_345' title='bbox 1667 1838 1728 1902; x_wconf 87' lang='lat' dir='ltr'><strong>hoo</strong></span> 
     </span>
     <span class='ocr_line' id='line_1_57' title="bbox 954 1944 1727 2027; baseline 0.003 -19"><span class='ocrx_word' id='word_1_346' title='bbox 954 1961 1075 2008; x_wconf 90' lang='lat' dir='ltr'><strong>nomen</strong></span> <span class='ocrx_word' id='word_1_347' title='bbox 1094 1944 1215 2026; x_wconf 85' lang='lat' dir='ltr'><strong>aliquid</strong></span> <span class='ocrx_word' id='word_1_348' title='bbox 1239 1946 1348 2027; x_wconf 90' lang='lat' dir='ltr'><strong>ponit,</strong></span> <span class='ocrx_word' id='word_1_349' title='bbox 1372 1949 1430 2008; x_wconf 90' lang='lat' dir='ltr'><strong>aut</strong></span> <span class='ocrx_word' id='word_1_350' title='bbox 1451 1963 1532 2026; x_wconf 90' lang='lat' dir='ltr'><strong>ergo</strong></span> <span class='ocrx_word' id='word_1_351' title='bbox 1552 1945 1727 2010; x_wconf 88' lang='lat' dir='ltr'><strong>seeundum</strong></span> 
     </span>
     <span class='ocr_line' id='line_1_58' title="bbox 954 2051 1728 2136; baseline 0.005 -21"><span class='ocrx_word' id='word_1_352' title='bbox 954 2051 1040 2133; x_wconf 86' lang='lat' dir='ltr'><strong>quod</strong></span> <span class='ocrx_word' id='word_1_353' title='bbox 1050 2053 1211 2134; x_wconf 88' lang='lat' dir='ltr'><strong>negative,</strong></span> <span class='ocrx_word' id='word_1_354' title='bbox 1226 2053 1468 2117; x_wconf 88' lang='lat' dir='ltr'><strong>autseenndnm</strong></span> <span class='ocrx_word' id='word_1_355' title='bbox 1475 2052 1561 2135; x_wconf 83' lang='lat' dir='ltr'><strong>quod</strong></span> <span class='ocrx_word' id='word_1_356' title='bbox 1571 2052 1728 2136; x_wconf 84' lang='lat' dir='ltr'><strong>privative</strong></span> 
     </span>
     <span class='ocr_line' id='line_1_59' title="bbox 956 2159 1728 2247; baseline 0.004 -24"><span class='ocrx_word' id='word_1_357' title='bbox 956 2163 1093 2225; x_wconf 85' lang='lat' dir='ltr'><strong>tenetur.</strong></span> <span class='ocrx_word' id='word_1_358' title='bbox 1108 2159 1181 2225; x_wconf 91' lang='lat' dir='ltr'><strong>Non</strong></span> <span class='ocrx_word' id='word_1_359' title='bbox 1193 2160 1370 2247; x_wconf 86' lang='lat' dir='ltr'><strong>seeundum</strong></span> <span class='ocrx_word' id='word_1_360' title='bbox 1385 2161 1470 2243; x_wconf 88' lang='lat' dir='ltr'><strong>quod</strong></span> <span class='ocrx_word' id='word_1_361' title='bbox 1483 2162 1648 2243; x_wconf 88' lang='lat' dir='ltr'><strong>negative,</strong></span> <span class='ocrx_word' id='word_1_362' title='bbox 1667 2162 1728 2227; x_wconf 87' lang='lat' dir='ltr'><strong>hoe</strong></span> 
     </span>
     <span class='ocr_line' id='line_1_60' title="bbox 954 2267 1728 2360; baseline 0.006 -30"><span class='ocrx_word' id='word_1_363' title='bbox 954 2271 1086 2331; x_wconf 85' lang='lat' dir='ltr'><strong>oonstat.</strong></span> <span class='ocrx_word' id='word_1_364' title='bbox 1112 2267 1146 2331; x_wconf 89' lang='lat' dir='ltr'><strong>Si</strong></span> <span class='ocrx_word' id='word_1_365' title='bbox 1162 2286 1241 2349; x_wconf 88' lang='lat' dir='ltr'><strong>ergo</strong></span> <span class='ocrx_word' id='word_1_366' title='bbox 1264 2268 1443 2332; x_wconf 83' lang='lat' dir='ltr'><strong>seeundum</strong></span> <span class='ocrx_word' id='word_1_367' title='bbox 1462 2268 1548 2350; x_wconf 85' lang='lat' dir='ltr'><strong>quod</strong></span> <span class='ocrx_word' id='word_1_368' title='bbox 1570 2269 1728 2360; x_wconf 80' lang='lat' dir='ltr'><strong>privative</strong></span> 
     </span>
     <span class='ocr_line' id='line_1_61' title="bbox 954 2375 1728 2459; baseline 0.004 -21"><span class='ocrx_word' id='word_1_369' title='bbox 954 2379 1103 2453; x_wconf 89' lang='lat' dir='ltr'><strong>tenetur,</strong></span> <span class='ocrx_word' id='word_1_370' title='bbox 1119 2376 1174 2439; x_wconf 91' lang='lat' dir='ltr'><strong>sed</strong></span> <span class='ocrx_word' id='word_1_371' title='bbox 1187 2376 1326 2458; x_wconf 91' lang='lat' dir='ltr'><strong>privatio</strong></span> <span class='ocrx_word' id='word_1_372' title='bbox 1339 2375 1422 2440; x_wconf 90' lang='lat' dir='ltr'><strong>tollit</strong></span> <span class='ocrx_word' id='word_1_373' title='bbox 1438 2379 1566 2456; x_wconf 86' lang='lat' dir='ltr'><strong>aetum,</strong></span> <span class='ocrx_word' id='word_1_374' title='bbox 1588 2380 1620 2441; x_wconf 89' lang='lat' dir='ltr'><strong>et</strong></span> <span class='ocrx_word' id='word_1_375' title='bbox 1637 2378 1728 2459; x_wconf 90' lang='lat' dir='ltr'><strong>ponit</strong></span> 
     </span>
     <span class='ocr_line' id='line_1_62' title="bbox 954 2481 1728 2567; baseline 0.009 -21"><span class='ocrx_word' id='word_1_376' title='bbox 954 2481 1183 2565; x_wconf 73' lang='lat' dir='ltr'><strong>aptitudinem,</strong></span> <span class='ocrx_word' id='word_1_377' title='bbox 1200 2501 1294 2564; x_wconf 91' lang='lat' dir='ltr'><strong>ergo,</strong></span> <span class='ocrx_word' id='word_1_378' title='bbox 1311 2482 1490 2547; x_wconf 87' lang='lat' dir='ltr'><strong>seeundum</strong></span> <span class='ocrx_word' id='word_1_379' title='bbox 1503 2482 1582 2562; x_wconf 88' lang='lat' dir='ltr'><strong>hoe,</strong></span> <span class='ocrx_word' id='word_1_380' title='bbox 1597 2485 1728 2567; x_wconf 75' lang='lat' dir='ltr'><strong>tepent·</strong></span> 
     </span>
     <span class='ocr_line' id='line_1_63' title="bbox 954 2590 1728 2674; baseline 0 -17"><span class='ocrx_word' id='word_1_381' title='bbox 954 2599 1008 2657; x_wconf 83' lang='lat' dir='ltr'><strong>tna</strong></span> <span class='ocrx_word' id='word_1_382' title='bbox 1021 2590 1108 2654; x_wconf 90' lang='lat' dir='ltr'><strong>idem</strong></span> <span class='ocrx_word' id='word_1_383' title='bbox 1123 2591 1184 2654; x_wconf 91' lang='lat' dir='ltr'><strong>erit</strong></span> <span class='ocrx_word' id='word_1_384' title='bbox 1194 2591 1280 2673; x_wconf 90' lang='lat' dir='ltr'><strong>quod</strong></span> <span class='ocrx_word' id='word_1_385' title='bbox 1293 2594 1388 2674; x_wconf 88' lang='lat' dir='ltr'><strong>aptus</strong></span> <span class='ocrx_word' id='word_1_386' title='bbox 1404 2590 1566 2671; x_wconf 86' lang='lat' dir='ltr'><strong>generari,</strong></span> <span class='ocrx_word' id='word_1_387' title='bbox 1580 2593 1636 2656; x_wconf 86' lang='lat' dir='ltr'><strong>sed</strong></span> <span class='ocrx_word' id='word_1_388' title='bbox 1648 2611 1728 2657; x_wconf 90' lang='lat' dir='ltr'><strong>non-</strong></span> 
     </span>
     <span class='ocr_line' id='line_1_64' title="bbox 953 2698 1724 2784; baseline 0.006 -22"><span class='ocrx_word' id='word_1_389' title='bbox 953 2698 1033 2763; x_wconf 89' lang='lat' dir='ltr'><strong>dum</strong></span> <span class='ocrx_word' id='word_1_390' title='bbox 1044 2699 1174 2781; x_wconf 89' lang='lat' dir='ltr'><strong>genitus</strong></span> <span class='ocrx_word' id='word_1_391' title='bbox 1187 2716 1197 2763; x_wconf 90' lang='lat'><strong>:</strong></span> <span class='ocrx_word' id='word_1_392' title='bbox 1210 2700 1265 2763; x_wconf 91' lang='lat' dir='ltr'><strong>sed</strong></span> <span class='ocrx_word' id='word_1_393' title='bbox 1278 2698 1338 2763; x_wconf 87' lang='lat' dir='ltr'><strong>hoe</strong></span> <span class='ocrx_word' id='word_1_394' title='bbox 1349 2698 1430 2763; x_wconf 91' lang='lat' dir='ltr'><strong>nulli</strong></span> <span class='ocrx_word' id='word_1_395' title='bbox 1441 2699 1591 2764; x_wconf 82' lang='lat' dir='ltr'><strong>convenit</strong></span> <span class='ocrx_word' id='word_1_396' title='bbox 1605 2720 1613 2764; x_wconf 95' lang='lat'><strong>:</strong></span> <span class='ocrx_word' id='word_1_397' title='bbox 1629 2719 1724 2784; x_wconf 90' lang='lat' dir='ltr'><strong>ergo,</strong></span> 
     </span>
     <span class='ocr_line' id='line_1_65' title="bbox 953 2811 1012 2870; baseline -0.051 1"><span class='ocrx_word' id='word_1_398' title='bbox 953 2811 1012 2870; x_wconf 86' lang='lat' dir='ltr'><strong>ete.</strong></span> 
     </span>
    </p>

    <p class='ocr_par' dir='ltr' id='par_1_23' title="bbox 953 2913 1726 3751">
     <span class='ocr_line' id='line_1_66' title="bbox 993 2913 1726 2993; baseline 0.004 -16"><span class='ocrx_word' id='word_1_399' title='bbox 993 2919 1024 2978; x_wconf 70' lang='lat' dir='ltr'><strong>t.</strong></span> <span class='ocrx_word' id='word_1_400' title='bbox 1041 2913 1139 2993; x_wconf 88' lang='lat' dir='ltr'><strong>ttem,</strong></span> <span class='ocrx_word' id='word_1_401' title='bbox 1156 2913 1262 2977; x_wconf 86' lang='lat' dir='ltr'><strong>omnis</strong></span> <span class='ocrx_word' id='word_1_402' title='bbox 1278 2913 1390 2978; x_wconf 88' lang='lat' dir='ltr'><strong>relatio</strong></span> <span class='ocrx_word' id='word_1_403' title='bbox 1407 2913 1442 2977; x_wconf 91' lang='lat' dir='ltr'><strong>in</strong></span> <span class='ocrx_word' id='word_1_404' title='bbox 1460 2913 1577 2978; x_wconf 89' lang='lat' dir='ltr'><strong>divinis</strong></span> <span class='ocrx_word' id='word_1_405' title='bbox 1593 2914 1629 2979; x_wconf 91' lang='lat' dir='ltr'><strong>in</strong></span> <span class='ocrx_word' id='word_1_406' title='bbox 1646 2934 1726 2980; x_wconf 88' lang='lat' dir='ltr'><strong>eon-</strong></span> 
     </span>
     <span class='ocr_line' id='line_1_67' title="bbox 953 3022 1723 3105; baseline 0.003 -18"><span class='ocrx_word' id='word_1_407' title='bbox 953 3023 1093 3087; x_wconf 88' lang='lat' dir='ltr'><strong>eretione</strong></span> <span class='ocrx_word' id='word_1_408' title='bbox 1104 3022 1284 3103; x_wconf 82' lang='lat' dir='ltr'><strong>significata</strong></span> <span class='ocrx_word' id='word_1_409' title='bbox 1303 3023 1456 3105; x_wconf 85' lang='lat' dir='ltr'><strong>importat</strong></span> <span class='ocrx_word' id='word_1_410' title='bbox 1472 3022 1723 3105; x_wconf 66' lang='lat' dir='ltr'><strong>distinctionem</strong></span> 
     </span>
     <span class='ocr_line' id='line_1_68' title="bbox 953 3128 1725 3198; baseline 0.005 -4"><span class='ocrx_word' id='word_1_411' title='bbox 953 3132 985 3195; x_wconf 93' lang='lat' dir='ltr'><strong>et</strong></span> <span class='ocrx_word' id='word_1_412' title='bbox 996 3128 1067 3194; x_wconf 89' lang='lat' dir='ltr'><strong>ideo</strong></span> <span class='ocrx_word' id='word_1_413' title='bbox 1087 3129 1177 3194; x_wconf 91' lang='lat' dir='ltr'><strong>nulla</strong></span> <span class='ocrx_word' id='word_1_414' title='bbox 1195 3128 1310 3194; x_wconf 87' lang='lat' dir='ltr'><strong>dieitur</strong></span> <span class='ocrx_word' id='word_1_415' title='bbox 1332 3128 1372 3194; x_wconf 90' lang='lat' dir='ltr'><strong>de</strong></span> <span class='ocrx_word' id='word_1_416' title='bbox 1393 3130 1527 3194; x_wconf 88' lang='lat' dir='ltr'><strong>essentia</strong></span> <span class='ocrx_word' id='word_1_417' title='bbox 1549 3132 1725 3198; x_wconf 86' lang='lat' dir='ltr'><strong>seeundum</strong></span> 
     </span>
     <span class='ocr_line' id='line_1_69' title="bbox 954 3237 1723 3317; baseline 0.008 -16"><span class='ocrx_word' id='word_1_418' title='bbox 954 3237 1379 3317; x_wconf 83' lang='lat' dir='ltr'><strong>modumdenominationis3</strong></span> <span class='ocrx_word' id='word_1_419' title='bbox 1391 3237 1462 3302; x_wconf 74' lang='lat' dir='ltr'><strong>haee</strong></span> <span class='ocrx_word' id='word_1_420' title='bbox 1473 3238 1561 3302; x_wconf 90' lang='lat' dir='ltr'><strong>enim</strong></span> <span class='ocrx_word' id='word_1_421' title='bbox 1570 3240 1723 3307; x_wconf 86' lang='lat' dir='ltr'><strong>esttalsa:</strong></span> 
     </span>
     <span class='ocr_line' id='line_1_70' title="bbox 958 3346 1726 3428; baseline 0.008 -21"><span class='ocrx_word' id='word_1_422' title='bbox 958 3346 1129 3410; x_wconf 69' lang='lat' dir='ltr'><strong>«Essentia</strong></span> <span class='ocrx_word' id='word_1_423' title='bbox 1142 3348 1298 3428; x_wconf 88' lang='lat' dir='ltr'><strong>generat:</strong></span> <span class='ocrx_word' id='word_1_424' title='bbox 1322 3367 1338 3405; x_wconf 77' lang='lat' dir='ltr'><strong>r</strong></span> <span class='ocrx_word' id='word_1_425' title='bbox 1359 3346 1414 3410; x_wconf 86' lang='lat' dir='ltr'><strong>sed</strong></span> <span class='ocrx_word' id='word_1_426' title='bbox 1430 3346 1593 3427; x_wconf 88' lang='lat' dir='ltr'><strong>ingenitus</strong></span> <span class='ocrx_word' id='word_1_427' title='bbox 1609 3347 1726 3414; x_wconf 85' lang='lat' dir='ltr'><strong>dicitnr</strong></span> 
     </span>
     <span class='ocr_line' id='line_1_71' title="bbox 954 3452 1725 3537; baseline 0.005 -20"><span class='ocrx_word' id='word_1_428' title='bbox 954 3453 993 3517; x_wconf 92' lang='lat' dir='ltr'><strong>de</strong></span> <span class='ocrx_word' id='word_1_429' title='bbox 1005 3454 1157 3529; x_wconf 86' lang='lat' dir='ltr'><strong>essentia,</strong></span> <span class='ocrx_word' id='word_1_430' title='bbox 1171 3470 1248 3516; x_wconf 90' lang='lat' dir='ltr'><strong>nam</strong></span> <span class='ocrx_word' id='word_1_431' title='bbox 1260 3452 1371 3516; x_wconf 84' lang='lat' dir='ltr'><strong>divina</strong></span> <span class='ocrx_word' id='word_1_432' title='bbox 1384 3453 1522 3517; x_wconf 85' lang='lat' dir='ltr'><strong>essentia</strong></span> <span class='ocrx_word' id='word_1_433' title='bbox 1534 3458 1658 3519; x_wconf 89' lang='lat' dir='ltr'><strong>estnon</strong></span> <span class='ocrx_word' id='word_1_434' title='bbox 1671 3474 1725 3537; x_wconf 91' lang='lat' dir='ltr'><strong>ge-</strong></span> 
     </span>
     <span class='ocr_line' id='line_1_72' title="bbox 953 3559 1724 3641; baseline 0.004 -17"><span class='ocrx_word' id='word_1_435' title='bbox 953 3560 1041 3636; x_wconf 89' lang='lat' dir='ltr'><strong>nita,</strong></span> <span class='ocrx_word' id='word_1_436' title='bbox 1064 3577 1139 3624; x_wconf 87' lang='lat' dir='ltr'><strong>eum</strong></span> <span class='ocrx_word' id='word_1_437' title='bbox 1160 3562 1232 3641; x_wconf 87' lang='lat' dir='ltr'><strong>ejus</strong></span> <span class='ocrx_word' id='word_1_438' title='bbox 1250 3559 1431 3641; x_wconf 89' lang='lat' dir='ltr'><strong>oppositum</strong></span> <span class='ocrx_word' id='word_1_439' title='bbox 1449 3560 1488 3624; x_wconf 88' lang='lat' dir='ltr'><strong>de</strong></span> <span class='ocrx_word' id='word_1_440' title='bbox 1507 3563 1643 3626; x_wconf 85' lang='lat' dir='ltr'><strong>essentia</strong></span> <span class='ocrx_word' id='word_1_441' title='bbox 1658 3581 1724 3627; x_wconf 90' lang='lat' dir='ltr'><strong>non</strong></span> 
     </span>
     <span class='ocr_line' id='line_1_73' title="bbox 953 3665 1643 3751; baseline 0 -19"><span class='ocrx_word' id='word_1_442' title='bbox 953 3668 1155 3751; x_wconf 78' lang='lat' dir='ltr'><strong>predicetur,</strong></span> <span class='ocrx_word' id='word_1_443' title='bbox 1170 3665 1288 3729; x_wconf 83' lang='lat' dir='ltr'><strong>seilicet</strong></span> <span class='ocrx_word' id='word_1_444' title='bbox 1300 3667 1429 3748; x_wconf 77' lang='lat' dir='ltr'><strong>pertitus</strong></span> <span class='ocrx_word' id='word_1_445' title='bbox 1443 3686 1455 3727; x_wconf 89' lang='grc'><strong>.·</strong></span> <span class='ocrx_word' id='word_1_446' title='bbox 1467 3684 1568 3747; x_wconf 90' lang='lat' dir='ltr'><strong>ergo,</strong></span> <span class='ocrx_word' id='word_1_447' title='bbox 1583 3672 1643 3732; x_wconf 86' lang='lat' dir='ltr'><strong>eto.</strong></span> 
     </span>
    </p>

    <p class='ocr_par' dir='ltr' id='par_1_24' title="bbox 950 3773 1725 4713">
     <span class='ocr_line' id='line_1_74' title="bbox 995 3773 1724 3855; baseline 0.005 -16"><span class='ocrx_word' id='word_1_448' title='bbox 995 3780 1024 3839; x_wconf 87' lang='lat'><strong>3.</strong></span> <span class='ocrx_word' id='word_1_449' title='bbox 1038 3775 1137 3854; x_wconf 89' lang='lat' dir='ltr'><strong>item,</strong></span> <span class='ocrx_word' id='word_1_450' title='bbox 1152 3773 1339 3855; x_wconf 85' lang='lat' dir='ltr'><strong>negationes</strong></span> <span class='ocrx_word' id='word_1_451' title='bbox 1351 3792 1386 3837; x_wconf 88' lang='lat' dir='ltr'><strong>se</strong></span> <span class='ocrx_word' id='word_1_452' title='bbox 1403 3774 1522 3839; x_wconf 86' lang='lat' dir='ltr'><strong>habant</strong></span> <span class='ocrx_word' id='word_1_453' title='bbox 1535 3794 1553 3839; x_wconf 92' lang='lat' dir='ltr'><strong>e</strong></span> <span class='ocrx_word' id='word_1_454' title='bbox 1566 3779 1724 3843; x_wconf 81' lang='lat' dir='ltr'><strong>contrario</strong></span> 
     </span>
     <span class='ocr_line' id='line_1_75' title="bbox 953 3877 1725 3964; baseline 0.003 -17"><span class='ocrx_word' id='word_1_455' title='bbox 953 3882 1241 3947; x_wconf 83' lang='lat' dir='ltr'><strong>affirmationibus:</strong></span> <span class='ocrx_word' id='word_1_456' title='bbox 1264 3881 1318 3945; x_wconf 89' lang='lat' dir='ltr'><strong>sed</strong></span> <span class='ocrx_word' id='word_1_457' title='bbox 1335 3877 1464 3964; x_wconf 69' lang='lat' dir='ltr'><strong>perotus¹</strong></span> <span class='ocrx_word' id='word_1_458' title='bbox 1482 3887 1530 3946; x_wconf 88' lang='lat' dir='ltr'><strong>est</strong></span> <span class='ocrx_word' id='word_1_459' title='bbox 1557 3883 1592 3946; x_wconf 92' lang='lat' dir='ltr'><strong>in</strong></span> <span class='ocrx_word' id='word_1_460' title='bbox 1614 3885 1725 3949; x_wconf 91' lang='lat' dir='ltr'><strong>minus</strong></span> 
     </span>
     <span class='ocr_line' id='line_1_76' title="bbox 953 3990 1725 4073; baseline 0.001 -19"><span class='ocrx_word' id='word_1_461' title='bbox 953 4010 1052 4073; x_wconf 84' lang='lat' dir='ltr'><strong>qnam</strong></span> <span class='ocrx_word' id='word_1_462' title='bbox 1061 3991 1193 4069; x_wconf 78' lang='lat' dir='ltr'><strong>relatur,</strong></span> <span class='ocrx_word' id='word_1_463' title='bbox 1207 3993 1239 4052; x_wconf 90' lang='lat' dir='ltr'><strong>et</strong></span> <span class='ocrx_word' id='word_1_464' title='bbox 1249 3992 1411 4071; x_wconf 71' lang='lat' dir='ltr'><strong>generatio</strong></span> <span class='ocrx_word' id='word_1_465' title='bbox 1422 4008 1521 4072; x_wconf 89' lang='lat' dir='ltr'><strong>quam</strong></span> <span class='ocrx_word' id='word_1_466' title='bbox 1532 3990 1645 4057; x_wconf 83' lang='lat' dir='ltr'><strong>rotatio</strong></span> <span class='ocrx_word' id='word_1_467' title='bbox 1654 4013 1666 4056; x_wconf 92' lang='grc'><strong>.·</strong></span> <span class='ocrx_word' id='word_1_468' title='bbox 1678 4010 1725 4056; x_wconf 91' lang='lat' dir='ltr'><strong>er-</strong></span> 
     </span>
     <span class='ocr_line' id='line_1_77' title="bbox 952 4096 1723 4180; baseline 0.003 -18"><span class='ocrx_word' id='word_1_469' title='bbox 952 4117 996 4179; x_wconf 84' lang='lat' dir='ltr'><strong>go</strong></span> <span class='ocrx_word' id='word_1_470' title='bbox 1010 4099 1176 4180; x_wconf 78' lang='lat' dir='ltr'><strong>inpertitus</strong></span> <span class='ocrx_word' id='word_1_471' title='bbox 1190 4101 1237 4161; x_wconf 87' lang='lat' dir='ltr'><strong>est</strong></span> <span class='ocrx_word' id='word_1_472' title='bbox 1258 4096 1293 4160; x_wconf 92' lang='lat' dir='ltr'><strong>in</strong></span> <span class='ocrx_word' id='word_1_473' title='bbox 1307 4098 1380 4179; x_wconf 91' lang='lat' dir='ltr'><strong>plns</strong></span> <span class='ocrx_word' id='word_1_474' title='bbox 1391 4115 1491 4179; x_wconf 86' lang='lat' dir='ltr'><strong>quam</strong></span> <span class='ocrx_word' id='word_1_475' title='bbox 1504 4114 1570 4164; x_wconf 77' lang='lat' dir='ltr'><strong>nou</strong></span> <span class='ocrx_word' id='word_1_476' title='bbox 1582 4099 1723 4178; x_wconf 76' lang='lat' dir='ltr'><strong>renen,</strong></span> 
     </span>
     <span class='ocr_line' id='line_1_78' title="bbox 952 4204 1723 4288; baseline 0.003 -19"><span class='ocrx_word' id='word_1_477' title='bbox 952 4212 984 4269; x_wconf 84' lang='lat' dir='ltr'><strong>et</strong></span> <span class='ocrx_word' id='word_1_478' title='bbox 993 4207 1193 4288; x_wconf 70' lang='lat' dir='ltr'><strong>inponerent</strong></span> <span class='ocrx_word' id='word_1_479' title='bbox 1205 4223 1304 4287; x_wconf 87' lang='lat' dir='ltr'><strong>quam</strong></span> <span class='ocrx_word' id='word_1_480' title='bbox 1317 4218 1382 4269; x_wconf 81' lang='lat' dir='ltr'><strong>oon</strong></span> <span class='ocrx_word' id='word_1_481' title='bbox 1392 4204 1525 4275; x_wconf 77' lang='lat' dir='ltr'><strong>retorto:</strong></span> <span class='ocrx_word' id='word_1_482' title='bbox 1538 4205 1664 4271; x_wconf 81' lang='lat' dir='ltr'><strong>sednon</strong></span> <span class='ocrx_word' id='word_1_483' title='bbox 1678 4221 1723 4271; x_wconf 85' lang='lat' dir='ltr'><strong>re·</strong></span> 
     </span>
     <span class='ocr_line' id='line_1_79' title="bbox 953 4310 1723 4378; baseline -0.001 -1"><span class='ocrx_word' id='word_1_484' title='bbox 953 4313 1037 4378; x_wconf 79' lang='lat' dir='ltr'><strong>latua</strong></span> <span class='ocrx_word' id='word_1_485' title='bbox 1050 4312 1102 4377; x_wconf 89' lang='lat' dir='ltr'><strong>vel</strong></span> <span class='ocrx_word' id='word_1_486' title='bbox 1119 4328 1185 4378; x_wconf 76' lang='lat' dir='ltr'><strong>aare</strong></span> <span class='ocrx_word' id='word_1_487' title='bbox 1200 4312 1314 4377; x_wconf 82' lang='lat' dir='ltr'><strong>relatio</strong></span> <span class='ocrx_word' id='word_1_488' title='bbox 1327 4328 1394 4374; x_wconf 91' lang='lat' dir='ltr'><strong>non</strong></span> <span class='ocrx_word' id='word_1_489' title='bbox 1407 4310 1524 4375; x_wconf 86' lang='lat' dir='ltr'><strong>dieitur</strong></span> <span class='ocrx_word' id='word_1_490' title='bbox 1544 4313 1723 4376; x_wconf 87' lang='lat' dir='ltr'><strong>seeundum</strong></span> 
     </span>
     <span class='ocr_line' id='line_1_80' title="bbox 950 4418 1720 4501; baseline 0.003 -20"><span class='ocrx_word' id='word_1_491' title='bbox 950 4419 1156 4494; x_wconf 88' lang='lat' dir='ltr'><strong>relationem,</strong></span> <span class='ocrx_word' id='word_1_492' title='bbox 1172 4419 1249 4500; x_wconf 89' lang='lat' dir='ltr'><strong>qnia</strong></span> <span class='ocrx_word' id='word_1_493' title='bbox 1262 4422 1340 4481; x_wconf 86' lang='lat' dir='ltr'><strong>tune</strong></span> <span class='ocrx_word' id='word_1_494' title='bbox 1353 4418 1497 4500; x_wconf 90' lang='lat' dir='ltr'><strong>opposita</strong></span> <span class='ocrx_word' id='word_1_495' title='bbox 1519 4418 1696 4501; x_wconf 81' lang='lat' dir='ltr'><strong>implicaret</strong></span> <span class='ocrx_word' id='word_1_496' title='bbox 1711 4438 1720 4483; x_wconf 91' lang='lat'><strong>:</strong></span> 
     </span>
     <span class='ocr_line' id='line_1_81' title="bbox 952 4525 1720 4609; baseline 0.003 -19"><span class='ocrx_word' id='word_1_497' title='bbox 952 4544 1032 4607; x_wconf 88' lang='lat' dir='ltr'><strong>ergo</strong></span> <span class='ocrx_word' id='word_1_498' title='bbox 1045 4544 1119 4590; x_wconf 86' lang='lat' dir='ltr'><strong>cum</strong></span> <span class='ocrx_word' id='word_1_499' title='bbox 1128 4526 1162 4588; x_wconf 90' lang='lat' dir='ltr'><strong>in</strong></span> <span class='ocrx_word' id='word_1_500' title='bbox 1172 4525 1245 4607; x_wconf 88' lang='lat' dir='ltr'><strong>plns</strong></span> <span class='ocrx_word' id='word_1_501' title='bbox 1256 4526 1297 4588; x_wconf 88' lang='lat' dir='ltr'><strong>sit</strong></span> <span class='ocrx_word' id='word_1_502' title='bbox 1310 4525 1372 4589; x_wconf 85' lang='lat' dir='ltr'><strong>hoo</strong></span> <span class='ocrx_word' id='word_1_503' title='bbox 1383 4525 1471 4606; x_wconf 89' lang='lat' dir='ltr'><strong>quod</strong></span> <span class='ocrx_word' id='word_1_504' title='bbox 1484 4529 1533 4589; x_wconf 91' lang='lat' dir='ltr'><strong>est</strong></span> <span class='ocrx_word' id='word_1_505' title='bbox 1542 4527 1720 4609; x_wconf 76' lang='lat' dir='ltr'><strong>inpertitus,</strong></span> 
     </span>
     <span class='ocr_line' id='line_1_82' title="bbox 952 4631 1645 4713; baseline -0.001 -15"><span class='ocrx_word' id='word_1_506' title='bbox 952 4651 1019 4698; x_wconf 91' lang='lat' dir='ltr'><strong>non</strong></span> <span class='ocrx_word' id='word_1_507' title='bbox 1031 4633 1126 4697; x_wconf 90' lang='lat' dir='ltr'><strong>estin</strong></span> <span class='ocrx_word' id='word_1_508' title='bbox 1142 4650 1261 4713; x_wconf 90' lang='lat' dir='ltr'><strong>genere</strong></span> <span class='ocrx_word' id='word_1_509' title='bbox 1275 4631 1438 4695; x_wconf 90' lang='lat' dir='ltr'><strong>relationis</strong></span> <span class='ocrx_word' id='word_1_510' title='bbox 1452 4653 1459 4694; x_wconf 94' lang='lat'><strong>:</strong></span> <span class='ocrx_word' id='word_1_511' title='bbox 1475 4650 1569 4713; x_wconf 90' lang='lat' dir='ltr'><strong>ergo,</strong></span> <span class='ocrx_word' id='word_1_512' title='bbox 1585 4639 1645 4697; x_wconf 85' lang='lat' dir='ltr'><strong>eto.</strong></span> 
     </span>
    </p>

    <p class='ocr_par' dir='ltr' id='par_1_25' title="bbox 951 4737 1723 5256">
     <span class='ocr_line' id='line_1_83' title="bbox 990 4737 1723 4819; baseline 0.005 -15"><span class='ocrx_word' id='word_1_513' title='bbox 990 4745 1022 4805; x_wconf 77' lang='lat' dir='ltr'><strong>t.</strong></span> <span class='ocrx_word' id='word_1_514' title='bbox 1038 4740 1137 4819; x_wconf 92' lang='lat' dir='ltr'><strong>Item,</strong></span> <span class='ocrx_word' id='word_1_515' title='bbox 1153 4739 1258 4804; x_wconf 88' lang='lat' dir='ltr'><strong>omnis</strong></span> <span class='ocrx_word' id='word_1_516' title='bbox 1271 4737 1381 4801; x_wconf 88' lang='lat' dir='ltr'><strong>relatio</strong></span> <span class='ocrx_word' id='word_1_517' title='bbox 1403 4738 1437 4800; x_wconf 92' lang='lat' dir='ltr'><strong>in</strong></span> <span class='ocrx_word' id='word_1_518' title='bbox 1460 4739 1578 4802; x_wconf 86' lang='lat' dir='ltr'><strong>divinis</strong></span> <span class='ocrx_word' id='word_1_519' title='bbox 1597 4746 1655 4805; x_wconf 90' lang='lat' dir='ltr'><strong>aut</strong></span> <span class='ocrx_word' id='word_1_520' title='bbox 1675 4748 1723 4808; x_wconf 88' lang='lat' dir='ltr'><strong>est</strong></span> 
     </span>
     <span class='ocr_line' id='line_1_84' title="bbox 951 4845 1719 4931; baseline -0.001 -18"><span class='ocrx_word' id='word_1_521' title='bbox 951 4852 1096 4931; x_wconf 84' lang='lat' dir='ltr'><strong>respectu</strong></span> <span class='ocrx_word' id='word_1_522' title='bbox 1107 4845 1268 4929; x_wconf 83' lang='lat' dir='ltr'><strong>principii,</strong></span> <span class='ocrx_word' id='word_1_523' title='bbox 1283 4848 1340 4907; x_wconf 91' lang='lat' dir='ltr'><strong>aut</strong></span> <span class='ocrx_word' id='word_1_524' title='bbox 1354 4847 1500 4925; x_wconf 83' lang='lat' dir='ltr'><strong>respectu</strong></span> <span class='ocrx_word' id='word_1_525' title='bbox 1514 4845 1695 4928; x_wconf 80' lang='lat' dir='ltr'><strong>principiati</strong></span> <span class='ocrx_word' id='word_1_526' title='bbox 1711 4872 1719 4913; x_wconf 90' lang='lat'><strong>:</strong></span> 
     </span>
     <span class='ocr_line' id='line_1_85' title="bbox 951 4952 1721 5037; baseline 0 -17"><span class='ocrx_word' id='word_1_527' title='bbox 951 4975 1030 5037; x_wconf 87' lang='lat' dir='ltr'><strong>ergo</strong></span> <span class='ocrx_word' id='word_1_528' title='bbox 1043 4955 1071 5019; x_wconf 91' lang='lat' dir='ltr'><strong>si</strong></span> <span class='ocrx_word' id='word_1_529' title='bbox 1083 4955 1144 5019; x_wconf 85' lang='lat' dir='ltr'><strong>hoo</strong></span> <span class='ocrx_word' id='word_1_530' title='bbox 1156 4952 1241 5035; x_wconf 85' lang='lat' dir='ltr'><strong>quod</strong></span> <span class='ocrx_word' id='word_1_531' title='bbox 1255 4955 1302 5015; x_wconf 89' lang='lat' dir='ltr'><strong>est</strong></span> <span class='ocrx_word' id='word_1_532' title='bbox 1317 4952 1482 5033; x_wconf 76' lang='lat' dir='ltr'><strong>inpertitur</strong></span> <span class='ocrx_word' id='word_1_533' title='bbox 1500 4952 1576 5016; x_wconf 83' lang='lat' dir='ltr'><strong>dicit</strong></span> <span class='ocrx_word' id='word_1_534' title='bbox 1589 4953 1721 5020; x_wconf 89' lang='lat' dir='ltr'><strong>relatio-</strong></span> 
     </span>
     <span class='ocr_line' id='line_1_86' title="bbox 951 5058 1721 5144; baseline -0.001 -15"><span class='ocrx_word' id='word_1_535' title='bbox 951 5082 1046 5140; x_wconf 90' lang='lat' dir='ltr'><strong>nem,</strong></span> <span class='ocrx_word' id='word_1_536' title='bbox 1066 5066 1123 5127; x_wconf 90' lang='lat' dir='ltr'><strong>aut</strong></span> <span class='ocrx_word' id='word_1_537' title='bbox 1146 5064 1290 5143; x_wconf 81' lang='lat' dir='ltr'><strong>respectu</strong></span> <span class='ocrx_word' id='word_1_538' title='bbox 1308 5058 1474 5141; x_wconf 85' lang='lat' dir='ltr'><strong>principii,</strong></span> <span class='ocrx_word' id='word_1_539' title='bbox 1498 5063 1555 5124; x_wconf 89' lang='lat' dir='ltr'><strong>aut</strong></span> <span class='ocrx_word' id='word_1_540' title='bbox 1575 5069 1721 5144; x_wconf 80' lang='lat' dir='ltr'><strong>respectu</strong></span> 
     </span>
     <span class='ocr_line' id='line_1_87' title="bbox 951 5167 1720 5256; baseline 0 -20"><span class='ocrx_word' id='word_1_541' title='bbox 951 5170 1149 5256; x_wconf 84' lang='lat' dir='ltr'><strong>principiati:</strong></span> <span class='ocrx_word' id='word_1_542' title='bbox 1164 5168 1219 5232; x_wconf 88' lang='lat' dir='ltr'><strong>sed</strong></span> <span class='ocrx_word' id='word_1_543' title='bbox 1232 5184 1297 5230; x_wconf 91' lang='lat' dir='ltr'><strong>non</strong></span> <span class='ocrx_word' id='word_1_544' title='bbox 1311 5170 1458 5248; x_wconf 84' lang='lat' dir='ltr'><strong>respectu</strong></span> <span class='ocrx_word' id='word_1_545' title='bbox 1470 5167 1629 5252; x_wconf 82' lang='lat' dir='ltr'><strong>principii,</strong></span> <span class='ocrx_word' id='word_1_546' title='bbox 1644 5173 1720 5254; x_wconf 89' lang='lat' dir='ltr'><strong>quia</strong></span> 
     </span>
    </p>
   </div>
   <div class='ocr_carea' id='block_1_19' title="bbox 949 5360 1718 5578">
    <p class='ocr_par' dir='ltr' id='par_1_26' title="bbox 949 5360 1718 5578">
     <span class='ocr_line' id='line_1_88' title="bbox 951 5360 1718 5433; baseline -0.004 -11"><span class='ocrx_word' id='word_1_547' title='bbox 951 5381 1092 5433; x_wconf 79' lang='lat' dir='ltr'><strong>nxv111,q.</strong></span> <span class='ocrx_word' id='word_1_548' title='bbox 1107 5379 1125 5419; x_wconf 87' lang='grc' dir='ltr'><strong>ιι</strong></span> <span class='ocrx_word' id='word_1_549' title='bbox 1132 5382 1142 5431; x_wconf 88' lang='lat'>;</span> <span class='ocrx_word' id='word_1_550' title='bbox 1157 5364 1306 5428; x_wconf 83' lang='lat' dir='ltr'><strong>Richardus,</strong></span> <span class='ocrx_word' id='word_1_551' title='bbox 1323 5364 1331 5413; x_wconf 88' lang='lat' dir='ltr'><strong>l</strong></span> <span class='ocrx_word' id='word_1_552' title='bbox 1348 5363 1428 5425; x_wconf 77' lang='lat' dir='ltr'><strong>Sene,</strong></span> <span class='ocrx_word' id='word_1_553' title='bbox 1443 5363 1501 5414; x_wconf 87' lang='lat' dir='ltr'><strong>diet.</strong></span> <span class='ocrx_word' id='word_1_554' title='bbox 1514 5360 1616 5429; x_wconf 85' lang='lat' dir='ltr'><strong>xxv1u‚</strong></span> <span class='ocrx_word' id='word_1_555' title='bbox 1629 5371 1677 5419; x_wconf 89' lang='lat' dir='ltr'><strong>art.</strong></span> <span class='ocrx_word' id='word_1_556' title='bbox 1690 5372 1718 5432; x_wconf 80' lang='lat'><strong>2,</strong></span> 
     </span>
     <span class='ocr_line' id='line_1_89' title="bbox 951 5435 1717 5510; baseline -0.004 -16"><span class='ocrx_word' id='word_1_557' title='bbox 951 5460 976 5510; x_wconf 85' lang='lat' dir='ltr'><strong>q.</strong></span> <span class='ocrx_word' id='word_1_558' title='bbox 988 5457 1013 5508; x_wconf 85' lang='lat'><strong>13</strong></span> <span class='ocrx_word' id='word_1_559' title='bbox 1029 5439 1155 5492; x_wconf 82' lang='lat' dir='ltr'><strong>Frmeise.</strong></span> <span class='ocrx_word' id='word_1_560' title='bbox 1169 5439 1201 5489; x_wconf 87' lang='lat' dir='ltr'><strong>da</strong></span> <span class='ocrx_word' id='word_1_561' title='bbox 1217 5438 1309 5501; x_wconf 80' lang='lat' dir='ltr'><strong>Mayr,</strong></span> <span class='ocrx_word' id='word_1_562' title='bbox 1331 5436 1340 5485; x_wconf 93' lang='lat' dir='ltr'><strong>t</strong></span> <span class='ocrx_word' id='word_1_563' title='bbox 1357 5435 1437 5498; x_wconf 73' lang='lat' dir='ltr'><strong>seue,</strong></span> <span class='ocrx_word' id='word_1_564' title='bbox 1454 5436 1717 5505; x_wconf 82' lang='lat' dir='ltr'><strong>dist.xxv111‚q.1n.</strong></span> 
     </span>
     <span class='ocr_line' id='line_1_90' title="bbox 949 5507 1505 5578; baseline 0 -17"><span class='ocrx_word' id='word_1_565' title='bbox 949 5517 1087 5578; x_wconf 69' lang='lat' dir='ltr'><strong>-siug,</strong></span> <span class='ocrx_word' id='word_1_566' title='bbox 1101 5511 1132 5562; x_wconf 72' lang='lat' dir='ltr'><strong>ae</strong></span> <span class='ocrx_word' id='word_1_567' title='bbox 1149 5511 1227 5572; x_wconf 68' lang='lat' dir='ltr'><strong>ren,</strong></span> <span class='ocrx_word' id='word_1_568' title='bbox 1242 5507 1287 5559; x_wconf 79' lang='lat' dir='ltr'><strong>ns.</strong></span> <span class='ocrx_word' id='word_1_569' title='bbox 1299 5508 1332 5571; x_wconf 92' lang='lat' dir='ltr'><strong>v,</strong></span> <span class='ocrx_word' id='word_1_570' title='bbox 1347 5520 1370 5558; x_wconf 71' lang='lat' dir='ltr'><strong>a</strong></span> <span class='ocrx_word' id='word_1_571' title='bbox 1380 5518 1431 5571; x_wconf 75' lang='lat' dir='ltr'><strong>vu,</strong></span> <span class='ocrx_word' id='word_1_572' title='bbox 1443 5509 1505 5561; x_wconf 72' lang='lat' dir='ltr'><strong>aa</strong></span> 
     </span>
    </p>
   </div>
   <div class='ocr_carea' id='block_1_20' title="bbox 0 0 2054 6295">
    <p class='ocr_par' dir='ltr' id='par_1_27' title="bbox 0 0 2054 6295">
     <span class='ocr_line' id='line_1_91' title="bbox 0 0 2054 6295; baseline 0 0"><span class='ocrx_word' id='word_1_573' title='bbox 0 0 2054 6295; x_wconf 95' lang='lat' dir='ltr'><strong> </strong></span> 
     </span>
    </p>
   </div>
  </div>
 </body>
</html>
