4100 6300
323 441 382 505 230
892 437 1202 507 SENTENTIARUM
1222 439 1297 506 ΗΒ.
1320 441 1345 506 1.

322 575 409 646 libro
422 575 463 646 de
477 578 667 666 Trinitate¹,
681 577 846 647 itadieeus
861 601 869 644 ε
884 577 1073 647 «Eumdem
1087 575 1248 671 Spiritum
1260 585 1409 646 sanetum
1421 577 1549 665 datum,
1563 601 1641 647 eum
1651 577 1854 648 insufflasset
1863 579 1911 648 Je-

323 714 392 777 sus,
406 693 526 786 dequo
542 718 618 764 mox
631 693 677 763 ait
695 719 703 761 :
718 697 781 776 Ite,
798 694 966 786 baptizate
979 717 1092 763 omnes
1105 707 1217 787 pentes
1229 694 1267 761 in
1280 694 1414 762 nomine
1426 695 1550 777 Patris,
1568 706 1600 763 et
1613 694 1707 779 Filii,
1724 706 1756 762 el
1772 693 1910 786 Spiritm

323 810 443 893 saneti,
466 811 634 901 ambigere
656 833 723 880 non
748 809 916 879 debemus.
932 811 1004 904 Ipse
1019 819 1068 879 est
1089 833 1179 900 ergo,
1195 810 1254 902 qui
1268 810 1366 878 etiem
1385 811 1425 879 de
1443 810 1526 879 eoelo
1542 811 1639 880 datus
1660 818 1709 879 est
1726 809 1781 878 die
1801 811 1911 878 Pente

322 934 434 994 uestes.
455 925 627 1007 Quomodo
646 947 724 1016 ergo
744 926 832 995 Deus
855 950 921 995 non
944 937 1008 1013 est,
1032 927 1165 1019 quidet
1188 926 1348 1019 Spiritum
1379 933 1550 996 sanetumt
1573 928 1679 997 Immo
1698 935 1847 1020 quantus
1869 935 1912 994 ost

323 1043 421 1129 Deus,
435 1042 495 1133 qui
509 1044 564 1111 dat
578 1043 709 1112 Deumt
724 1068 742 1109 r>
759 1042 839 1111 Eece
864 1043 914 1112 bis
932 1043 1040 1112 verbis
1063 1053 1173 1135 aperte
1196 1043 1275 1112 dicit
1287 1043 1449 1135 Spiritum
1470 1053 1639 1131 sanctum,
1660 1046 1773 1137 ipsum
1797 1045 1910 1112 scilieet

323 1159 429 1229 Deum
442 1160 514 1229 dari
526 1159 717 1228 hominibus
737 1182 757 1226 a
778 1160 875 1229 Patro
887 1168 921 1228 et
933 1183 953 1229 a
965 1159 1064 1228 Filio.
1086 1160 1128 1227 Et
1140 1160 1230 1253 quod
1250 1160 1319 1250 ipse
1330 1160 1473 1251 Spiritus
1485 1170 1629 1246 sanctus,
1643 1161 1806 1253 quiDeus
1819 1169 1910 1229 ester

323 1277 418 1345 tertia
430 1276 467 1345 in
480 1275 639 1344 Trinitate
653 1297 804 1367 persona,
819 1275 914 1344 nobis
927 1271 1035 1360 detur,
1050 1276 1440 1368 nostrisqueinfundatur
1452 1285 1551 1369 utque
1564 1277 1721 1345 illabatur
1732 1277 1907 1360 mentibus,

323 1400 433 1486 aperte
446 1392 588 1462 ostendit
600 1391 795 1460 Ambrosius
809 1391 845 1460 in
857 1391 964 1483 primo
975 1390 1061 1460 libro
1075 1390 1115 1460 de
1122 1393 1252 1484 Spiritu
1260 1404 1376 1460 sancto
1385 1407 1408 1474 ¹,
1421 1391 1552 1461 dicens:
1568 1392 1684 1462 «Licet
1694 1393 1796 1461 multi
1805 1393 1910 1461 dimn-

323 1519 379 1581 tur
392 1509 543 1601 spiritus,
559 1508 639 1601 quie
651 1507 774 1597 legitur
786 1533 794 1575 :
814 1508 878 1592 Qui
886 1508 976 1599 [orit
993 1508 1126 1601 ampelos
1139 1531 1213 1576 suos
1226 1509 1382 1601 spiritua,·
1395 1531 1484 1576 uuus
1496 1517 1545 1576 est
1558 1517 1668 1577 tamen
1681 1510 1743 1577 Dei
1756 1509 1906 1601 Spiritus

321 1626 433 1717 Ipsum
447 1647 640 1715 ergouuum
655 1623 862 1716 Spiritumet
870 1623 1020 1717 apostoli,
1034 1632 1067 1692 et
1079 1624 1246 1716 prophetae
1256 1633 1335 1694 sunt
1344 1625 1529 1712 oouseouti3
1544 1625 1630 1695 sieut
1642 1626 1743 1694 etiam
1753 1625 1824 1696 Vas
1833 1626 1909 1694 eler-

323 1743 420 1813 tionis
437 1741 537 1811 dicit³
554 1767 562 1809 ε
581 1741 668 1825 Quia
688 1763 792 1809 unum
816 1741 980 1833 Spiritum
989 1742 1179 1834 potavimus
1186 1765 1201 1824 ,·
1220 1742 1314 1833 quasi
1337 1764 1414 1811 eum
1428 1741 1488 1833 qui
1503 1765 1572 1811 nou
1589 1748 1697 1834 queat'
1710 1743 1837 1830 scindi,
1858 1747 1908 1813 sod

324 1858 520 1944 infundatur
533 1857 664 1944 animis,
680 1864 713 1926 et
726 1858 874 1928 sensibus
886 1856 1055 1941 illabatur,
1071 1865 1110 1927 ut
1124 1859 1289 1927 saeeularis
1304 1858 1374 1927 sitis
1393 1860 1576 1949 restinguet
1595 1860 1637 1950 (a)
1659 1859 1837 1947 ardorem,
1855 1864 1909 1952 qui

324 1975 468 2068 Spiritus
481 1981 612 2052 sauctus
627 1996 695 2043 non
708 1981 756 2043 est
767 1974 807 2043 de
822 1975 1004 2043 substantia
1015 1996 1127 2043 rerum
1141 1975 1360 2066 corporalium
1374 1997 1435 2043 nee
1445 1974 1487 2043 de
1496 1975 1679 2044 substantia
1692 1976 1909 2045 invisibilium

324 2099 562 2162 ereatumrum.
577 2117 595 2158 r
612 2090 672 2159 His
687 2089 797 2159 verbis
810 2097 921 2182 aperte
935 2089 1013 2159 dicit
1028 2089 1191 2182 Spiritum
1205 2100 1354 2159 sanetum
1367 2090 1494 2182 ipsum,
1518 2092 1578 2183 qui
1598 2100 1750 2160 ereatura
1770 2115 1839 2160 uon
1852 2100 1908 2172 est,
2032 2101 2033 2106 ’

324 2209 454 2278 inmndi
469 2206 634 2277 mentibus
647 2205 778 2276 nostris.
793 2204 876 2274 Item
890 2205 926 2273 in
938 2206 1054 2275 eodem
1067 2210 1098 2274 ⁸:
1119 2205 1264 2275 «Omnis
1277 2215 1424 2276 ereatura
1433 2207 1600 2276 mutabilis
1613 2215 1673 2292 ost,
1688 2208 1746 2276 sed
1759 2231 1827 2276 nou
1841 2232 1911 2277 mn-

325 2326 435 2395 tabilis
447 2325 590 2417 Spiritus
597 2330 738 2392 sanetus.
750 2321 838 2404 Quid
853 2330 963 2416 autem
976 2322 1083 2392 dieere
1096 2323 1345 2416 dubitem‚quia
1358 2324 1453 2393 datus
1462 2332 1510 2393 est
1520 2323 1664 2415 Spiritus
1677 2332 1823 2409 sanetus,
1836 2348 1910 2394 cum

325 2442 552 2534 seriptumsit⁸
562 2465 570 2508 :
582 2440 808 2509 ObaritosDer'
817 2437 943 2530 diffuso
953 2440 1046 2508 estin
1055 2439 1203 2509 cordibus
1212 2441 1739 2533 nostrisperSpiritronsonctron,
1749 2442 1806 2532 qui
1814 2440 1910 2509 datm

328 2572 377 2629 est
389 2558 482 2627 nobis
495 2563 531 2625 ⁸?
544 2556 695 2638 Quicum
707 2557 749 2625 sit
761 2556 991 2625 inaccessibilis
1004 2565 1135 2642 natura,
1145 2557 1341 2649 receptibilis
1355 2565 1464 2626 tamen
1478 2566 1611 2650 propter
1621 2557 1803 2625 bonitatem
1817 2580 1910 2626 suum

326 2676 421 2745 nobis
429 2682 493 2760 est;
505 2672 721 2765 complectens
732 2670 855 2741 virtute
867 2672 989 2758 omnia,
1004 2672 1060 2741 sed
1069 2673 1129 2764 qui
1138 2673 1215 2742 solis
1223 2673 1433 2766 participetur
1441 2674 1556 2765 justis;
1567 2673 1709 2765 simplex
1717 2674 1907 2758 substantia,

325 2791 464 2884 opulens
476 2788 666 2874 virtutibus,
676 2786 1018 2880 uniruiquepraesens,
1029 2787 1178 2858 dividens
1189 2789 1229 2857 de
1242 2812 1303 2857 suo
1313 2789 1526 2879 singulis⁷,et
1543 2790 1668 2882 ubique
1682 2791 1910 2858 totus⁸.1ueir·

325 2906 540 2998 oumseriptus
552 2927 630 2995 ergo
645 2912 676 2974 et
685 2904 1190 2997 infinitusestSpiritussauetus,
1202 2905 1501 2998 quidisripulorum
1508 2929 1623 2976 sensus
1629 2906 1909 2996 separatorumin·

324 3022 424 3109 fudit,
439 3045 538 3114 quem
552 3022 637 3089 nihil
649 3027 755 3113 potest
766 3020 890 3089 fallere.
903 3020 1022 3110 Augeli
1036 3020 1077 3090 ad
1088 3044 1208 3114 paucos
1215 3022 1440 3109 mittebantur,
1449 3022 1591 3114 Spiritus
1600 3026 1908 3113 sanotusriutempo

326 3140 416 3232 pulis
428 3137 675 3208 infundebatur.
691 3136 773 3220 Quis
785 3161 863 3228 ergo
878 3136 1007 3207 dubitet
1019 3137 1102 3230 quin
1113 3138 1266 3209 divinum
1274 3138 1328 3226 sit,
1339 3138 1429 3232 quod
1439 3139 1626 3209 infunditur
1639 3138 1742 3208 simul
1750 3139 1906 3231 pluribus,

326 3279 385 3325 neo
400 3256 582 3325 videturtr
600 3254 695 3324 Unus
706 3261 755 3322 est
767 3275 846 3344 ergo
856 3253 1000 3346 Spiritus
1009 3262 1151 3342 sanetus,
1166 3256 1227 3348 qui
1234 3256 1330 3325 datus
1339 3264 1387 3325 est
1403 3256 1568 3341 omnibus,
1578 3256 1655 3324 lioet
1667 3256 1826 3347 separatis
1836 3278 1908 3346 apo·

326 3373 429 3441 stolis.
445 3372 487 3440 Et
500 3371 552 3440 bio
562 3377 671 3463 aperte
689 3369 768 3439 dicit
779 3369 977 3440 Ambrosius
998 3371 1089 3463 quod
1107 3371 1250 3464 Spiritus
1261 3379 1408 3458 sanctus,
1424 3371 1483 3464 qui
1497 3381 1545 3440 est
1557 3372 1742 3439 substantia
1760 3371 1904 3463 simplex,

327 3514 404 3559 eum
417 3489 460 3557 sit
473 3508 573 3573 unus,
588 3486 687 3556 datur
700 3485 864 3578 pluribus.
881 3487 959 3555 Alie
970 3510 1104 3580 quoque
1118 3488 1308 3557 auctoritate
1321 3488 1383 3557 hoc
1395 3487 1483 3556 idem
1497 3489 1670 3574 astruitur,
1687 3488 1809 3557 seilicet
1824 3486 1905 3579 quod

329 3606 472 3698 Spiritus
483 3612 627 3690 sanetus,
638 3604 698 3696 qui
711 3610 759 3671 est
767 3604 904 3696 aequalis
916 3603 1014 3690 Filio,
1030 3604 1220 3674 homiuibus
1229 3605 1336 3674 detur.
1348 3605 1406 3673 Ait
1412 3605 1500 3673 enim
1510 3605 1738 3693 Augustinus*
1748 3603 1903 3690 ,mombis

329 3722 477 3808 Domini,
492 3722 557 3789 sie:
570 3748 588 3786 u
602 3718 759 3789 Charitas
773 3721 795 3759 ¹⁰
809 3721 870 3789 Dei
883 3720 1009 3812 diffusa
1021 3733 1069 3790 est
1078 3725 1115 3792 in
1127 3721 1276 3790 cordibus
1290 3721 1410 3789 rwstris
1419 3744 1479 3812 per
1490 3721 1655 3813 Spiritron
1668 3734 1840 3801 sanction,
1854 3720 1903 3810 qu

328 3841 430 3910 dotus
443 3851 492 3908 ert
504 3836 608 3906 nodis.
623 3835 920 3928 Aquodeturtdh
933 3838 992 3907 illo
1003 3838 1064 3930 qui
1080 3837 1169 3907 dedit
1186 3837 1272 3906 dona
1292 3837 1492 3906 homiuibusr
1513 3838 1596 3918 Quae
1618 3836 1729 3905 dona?
1754 3836 1902 3928 Spiritum

329 3963 494 4040 sanctum3
512 3955 571 4046 qui
583 3953 648 4023 talo
662 3953 786 4022 donum
799 3953 866 4041 dat,
885 3953 994 4045 qualis
1007 3961 1056 4023 est
1068 3954 1147 4046 ipse.
1164 3953 1284 4044 Magna
1303 3960 1352 4021 est
1370 3953 1592 4022 misericordia
1604 3952 1676 4044 ejus
1694 3953 1843 4021 :donum
1854 3951 1901 4017 dat

329 4074 391 4142 sibi
404 4071 545 4163 aequale,
560 4069 640 4162 quia
651 4069 777 4138 donum
791 4070 862 4161 ejus
875 4068 1017 4162 Spiritus
1029 4079 1158 4140 sanetus
1172 4078 1230 4138 est.
1246 4096 1263 4136 r
1281 4070 1461 4138 Praemissis
1473 4070 1525 4137 bis
1537 4077 1570 4137 et
1582 4069 1657 4138 aliis
1669 4068 1823 4161 pluribus
1834 4088 1902 4134 auo·

330 4188 528 4273 toritatibus,
543 4193 653 4278 aperte
666 4192 867 4254 monstratur
876 4185 965 4277 quod
977 4186 1120 4278 Spiritus
1135 4195 1265 4256 sanetus
1278 4186 1416 4277 aqualis
1428 4185 1520 4254 Petri
1532 4193 1565 4254 et
1580 4185 1667 4254 Filio
1679 4186 1777 4255 nobis
1789 4185 1899 4253 duur:

268 4378 269 4389 ,
330 4327 389 4375 neo
401 4304 474 4374 ideo
488 4312 598 4372 tumen
617 4302 727 4371 minor
740 4309 788 4371 est
799 4301 896 4371 Patre
908 4310 940 4370 et
954 4301 1052 4371 Filio.
1069 4302 1164 4372 Unde
1181 4303 1388 4392 Augustinus
1400 4311 1433 4389 ¹¹,
1449 4301 1484 4370 in
1501 4310 1620 4395 quarto
1639 4302 1726 4370 libro
1745 4300 1786 4370 de
1807 4299 1901 4369 rrius·-

332 4420 477 4506 tote,eit
494 4443 502 4487 ι
521 4418 626 4487 «Non
639 4417 725 4503 ideo,
742 4418 864 4510 inquit,
880 4418 1041 4487 minorem
1056 4417 1214 4510 Spiritum
1234 4430 1398 4504 sanetum,
1413 4417 1492 4510 quia
1511 4425 1543 4487 et
1559 4439 1637 4486 eum
1658 4417 1759 4486 Pater
1773 4417 1858 4485 misit
1872 4423 1901 4482 e

330 4539 448 4625 Filius,
464 4535 691 4605 arbitrandum
704 4540 763 4602 est.
779 4557 798 4599 r

231 4681 266 4724 aa
275 4679 315 4723 vm
372 4655 435 4723 Hie
449 4652 621 4746 quaeritur,
637 4660 752 4721 utrum
765 4658 797 4720 et
809 4649 874 4719 viri
886 4651 989 4719 saneti
1003 4651 1082 4720 deut
1095 4651 1148 4722 vel
1162 4650 1453 4744 possiutdarealiis
1462 4649 1624 4743 Spiritum
1632 4658 1793 4721 sanetum.
1805 4649 1899 4732 Quem

211 4743 317 4849 ”Eiiild
330 4774 358 4842 si
371 4772 445 4842 eliis
457 4771 548 4853 dant,
564 4791 640 4838 oum
652 4768 725 4861 ejus
736 4766 870 4837 donatio
882 4790 982 4860 supra
995 4767 1038 4836 sit
1046 4767 1132 4836 dieta
1137 4768 1309 4861 processio,
1324 4767 1457 4847 videtur
1469 4767 1511 4836 ab
1523 4768 1570 4836 eis
1582 4767 1757 4860 proaedere
1769 4767 1901 4859 Spiritus

265 4963 271 4984 ‚
301 4869 306 4881 ⁶
487 4888 540 4957 vel
557 4885 643 4955 mitti
658 4883 735 4953 :sed
747 4883 881 4954 Creator
893 4906 914 4952 a
926 4891 1076 4953 ereatura
1088 4907 1155 4954 non
1169 4884 1311 4954 mittitur
1323 4884 1375 4954 rel
1389 4884 1534 4978 procedit
1550 4910 1558 4952 ε
1574 4891 1675 4953 restat
1685 4906 1766 4972 ergo
1781 4892 1817 4952 ut
1835 4882 1899 4973 Sp'r

211 4994 319 5112 ζξζξζῖζ
333 5007 434 5077 ritum
447 5011 596 5075 sanetum
606 5001 670 5095 ipsi
680 5025 748 5072 uon
760 5001 859 5088 dent,
878 5023 938 5069 ner
960 5001 1087 5094 possint
1104 5001 1192 5071 dare.
1208 5001 1305 5071 Unde
1317 5000 1525 5090 Augustinus
1539 5001 1572 5087 ¹²,
1593 5000 1630 5069 iu
1649 5002 1767 5092 quinto
1787 4999 1895 5070 decimo

364 5234 373 5268 ¹
384 5230 495 5297 bug.,de
509 5227 853 5294 ron.,1io.xv‚e.xvr,n.
864 5228 1065 5291 te.-¹rmbr.,
1078 5227 1109 5279 de
1118 5228 1188 5292 δρία
1198 5228 1298 5291 Sancto,
1309 5227 1355 5278 lib.
1369 5230 1391 5291 1,
1402 5242 1425 5279 e.
1437 5238 1464 5277 rr
1473 5232 1498 5278 et
1511 5238 1572 5286 v,u.
1583 5230 1624 5291 53,
1636 5231 1668 5279 st
1681 5231 1707 5278 et
1720 5222 1892 5278 sedito„

333 5313 360 5365 1,
371 5304 395 5355 t.
408 5300 603 5364 -ttmbme
614 5301 682 5364 Sptr.
693 5301 731 5363 S.,
742 5298 787 5350 lib.
800 5301 824 5362 t,
837 5312 863 5348 o.
878 5311 904 5362 r,
917 5312 943 5348 n.
956 5300 986 5350 tr
1001 5306 1027 5349 et
1039 5304 1111 5351 btt-
1121 5300 1222 5363 tuom,
1233 5311 1259 5359 r,
1271 5301 1350 5352 t.-⁸
1359 5299 1457 5361 Ambr„
1468 5297 1541 5360 trid,
1552 5312 1580 5347 u.
1590 5302 1632 5349 tt.
1642 5300 1713 5349 -it
1729 5300 1796 5360 eor,
1810 5305 1850 5351 m,
1859 5296 1889 5341 ¹¹·

334 5373 384 5409 -⁸
395 5372 494 5436 tmhr,
507 5371 580 5434 totu,
594 5383 622 5420 n.
634 5371 673 5421 tt.
683 5396 714 5407 -
729 5369 826 5435 ⁸Aug,
841 5368 871 5419 de
886 5367 952 5419 vert.
973 5370 1043 5421 Dom.
1058 5367 1136 5421 serm.
1150 5382 1206 5421 nur.
1222 5394 1254 5409 -·
1276 5372 1297 5408 ¹⁰
1312 5373 1387 5421 Rom.
1402 5382 1427 5435 v,
1446 5374 1470 5420 5.
1490 5388 1522 5406 -·
1539 5369 1560 5403 '¹
1581 5370 1657 5433 tog,
1670 5370 1701 5420 de
1715 5370 1789 5428 rna,
1803 5365 1841 5416 bb.
1855 5360 1889 5421 tt,

336 5443 508 5504 o.1xr,u.32.
525 5440 943 5506 -121trd.,m.ur,o.nv1,n.
958 5443 996 5492 26.
1012 5467 1044 5479 -
1058 5442 1090 5506 to)
1107 5441 1175 5492 Edit.
1194 5442 1253 5492 Ver.
1271 5441 1414 5507 restringat.
