4100 6300
1002 467 1083 528 ’16

1296 631 1772 701 EXPOSITIO
1811 628 2247 700 LITTERAE.

1434 798 1583 847 Nune
1608 808 1732 847 vero
1759 795 1825 846 ad
1852 807 1990 857 eam,
2010 798 2112 846 etc.

1089 916 1241 983 Haec
1262 922 1359 982 est
1396 916 1675 980 secunda
1695 933 1843 1000 pars
1867 915 2071 998 hujus
2090 915 2541 995 distinctionis,

1009 1024 1079 1088 in
1112 1043 1242 1107 qua
1268 1020 1567 1106 Magister
1588 1023 1816 1107 probat
1840 1022 2213 1088 Trinitatem
2242 1026 2306 1087 et
2332 1021 2546 1088 Unita-

1005 1136 1134 1195 tem
1169 1149 1284 1214 per
1321 1130 1804 1195 similitudinem
1846 1131 2279 1214 propinquam
2325 1134 2388 1194 et
2424 1148 2543 1194 ex-

1004 1256 1287 1321 pressam
1311 1285 1330 1315 ,
1355 1238 1714 1319 cuiusmodi
1741 1242 1835 1302 est
1858 1237 2100 1319 imago.
2135 1237 2214 1303 Et
2238 1237 2546 1303 dividitur

1003 1346 1144 1411 haec
1172 1363 1320 1429 pars
1346 1345 1413 1408 in
1441 1345 1643 1409 duas:
1676 1345 1747 1407 in
1783 1344 1995 1428 prima
2031 1346 2303 1411 ostendit
2329 1345 2547 1410 Trini-

1004 1457 1200 1516 tatem
1241 1457 1304 1517 et
1343 1450 1662 1516 Unitatem
1705 1452 1773 1514 in
1802 1451 2125 1529 Creatore,
2153 1469 2267 1532 per
2304 1451 2547 1515 trinita-

1005 1564 1134 1623 tem
1180 1563 1243 1623 et
1291 1559 1601 1623 unitatem
1637 1558 2104 1622 consideratam
2153 1559 2222 1622 in
2252 1558 2549 1640 potentiis

1007 1667 1284 1744 animae;
1319 1667 1389 1730 in
1425 1665 1704 1731 secunda
1738 1683 1894 1729 vero
1922 1665 1987 1727 in
2020 1665 2380 1746 habit-ibus,
2409 1665 2498 1728 ibi
2527 1686 2541 1729 :

1010 1773 1218 1840 Potest
1253 1775 1445 1840 etiam
1486 1772 1617 1839 alio
1654 1772 1869 1852 modo,
1900 1777 2016 1836 etc.
2063 1772 2278 1837 Prima
2312 1773 2547 1836 iterum

1009 1898 1157 1962 pars
1191 1879 1385 1943 habet
1427 1883 1704 1961 quatuor
1747 1879 2087 1961 particulas
2104 1928 2121 1958 ,
2163 1880 2231 1943 in
2270 1897 2547 1963 quarum

1012 1987 1223 2068 prima
1263 1987 1535 2051 ostendit
1571 1986 1684 2050 ubi
1718 1987 2068 2069 quaerenda
2102 1986 2182 2050 sit
2219 1987 2437 2068 imago
2480 1988 2551 2050 in

1010 2093 1248 2174 anima,
1273 2095 1580 2177 quoniam
1604 2094 1666 2157 in
1696 2100 1875 2178 parte
1900 2095 2236 2177 superiori,
2259 2099 2322 2158 et
2343 2095 2551 2159 tribus

1010 2200 1308 2281 potentiis
1329 2249 1348 2280 ,
1375 2200 1612 2265 scilicet
1637 2199 1975 2281 Memoria,
2002 2201 2426 2283 Intelligentia
2441 2250 2458 2280 ,
2488 2205 2552 2265 et

1011 2305 1380 2387 Voluntate;
1410 2308 1481 2372 in
1519 2308 1799 2374 secunda
1825 2327 1979 2373 vero
2012 2308 2223 2391 tangit
2246 2308 2553 2390 imaginis

1009 2415 1436 2495 conditiones,
1489 2433 1637 2499 quae
1682 2415 2160 2505 sunt‘trinitaS,
2202 2415 2445 2494 unitas»,
2488 2419 2553 2479 et

1008 2522 1359 2604 aequalitas,
1384 2524 1474 2588 ibi
1500 2546 1514 2587 :
1544 2524 1694 2589 Hcec
1719 2538 1863 2607 erqo
1889 2525 2048 2602 tria,
2075 2527 2147 2589 ut
2171 2526 2268 2589 ait
2291 2524 2547 2607 Aequa-

1009 2631 1190 2695 tz'nus
1205 2654 1233 2703 ;
1260 2630 1329 2693 in
1369 2631 1555 2694 tertia
1578 2648 1734 2696 vero
1756 2634 1972 2694 movet
1995 2634 2060 2694 et
2084 2630 2271 2694 solvit
2299 2630 2552 2696 dubita-

1008 2736 1251 2800 tionem
1281 2754 1427 2819 quae
1455 2736 1660 2800 oritur
1687 2754 1770 2801 ex
1796 2736 2149 2819 praedictis‚
2176 2740 2398 2802 utrum
2427 2738 2552 2801 sci-

1007 2843 1153 2908 licet
1179 2843 1401 2908 anima
1443 2844 1525 2907 sit
1563 2862 1699 2909 suae
1737 2844 2069 2927 potentiae,
2106 2845 2193 2909 ibi
2227 2867 2242 2909 ε
2287 2844 2412 2912 Hic
2449 2854 2547 2913 at-

1008 2951 1394 3019 tendendum
1425 2957 1518 3019 est
1553 2952 1931 3036 diliqenter5
1970 2952 2040 3016 in
2074 2956 2303 3036 quarta
2330 2956 2550 3018 autem

1006 3059 1186 3123 docet
1214 3077 1441 3124 cavere
1467 3077 1782 3138 errorem,
1812 3059 1925 3143 qui
1966 3065 2177 3143 posset
2207 3062 2456 3125 causari
2486 3067 2549 3126 et

1005 3169 1160 3233 oriri
1201 3188 1284 3234 ex
1328 3169 1682 3234 ostensione
1723 3168 2027 3233 trinitatis
2067 3175 2293 3234 creatae
2310 3220 2327 3250 ,
2376 3172 2546 3253 quod

1004 3259 1375 3341 omnimoda
1423 3276 1769 3342 similitudo
1817 3280 1978 3341 esset
2024 3276 2104 3341 ad
2153 3277 2501 3342 increatam
2525 3327 2542 3357 ,

1004 3385 1117 3449 ubi
1142 3386 1415 3450 ostendit
1451 3387 1623 3468 quod
1662 3384 1947 3451 maxima
1981 3390 2077 3450 est
2102 3385 2546 3453 dissimilitudo

1003 3492 1314 3575 imaginis
1338 3493 1417 3557 ad
1436 3491 1662 3570 Deum,
1682 3493 1807 3557 ibi:
1836 3493 2279 3560 verumtamen
2296 3502 2542 3563 caveat.

1003 3601 1305 3667 Similiter
1332 3601 1609 3666 secunda
1634 3619 1783 3684 pars
1800 3648 1818 3680 ,
1857 3600 1930 3664 in
1958 3618 2088 3683 qua
2112 3600 2416 3682 Magister
2443 3604 2545 3666 in-

1002 3709 1205 3773 tendit
1249 3708 1640 3790 investigare
1690 3707 2047 3790 imaginem
2103 3708 2173 3771 in
2224 3709 2547 3774 habitibus

1003 3814 1238 3879 animae
1275 3813 1634 3878 secundum
1671 3814 1842 3897 quod
1883 3813 2179 3896 possibile
2217 3818 2339 3890 est,
2386 3816 2546 3881 divi-

1002 3921 1176 3986 ditur
1196 3922 1267 3985 in
1289 3927 1567 4004 quatuor
1594 3921 1972 4003 particulas:
2005 3920 2215 4004 primo
2236 3922 2409 3986 enim
2435 3922 2546 3985 illa

1000 4029 1214 4110 tangit
1235 4028 1303 4090 in
1327 4028 1563 4110 quibus
1584 4028 1802 4110 imago
1826 4027 2153 4093 Trinitatis
2174 4030 2541 4106 attenditur,

998 4152 1148 4216 quae
1184 4138 1338 4199 sunt
1373 4133 1574 4213 Mens,
1602 4133 1857 4214 Notitia,
1887 4139 1951 4199 et
1974 4135 2205 4213 Amor;
2232 4135 2539 4218 secundo,

996 4243 1122 4307 illis
1146 4244 1494 4328 praetactiS,
1524 4245 1797 4310 ostendit
1823 4242 1993 4327 quod
2030 4244 2099 4307 in
2135 4243 2238 4307 his
2272 4244 2542 4310 attendi-

996 4356 1107 4415 tur
1131 4352 1351 4434 imago
1379 4355 1638 4435 propter
1667 4351 2410 4431 consubstantialitatem,
2444 4369 2544 4416 or-

995 4459 1211 4524 dinem
1231 4508 1250 4539 ,
1301 4464 1365 4524 et
1410 4458 1876 4542 aequalitatem,
1924 4458 2015 4522 ibi
2058 4479 2073 4522 ε
2128 4458 2276 4524 Hoec
2327 4466 2542 4526 autem

999 4569 1156 4644 tria,
1187 4571 1341 4645 etc.;
1373 4567 1558 4631 tertio
1588 4567 1864 4632 ostendit
1886 4567 2208 4649 quomodo
2235 4584 2420 4631 mens
2443 4585 2541 4630 ra-

991 4672 1248 4737 tionalis
1281 4675 1351 4738 in
1389 4674 1923 4756 contemplatione
1965 4674 2271 4739 trinitatis
2310 4679 2540 4740 creatae

994 4778 1245 4861 proficit
1281 4779 1359 4843 ad
1410 4780 1752 4845 videndam
1790 4780 1870 4864 (a)
1908 4785 1971 4845 et
2026 4782 2539 4862 cognoscendam

991 4885 1365 4951 Trinitatem
1400 4888 1750 4952 increatam
1780 4888 1847 4951 in
1875 4888 2157 4969 Unitate,
2187 4890 2274 4954 ibi
2308 4912 2323 4955 ε
2356 4891 2538 4957 Mens

991 4995 1213 5077 itaque
1248 4993 1634 5069 rationalis;
1672 4998 1902 5076 quarto
1938 5013 2094 5060 vero
2123 4996 2403 5061 breviter
2436 5015 2541 5061 re-

993 5099 1235 5181 colligit
1281 5116 1430 5181 quae
1473 5117 1670 5182 supra
1710 5106 1860 5164 sunt
1900 5102 2328 5166 demonstrata
2344 5151 2363 5179 ,
2403 5102 2491 5167 ibi
2519 5121 2538 5166 t

996 5206 1389 5290 Quapropter
1402 5205 1615 5288 ,iuxta
1642 5209 1838 5274 istam
1864 5208 2467 5278 considerationem.

1061 5350 1075 5383 ¹
1095 5349 1233 5400 Psal.
1257 5362 1425 5414 nnn,
1453 5353 1533 5401 20.
1553 5377 1616 5388 -
1632 5352 1656 5386 ²
1673 5351 1811 5402 Psal.
1834 5364 2020 5417 xum,
2055 5355 2111 5403 13
2141 5356 2193 5404 et
2212 5355 2293 5404 21.

1058 5439 1129 5505 (a)
1148 5438 1247 5493 Ed.
1272 5440 1389 5492 Ven.
1407 5440 1842 5507 videndum—(b)
1863 5442 2049 5509 Suppte
2061 5444 2291 5509 res.—(c)
2317 5445 2443 5510 Sap.
2460 5446 2533 5497 id.

2160 458 2781 532 SENTENTIARUM
2815 455 2968 523 LIB.
3012 455 3061 520 1.

3257 649 3396 695 DUB.
3436 644 3574 693 vm.

3022 781 3196 844 imago
3221 774 3316 828 Dei
3342 777 3516 825 tamen
3541 774 3836 837 permanet.

2742 909 2972 973 Contra
2994 907 3118 972 hoc
3141 903 3439 988 oincitur
3464 900 3844 966 auctoritate
3872 896 4100 964 Psalm

2654 1016 2921 1083 Domine
2937 1065 2959 1094 ,
3010 1017 3090 1081 in
3132 1012 3396 1078 civitate
3452 1008 3805 1091 imaginem
3851 1019 4075 1071 eorum

2652 1123 2935 1191 nihilum
2964 1120 3231 1204 rediges.

2736 1229 2921 1311 Resp.
2946 1226 3169 1308 Imago
3186 1225 3419 1290 dicitur
3437 1220 3770 1306 dupliciter
3792 1237 3813 1283 ε
3835 1236 3979 1283 uno
3999 1235 4100 1281 mn

2655 1340 2970 1421 quantum
2999 1333 3079 1398 ad
3102 1330 3511 1398 substantiale
3528 1346 3686 1408 esse,
3715 1331 3780 1392 et
3803 1326 3937 1391 hoc
3962 1344 4100 1408 resp

2661 1448 3006 1513 trinitatem
3021 1442 3475 1528 potentiarum,
3492 1444 3556 1505 et
3570 1438 3896 1515 ordinem,
3916 1440 3986 1501 et
4002 1455 4100 1519 aeq

2658 1560 2920 1638 litatem,
2937 1556 3117 1621 etsie
3145 1572 3398 1637 semper
3430 1554 3793 1636 permanet;
3830 1549 3969 1613 alio
3996 1567 4100 1612 mo

2657 1670 2849 1750 prout
2879 1683 3075 1747 supra
3108 1680 3244 1727 esse
3282 1660 3454 1725 addit
3494 1659 3656 1723 bene
3686 1675 3861 1737 esse,
3905 1660 3986 1720 ut
4023 1656 4100 1719 de

2660 1792 2822 1852 rem,
2852 1778 2915 1836 et
2940 1771 3254 1835 honorem
3270 1817 3287 1846 ,
3310 1770 3374 1832 et
3394 1766 3518 1830 hoc
3543 1768 3748 1848 potest
3774 1763 3996 1847 perdi,
4023 1780 4100 1844 qu

2661 1885 2843 1951 homo
2858 1932 2880 1964 ,
2910 1900 3053 1949 cum
3084 1884 3161 1948 in
3188 1880 3418 1946 honore
3452 1883 3611 1945 esset
3628 1924 3651 1957 ,
3681 1891 3816 1943 non
3855 1875 4100 1943 intelle-¹

3285 2070 3424 2116 DUB.
3471 2067 3564 2113 lx.

2968 2188 3219 2242 Memoria
3240 2200 3365 2239 vero
3390 2186 3575 2237 dicitur
3597 2184 3665 2236 ad
3685 2184 3897 2250 aliquid.

2740 2298 3092 2398 objicitur:
3139 2311 3315 2395 Ergo
3359 2310 3665 2376 Memoria
3680 2358 3697 2387 ,
3743 2310 4100 2392 lnteuigem

2661 2426 2726 2486 et
2750 2421 3058 2487 Voluntas
3076 2420 3313 2486 suntin
3336 2417 3832 2502 praedicamento
3857 2418 4100 2482 relatio]

2662 2526 2822 2591 Item
2858 2526 3215 2608 quaeritur:
3262 2541 3462 2607 quare
3499 2540 3683 2586 mens
3727 2521 3969 2585 dicitur
4003 2540 4100 2585 ma

2663 2634 2744 2699 ad
2775 2652 2841 2698 se
2858 2683 2876 2712 ,
2911 2652 3108 2715 quam
3136 2631 3479 2707 memoria,
3507 2628 3613 2695 vel
3644 2627 4100 2710 intelligentia·⁴

2744 2741 2929 2824 Resp.
2966 2739 3317 2804 Dicendum
3350 2737 3523 2821 quod
3556 2736 3629 2820 (b)
3680 2736 3920 2800 dicitur
3961 2737 4049 2801 ad
4083 2754 4100 2799 ε

2663 2848 2818 2932 quid
2844 2847 3212 2930 dupliciter:
3239 2844 3342 2909 vel
3369 2845 3656 2928 proprie,
3682 2847 3748 2907 et
3773 2862 3890 2926 per
3914 2863 4017 2921 se,
4048 2844 4098 2906 si

2662 2956 2869 3033 Pater,
2895 2958 2958 3019 et
2980 2953 3208 3032 Filius;
3237 2952 3345 3017 vel
3369 2951 3612 3017 ratione
3634 2950 3918 3033 alicujus
3943 2970 4100 3015 anne

2660 3063 2812 3145 quia
2839 3062 3029 3125 habet
3059 3063 3421 3144 respectum
3451 3076 3814 3138 annexum,
3844 3063 3912 3122 et
3938 3058 4100 3122 inc-li]

2660 3171 2937 3250 tionem,
2968 3173 3031 3233 et
3069 3169 3159 3232 sic
3193 3167 3504 3232 memoria
3536 3166 3770 3231 dicitur
3802 3166 3888 3231 ad
3925 3166 4100 3249 aliqu

2658 3277 2813 3359 quia
2857 3278 3154 3341 innatum
3189 3275 3384 3339 habet
3432 3277 3792 3357 respectum
3837 3274 3919 3337 ad
3961 3292 4100 3338 men

2657 3384 2855 3448 riale:
2889 3384 3183 3448 similiter
3209 3381 3630 3463 intelligentia
3657 3381 3739 3444 ad
3764 3381 4100 3462 intelligibi

2660 3496 2725 3556 et
2742 3492 3038 3557 voluntas
3056 3491 3138 3555 ad
3154 3489 3435 3566 volibile,
3452 3492 3518 3552 et
3528 3488 3928 3569 haecobJecta
3945 3489 4026 3552 ad
4042 3489 4100 3551 in

2640 3596 2796 3664 ‘cem
2831 3599 3071 3663 habent
3094 3601 3476 3680 respectum.
3494 3594 3573 3661 Et
3594 3595 3685 3659 sic
3709 3598 3889 3677 patet
3901 3595 4100 3677 object

2737 3706 2837 3770 Ad
2872 3705 3025 3770 illud
3061 3704 3236 3788 quod
3260 3704 3577 3788 quaeritur
3600 3703 3680 3768 de
3706 3708 3957 3782 mente,
3988 3704 4100 3767 diet

2656 3814 2811 3878 dum
2847 3813 3021 3896 quod
3059 3831 3242 3877 mens
3285 3812 3517 3876 dicitur
3541 3813 3624 3875 ab
3656 3815 3810 3877 actu
3842 3812 4100 3877 essentia

2652 3926 2987 4004 propterea
3006 3925 3101 3985 est
3118 3919 3607 4002 intelligendum
3626 3919 3800 4002 quod
3823 3920 3926 4002 (a),
3953 3938 4081 4002 quo

2654 4034 2861 4111 potest
2897 4028 3169 4110 intelligi
3195 4029 3266 4092 in
3299 4032 3617 4111 quantum
3646 4027 3755 4091 dat
3794 4028 4035 4094 animae
4061 4047 4100 4092 e

2653 4136 3209 4218 generalissimum
3225 4183 3244 4214 ,
3272 4138 3336 4199 et
3368 4134 3462 4199 sic
3486 4134 3718 4199 dicitur
3745 4135 4052 4213 essentia3
4090 4155 4100 4178 ¹

2653 4245 2722 4308 in
2748 4248 3067 4328 quantum
3095 4243 3201 4307 dat
3225 4260 3361 4307 esse
3397 4241 3694 4324 generale
3711 4290 3730 4318 ,
3759 4246 3827 4306 et
3851 4241 3943 4305 sic
3966 4243 4100 4307 dicit

2652 4351 2817 4431 vita,
2845 4351 2999 4434 quia
3027 4350 3246 4415 anima
3271 4353 3365 4412 est
3408 4348 3479 4413 in
3517 4366 3756 4431 genere
3795 4349 4100 4414 viventim

2651 4458 2851 4523 autin
2879 4462 3196 4540 quantum
3219 4458 3330 4523 dat
3352 4474 3487 4522 esse
3512 4457 3863 4540 spirituale,
3889 4463 3954 4522 et
3979 4457 4100 4521 sic«

2651 4554 3036 4632 citur‘menS.
3059 4564 3236 4629 Mens
3256 4564 3431 4629 enim
3449 4581 3582 4629 non
3605 4563 3860 4640 dicitur,
3882 4565 4002 4628 nisi
4020 4583 4100 4647 qu

2653 4674 2817 4739 vivit
2842 4674 2974 4738 vita
2995 4672 3395 4738 intellectiva.
3424 4672 3537 4737 Vel
3577 4671 3800 4738 anima
3824 4673 3893 4738 in
3934 4693 4001 4738 se
4030 4674 4100 4738 di«

2649 4776 2757 4848 tu'r
2780 4781 3087 4862 essentia3
3114 4785 3192 4846 ut
3212 4784 3391 4847 actus
3414 4780 3716 4864 eorporis,
3745 4781 3915 4857 vita3
3948 4786 4019 4846 ut
4044 4799 4100 4864 p<

2646 4890 2940 4955 sectibilis
2966 4908 3005 4954 a
3034 4889 3189 4966 Deo,
3225 4907 3428 4953 mens,

3288 5082 3427 5129 ΗΠΒ.
3468 5083 3538 5129 X.

2938 5201 2999 5250 ln
3023 5199 3109 5251 illa
3134 5213 3259 5251 vero
3289 5212 3491 5251 summa
3512 5199 3779 5266 Trinitate,
3801 5204 3903 5253 etc.

2731 5318 2948 5385 Innuit
2987 5320 3312 5404 Magister,
3356 5321 3527 5406 quod
3568 5325 3699 5387 tres
3740 5339 4026 5406 personae
4049 5339 4100 5386 n«

2650 5431 2803 5494 sunt
2833 5429 3028 5494 unius
3052 5428 3185 5494 Dei.
