4100 6300
415 494 473 555 ata
981 484 1291 552 SENTENTIARUM
1311 484 1386 551 LlB.
1409 485 1433 550 1.

295 652 402 724 „sterp-
415 625 493 711 lius,
507 622 562 693 vel
575 623 685 710 Pater,
700 621 824 715 Spiritu
836 629 958 710 sancto,
973 643 1034 690 nec
1048 620 1205 713 majorem
1219 620 1399 714 potentiam
1412 618 1535 688 habent
1548 618 1616 687 duo
1629 618 1682 687 rel
1692 625 1751 687 tres
1760 618 1847 708 simul,
1856 645 1914 716 qun

294 715 402 833 'isshffl'
417 739 569 831 singulus
584 761 699 808 eorum
716 762 723 806 ε
740 739 819 830 quia
837 761 897 807 nec
916 738 991 831 plus
1010 745 1116 830 potest
1135 737 1234 806 Pater
1247 745 1279 806 et
1290 735 1397 806 Filius
1410 735 1523 823 simul,
1537 757 1639 828 quam
1653 734 1738 804 solus
1749 734 1916 827 Spiritusne

304 842 394 938 &llll
418 863 490 943 tus;
506 878 567 924 nec
580 855 616 924 hi
631 863 697 924 tres
710 853 808 924 simul
825 855 900 947 plus
914 863 1052 946 possunt
1069 877 1169 946 quom
1184 853 1337 943 singulus
1349 875 1461 922 eorum
1480 877 1488 920 ε
1503 851 1584 944 quia
1596 851 1849 943 omnipotentiam,
1860 879 1916 947 qun

305 958 371 1001 ‘³⁰⁰⁰'
416 972 514 1041 habet
525 972 623 1040 Pater
639 980 672 1039 et
689 971 796 1039 Filius
815 971 936 1062 accepit
961 970 1145 1056 nascendo,
1161 976 1193 1039 et
1205 970 1349 1063 Spiritus
1361 978 1493 1039 sanctus
1506 967 1718 1063 procedendo.
1733 969 1813 1050 Quod
1822 973 1917 1061 Augusti

416 1112 480 1157 nus
494 1098 503 1133 ¹
519 1086 701 1160 rationibus
723 1094 755 1155 et
774 1086 1023 1155 auctoritatibus
1042 1086 1255 1178 probabiliter
1275 1087 1392 1156 astruit
1416 1087 1451 1155 in
1474 1086 1560 1156 libro
1585 1085 1680 1156 tertio
1699 1088 1808 1157 Contra
1823 1090 1918 1158 lludoi

416 1228 508 1288 num,
529 1203 589 1296 qui
601 1203 730 1273 dicebat
744 1204 876 1273 Patrem
889 1202 1072 1290 meliorem,
1088 1227 1125 1272 ac
1136 1203 1352 1296 potentiorem
1366 1203 1464 1273 Filio.

311 1353 358 1397 a..
369 1366 405 1409 ,a
465 1319 596 1408 «Nihil,
611 1320 732 1413 inquit,
746 1320 844 1388 Patre
858 1319 969 1388 minus
982 1318 1081 1388 hahet
1094 1319 1151 1388 ille
1164 1319 1223 1412 qui
1236 1320 1315 1388 dicit
1328 1321 1356 1387 ἰ
1376 1319 1499 1388 Omnia
1514 1318 1694 1412 qoaehadct
1704 1323 1917 1403 Patenmeoaut.
1978 1368 1979 1380 ι

306 1416 501 1521 ΪζζῗιΝιιιι
515 1437 668 1506 siminus
685 1436 784 1505 habet
802 1436 837 1504 iu
857 1443 1013 1531 potestate
1035 1435 1163 1528 aliquid
1186 1459 1287 1529 quarn
1310 1437 1421 1522 Pater,
1437 1459 1504 1506 non
1517 1445 1597 1505 sunt
1609 1436 1681 1527 ejus
1693 1437 1793 1505 omnia
1802 1435 1920 1529 quelibet

319 1539 384 1655 2⁵3„
416 1555 525 1623 Pater.
551 1553 616 1623 Sed
643 1553 714 1646 ejus
733 1561 811 1622 sunt
828 1553 940 1622 omnia
958 1575 1034 1646 quae
1058 1551 1157 1622 habet
1177 1553 1276 1621 Peter
1291 1576 1300 1620 ι
1315 1561 1440 1622 tantam
1462 1575 1539 1644 ergo
1557 1553 1657 1622 habet
1680 1552 1920 1645 patescentis

315 1664 385 1708 Μ’·
418 1677 575 1761 quantam
590 1669 698 1738 Pater.
714 1693 732 1733 u
748 1669 902 1762 AEqualis
919 1691 998 1758 ergo
1012 1676 1061 1737 est
1073 1668 1181 1754 Patri;
1197 1690 1265 1738 non
1279 1668 1367 1737 enim
1381 1676 1485 1762 potest
1509 1669 1568 1762 qui
1588 1669 1729 1761 accepit,
1743 1668 1921 1760 inequalem

418 1786 448 1853 ei
472 1787 530 1878 qui
551 1785 653 1855 dedit.
675 1786 726 1854 Tu
748 1790 885 1854 autem⁸
904 1784 996 1853 «hoc
1012 1784 1054 1854 de
1073 1784 1219 1878 potentia
1240 1784 1328 1877 sapis
1350 1785 1440 1878 quod
1452 1794 1567 1879 potens
1580 1785 1622 1854 sit
1635 1785 1752 1871 Filius,
1765 1784 1922 1876 sedpoteuia

417 1901 534 1989 Pater;
550 1910 588 1969 ut
601 1902 781 1970 seeundum
796 1901 978 1970 doctrinam
991 1909 1134 1970 vestram
1147 1908 1263 1994 potens
1283 1909 1448 1993 potentem
1462 1902 1606 1994 potuerit
1618 1923 1773 1991 generare
1780 1901 1823 1968 vel
1833 1901 1922 1989 Ques

418 2025 449 2086 et
462 2039 528 2086 uon
543 2017 750 2111 omnipotens
760 2018 1033 2109 omnipotentem.
1048 2018 1156 2086 Habet
1164 2039 1242 2108 ergo
1254 2018 1353 2086 Pater
1365 2018 1639 2110 omnipotentiam
1649 2040 1746 2110 quarn
1758 2038 1815 2086 non
1825 2014 1924 2085 hohetle

405 2135 507 2217 lius:
523 2140 555 2202 et
571 2134 598 2203 si
611 2133 673 2203 hoc
689 2142 748 2219 est,
764 2133 884 2202 falsum
898 2140 946 2201 est
959 2133 1049 2226 quod
1062 2134 1109 2202 ait
1124 2134 1230 2202 Filius
1247 2159 1254 2201 :
1274 2134 1398 2204 Omnia
1412 2158 1484 2226 quae
1498 2135 1597 2204 habet
1612 2139 1723 2220 Pater,
1736 2157 1802 2202 meo
1812 2145 1875 2201 sint.

264 2225 267 2230 ¹
309 2276 357 2321 1100
366 2289 404 2320 ve·
462 2275 479 2315 o
498 2248 582 2335 Sed,
598 2249 730 2342 inquis,
748 2250 845 2318 Pater
859 2249 1216 2341 potentiamanemine
1234 2251 1355 2342 accepit
1367 2303 1376 2338 ,
1391 2250 1497 2320 Filius
1509 2258 1620 2320 autem
1640 2273 1660 2320 a
1682 2249 1925 2319 Panormus
1978 2283 1979 2298 ι

298 2340 405 2445 mildi*
418 2390 478 2437 nos
490 2367 614 2436 Filium
640 2368 798 2459 accepisse
818 2367 996 2458 potentiam
1018 2366 1136 2436 abillo
1159 2366 1200 2435 de
1222 2389 1289 2459 quo
1303 2374 1400 2436 natus
1414 2374 1462 2436 est
1474 2376 1589 2459 potens
1604 2392 1612 2435 ε
1630 2368 1721 2436 Patri
1733 2387 1801 2435 vero
1812 2361 1925 2457 potentian
1978 2371 1979 2374 ’

307 2461 398 2575 ffl}
419 2483 534 2553 nullus
546 2482 647 2570 dedit,
662 2484 742 2576 quia
755 2483 869 2552 nullus
881 2506 957 2552 eum
972 2484 1098 2574 genuit.
1115 2483 1288 2575 Giguendo
1301 2483 1389 2553 enim
1406 2483 1496 2553 dedit
1508 2484 1605 2553 Pater
1615 2483 1787 2575 potentiam
1798 2480 1927 2566 Filiam
1978 2517 1979 2552 l

297 2597 406 2708 qgssgssfl*
419 2600 543 2686 omnia,
558 2623 633 2692 quae
646 2600 745 2669 hahet
757 2601 792 2668 in
807 2586 990 2669 substantia
1002 2623 1074 2689 sua,
1089 2600 1256 2691 gignendo
1271 2600 1359 2670 dedit
1373 2601 1415 2690 ei,
1431 2602 1661 2694 quemgenuit
1683 2600 1722 2670 de
1734 2598 1926 2668 substantiam.

298 2708 362 2752 'mu‘
377 2710 406 2753 'd
466 2741 485 2781 ιι
500 2706 565 2785 Sed
578 2717 751 2808 quaeritur,
767 2724 881 2786 utrum
893 2716 923 2785 ei
937 2725 1082 2804 tantam,
1098 2727 1222 2809 quanta
1243 2716 1306 2811 ipsi
1320 2725 1379 2804 est,
1395 2717 1574 2810 potentiam
1593 2718 1694 2785 Pater
1705 2716 1783 2784 Filio
1799 2713 1927 2795 dederitau

299 2771 360 2815 iulia.

300 2852 405 2957 Apus-ppo
419 2832 592 2902 minorem.
604 2832 787 2919 Simulum,
802 2855 869 2901 nou
881 2833 988 2902 solum
1000 2841 1178 2924 potentem,
1193 2833 1356 2903 sedetiam
1371 2834 1628 2927 omnipotentem
1642 2834 1785 2924 genuisse
1793 2829 1929 2921 omnipotm

312 2927 392 3030 u‘qu
419 2948 635 3037 intelligitur3
652 2948 679 3016 si
694 2971 773 3018 vero
789 2949 964 3035 minorem,
981 2972 1048 3040 quo
1062 2949 1159 3017 modo
1173 2950 1284 3018 omnia
1297 2973 1372 3041 quae
1385 2949 1483 3019 hahet
1494 2950 1604 3038 Pater,
1619 2950 1701 3018 Filii
1714 2957 1785 3018 sunt
1795 2952 1822 3014 ‘t
1834 2943 1929 3014 sitm

311 3042 395 3144 iffi.
420 3066 658 3161 omnipotentia
675 3066 753 3135 Filii
776 3089 844 3134 non
864 3075 925 3153 est,
940 3088 1009 3134 non
1031 3065 1143 3135 omnia
1160 3065 1402 3160 proculdubio,
1421 3089 1497 3159 quae
1519 3066 1618 3135 habet
1632 3067 1740 3152 Peter,
1754 3064 1818 3132 Filii
1834 3069 1894 3132 snut
1906 3061 1929 3125 lt

312 3175 369 3209 ‘¹¹⁰²'
420 3184 529 3254 omnia
545 3206 621 3276 quaa
635 3182 733 3252 hahet
745 3184 855 3269 Pater,
870 3183 951 3252 Filii
969 3191 1048 3251 sunt
1064 3207 1072 3251 z
1088 3182 1326 3275 omnipotentia
1347 3206 1425 3273 ergo
1442 3183 1549 3254 Patris
1570 3183 1672 3254 etiam
1690 3191 1737 3253 est
1755 3180 1821 3251 Filii
1832 3204 1839 3247 ι
1851 3182 1930 3247 umet

420 3323 499 3390 ergo
511 3301 609 3369 Pater
622 3300 785 3393 potentior
797 3299 895 3369 Filio.
923 3324 940 3364 a

328 3431 399 3475 Aliter
463 3418 545 3486 ltem
559 3418 624 3486 alio
638 3416 735 3486 modo
751 3416 867 3508 probat
880 3415 1004 3485 Filium
1018 3415 1180 3508 aequalem
1193 3416 1284 3485 Patri
1297 3424 1410 3486 contra
1422 3415 1645 3486 Maximinum
1658 3470 1667 3503 ,
1681 3417 1727 3485 ita
1741 3415 1853 3486 dicens·
1865 3436 1871 3477 :
1885 3406 1930 3473 eli

312 3494 394 3600 lilii
419 3533 498 3603 dicis
516 3533 605 3625 quod
623 3533 721 3602 Pater
743 3533 859 3623 genuit
871 3532 992 3601 Filium
1008 3532 1169 3602 minorem
1186 3532 1303 3626 seipso,
1317 3533 1352 3603 in
1366 3557 1433 3626 quo
1448 3541 1480 3602 et
1491 3532 1582 3602 Patri
1595 3533 1750 3624 derogas3
1764 3531 1815 3624 qni
1826 3524 1928 3597 alliu

298 3625 406 3727 ppppem
419 3649 555 3719 unicum
571 3649 731 3718 minorem
746 3649 874 3739 genuit,
889 3657 1027 3717 autnon
1041 3649 1161 3741 potuit,
1174 3657 1311 3718 autnon
1326 3648 1432 3719 voluit
1444 3649 1579 3739 gignere
1592 3649 1765 3742 equalem.
1776 3647 1807 3715 Si
1813 3637 1929 3730 dieisqu

419 3789 486 3835 non
500 3766 619 3853 voluit,
635 3789 712 3835 eum
725 3765 878 3834 invidum
892 3789 960 3834 esse
973 3765 1101 3852 dixisti3
1118 3764 1146 3833 si
1155 3773 1265 3834 autem
1278 3789 1346 3834 non
1356 3765 1475 3858 potuit,
1491 3764 1549 3833 uhi
1561 3774 1609 3833 est
1623 3755 1929 3858 omnipotentialleile

418 3882 501 3950 trist
515 3882 655 3951 Prorsus
667 3881 708 3951 ad
725 3882 815 3950 hunc
827 3880 1004 3951 articulum
1023 3903 1074 3950 res
1096 3881 1276 3973 colligitur,
1292 3891 1329 3949 ut
1343 3881 1430 3950 Deus
1442 3881 1539 3951 Pater
1552 3882 1718 3975 aequalem
1732 3880 1786 3948 sibi
1797 3877 1893 3969 gignere
1900 3870 1927 3937 ll

284 4086 287 4093 Ι
417 3996 514 4087 lium,
534 4006 679 4067 autnon
700 3998 859 4091 potuerit,
876 4006 934 4068 aut
955 3996 1110 4066 noluerit.
1135 3997 1173 4067 Si
1194 4021 1261 4068 non
1283 3998 1405 4089 potuit,
1425 3997 1605 4066 infirmus:
1627 3998 1656 4065 si
1674 3987 1929 4082 uoluentem

418 4113 562 4182 venitur.
579 4113 644 4184 Sed
658 4121 838 4206 utrumque
851 4114 912 4183 hoc
925 4114 1048 4183 falsum
1058 4122 1106 4183 est
1123 4114 1232 4183 :Patri
1246 4136 1324 4203 ergo
1338 4114 1444 4183 Filius
1457 4136 1555 4182 verus
1566 4114 1709 4207 aequalis
1723 4121 1775 4182 est.
1786 4106 1877 4180 Genuit
1887 4122 1929 4189 630

416 4229 515 4298 Pater
527 4229 591 4298 sihi
603 4229 765 4322 aequalem
778 4230 916 4316 Filium,
932 4239 965 4299 et
981 4232 1023 4299 ah
1037 4239 1180 4322 utroque
1194 4230 1337 4322 procedit
1351 4229 1485 4322 utrique
1497 4230 1637 4321 aequalis
1652 4229 1788 4322 Spiritus
1798 4232 1897 4296 eandm
1909 4216 1927 4282 51

416 4346 505 4415 enim
525 4346 666 4415 formam
684 4369 778 4416 suam
795 4348 853 4439 (ut
865 4347 912 4416 ait
925 4347 1134 4436 Augustinus
1147 4355 1261 4416 contra
1274 4347 1466 4439 eumdemtl
1482 4347 1581 4415 Pater
1602 4347 1641 4416 in
1655 4346 1751 4416 unico
1766 4344 1836 4414 Filio
1850 4339 1927 4433 plenu

415 4463 550 4554 gignere
563 4464 683 4556 potuit,
699 4487 759 4533 nec
773 4472 881 4533 tamen
893 4464 1026 4556 plenam
1046 4463 1178 4553 genuit,
1198 4462 1256 4532 sed
1270 4463 1444 4548 minorem,
1459 4462 1617 4553 cogimini
1640 4464 1767 4532 Putrem
1784 4448 1928 4531 inmuni

415 4601 498 4650 cere.
514 4581 656 4650 Plenum
670 4602 749 4670 ergo
762 4580 881 4665 Deum,
900 4588 931 4649 et
944 4579 1107 4672 aequalem
1122 4580 1185 4648 sibi
1197 4572 1312 4669 genuit
1324 4578 1460 4647 Filium.
1477 4604 1495 4645 o

295 4697 403 4806 mm·
459 4698 529 4766 Hoc
552 4705 663 4767 autem
684 4719 744 4790 per
766 4696 1018 4766 similitudinem
1040 4695 1221 4766 humanam
1242 4696 1289 4764 ita
1312 4718 1380 4765 esse
1399 4695 1617 4782 demonstrat,
1643 4695 1827 4789 inquiens²:
1844 4682 1926 4754 «flul

295 4775 402 4935 quppffin
415 4812 552 4881 Pater'si
566 4813 745 4904 potuisset,
772 4814 933 4907 equalem
952 4813 1076 4882 Filium
1090 4813 1266 4904 genuisset.
1283 4813 1364 4896 Quis
1378 4835 1456 4903 ergo
1469 4813 1589 4882 audeat
1601 4813 1711 4883 dicere
1723 4810 1801 4905 quod
1812 4798 1926 4875 tami

296 4944 401 4988 minorem
415 4937 530 5021 potens
542 4951 610 4998 non
624 4930 754 5022 potuit?
769 4930 864 4998 Addo
877 4929 975 4999 etiam
989 4984 998 5015 ,
1014 4930 1041 4997 si
1056 4939 1162 5022 posset
1173 4929 1294 5016 homo,
1309 4928 1466 5025 majorem
1489 4928 1728 5022 melioremque
1739 4928 1827 5019 seipso
1838 4918 1925 5012 gitffll

320 5006 383 5049 Peter

309 5066 393 5185 punam
414 5043 537 5115 lilium.
561 5045 626 5115 Sed
640 5046 748 5139 majus
766 5047 820 5116 vel
834 5046 954 5116 melius
966 5046 1034 5115 lleo
1048 5045 1231 5139 quidquam
1245 5068 1394 5115 essenon
1415 5052 1530 5138 potest.
1547 5045 1639 5116 Deus
1651 5068 1729 5137 ergo
1740 5049 1923 5122 currictico*t

448 5280 536 5345 ¹dug.,
550 5280 622 5333 Ceut.
637 5279 787 5343 Mummio„
801 5279 845 5332 lib.
861 5281 911 5344 lll,
925 5281 960 5332 nl.
974 5282 1011 5344 11,
1026 5296 1050 5330 c.
1060 5293 1120 5343 xit,
1135 5294 1161 5331 ιι.
1172 5284 1186 5331 ’1
1201 5283 1227 5332 ct
1239 5284 1263 5333 9.
1275 5306 1305 5319 -
1315 5281 1415 5341 ¹tono„
1430 5291 1484 5345 xvi,
1496 5283 1535 5331 15.
1546 5308 1578 5318 -
1587 5279 1598 5315 ¹
1608 5284 1688 5346 Aug„
1701 5278 1768 5339 idid..
1780 5291 1800 5328 r„
1812 5270 1897 5345 mall*
1908 5282 1920 5294 ‘

414 5348 509 5414 *Apud
517 5352 624 5417 August.
638 5352 675 5403 sic
685 5367 692 5403 ι
704 5351 862 5412 «Quomodo
876 5365 1043 5417 quincumque
1054 5353 1129 5403 Pater
1137 5351 1205 5416 tecit,
1215 5351 1271 5402 hae
1281 5355 1306 5402 et
1316 5352 1393 5402 Filios
1402 5351 1518 5402 similiter
1529 5351 1609 5403 incitt
1618 5354 1690 5399 »Δ
1698 5355 1767 5413 Aua,
1776 5342 1920 5399 eost-¹⁶⁸¹*

415 5418 460 5469 ιιι.
471 5421 515 5484 ιιι,
525 5422 559 5472 ιι.
570 5422 601 5485 ιι,
612 5434 693 5489 eur,
706 5428 732 5474 ea
746 5421 791 5473 ru.
805 5422 895 5473 reare.
905 5422 1030 5475 ιιιιιιιιιι
1044 5424 1144 5486 oaesi,
1156 5437 1182 5488 q.
1193 5423 1365 5488 u-rraem,
1380 5423 1451 5475 cone.
1463 5423 1663 5486 umorem.
1678 5423 1720 5487 ur,
1730 5420 1760 5471 o.
1771 5406 1921 5483 opust·

415 5489 510 5555 uara,
525 5505 552 5541 n.
566 5495 590 5543 s.
