4100 6300
487 465 836 532 assumimur.
860 467 897 532 u.
921 466 1010 532 aar.
1034 468 1226 544 lonast.
1249 468 1288 534 11.
1379 435 1383 441 ’
1638 479 1698 539 aaa

102 599 175 664 bus.
197 598 248 665 Sic
265 602 296 664 et
307 604 522 682 augmentum
541 602 656 667 dicitur
673 603 840 686 dupliciter
861 626 869 667 ε
925 622 983 686 per
1002 622 1200 687 consequens
1219 605 1259 668 ad
1278 605 1488 671 substantiam
1506 609 1697 676 terminatur

101 707 250 788 proprie,
275 707 392 771 scilicet
415 709 592 774 secundum
616 709 870 791 magnitudinem
925 712 1022 775 etiam
1034 713 1069 774 in
1081 710 1308 793 corporalibus.
1323 711 1363 776 Et
1373 731 1430 793 per
1438 713 1500 778 hoc
1511 720 1597 798 patet
1608 720 1696 801 quod

101 813 211 892 molis;
226 818 257 877 et
270 815 503 898 metaphorice,
515 817 690 881 secuudum
710 817 871 900 quantita·
926 818 1086 900 objicitur,
1101 819 1188 900 quod
1203 836 1269 882 non
1282 823 1423 900 augetur
1432 823 1608 887 secundum
1623 825 1697 889 sub

100 927 166 986 tem
179 926 306 992 virtutis
318 947 325 989 :
337 942 411 989 cum
422 941 501 1004 ergo
512 924 548 987 in
558 923 708 988 charitate
718 925 758 987 sit
770 942 871 1005 quan-
925 926 1074 988 stantiam
1086 947 1094 988 :
1105 944 1220 989 verum
1234 929 1292 1002 est,
1309 927 1337 990 si
1350 927 1431 992 dicat
1444 930 1621 994 terminum
1635 932 1696 996 ior·

100 1030 173 1094 titas
192 1033 338 1108 virtutis,
359 1036 392 1097 ct
415 1050 482 1095 non
502 1031 537 1094 in
554 1048 702 1112 summo,
725 1034 872 1096 constans
925 1032 1042 1097 malem
1067 1053 1075 1096 :
1099 1033 1154 1098 sed
1180 1051 1264 1114 non,
1289 1035 1315 1097 si
1338 1033 1414 1098 dicit
1438 1037 1613 1102 terminum
1638 1058 1696 1122 per

100 1143 148 1203 est
169 1140 356 1206 charitatem
375 1138 488 1219 augeri
510 1156 610 1219 posse.
634 1137 774 1220 Rursus,
795 1157 871 1203 cum
924 1141 1080 1206 accidens.

99 1247 205 1311 virtus
216 1249 257 1313 sit
270 1249 355 1314 idem
369 1247 454 1331 quod
468 1246 643 1310 substantia
653 1244 826 1322 charitatis,
840 1250 871 1311 et
965 1252 995 1311 ι.
1017 1248 1067 1313 Ad
1084 1248 1163 1313 illud
1181 1248 1267 1331 quod
1284 1249 1450 1330 objicitur,
1469 1274 1485 1312 a
1504 1252 1590 1333 quod
1610 1272 1694 1337 aug·

99 1354 140 1418 sit
152 1356 315 1438 quantitas
327 1356 468 1432 virtutis,
478 1354 554 1419 binc
565 1354 706 1436 estquod
717 1354 871 1418 deneces·
925 1359 1087 1420 mentatur
1096 1356 1272 1421 secundum
1280 1357 1500 1437 substantiam,
1509 1362 1543 1422 et
1551 1364 1694 1426 mutatur

99 1463 190 1527 sitate
203 1464 349 1546 sequitur
361 1462 548 1527 charitatem
567 1462 682 1544 augeri
693 1462 870 1526 secundum
924 1462 1100 1527 secundum
1126 1463 1351 1544 substantiam3
1377 1485 1392 1522 a
1423 1464 1592 1531 dicendum
1617 1470 1694 1550 quia

99 1570 330 1635 substantiam:
344 1571 520 1636 cumcuim
533 1569 701 1646 sitvirtus,
715 1572 785 1650 etus
797 1569 871 1633 sub·
923 1572 971 1633 rei
992 1589 1059 1635 non
1078 1573 1205 1634 tantum
1224 1574 1271 1635 est
1293 1589 1360 1635 esse
1382 1573 1611 1654 substantiale,
1638 1578 1693 1642 sed
1715 1561 1718 1566 ’

98 1678 216 1742 stantia
227 1696 295 1742 non
307 1684 355 1742 est
366 1677 429 1741 alia
441 1696 462 1741 a
474 1677 603 1742 virtute.
924 1679 1020 1743 etiam
1034 1670 1208 1761 perfectum
1217 1695 1295 1743 esse.
1306 1678 1422 1743 Mutari
1429 1698 1508 1762 ergo
1516 1683 1693 1748 secundum

139 1789 169 1848 l.
186 1786 238 1851 Ad
250 1785 330 1851 illud
343 1804 422 1868 ergo
435 1785 521 1868 quod
534 1785 683 1866 oincitur
695 1785 729 1849 in
745 1789 871 1849 contra·
924 1786 1149 1861 substantiam,
1163 1786 1225 1849 hoo
1238 1789 1340 1867 potest
1355 1805 1423 1851 esse
1436 1787 1603 1870 dupliciter
1618 1813 1625 1853 :
1641 1792 1694 1856 vel

99 1894 187 1958 rium
210 1892 297 1976 quod
310 1893 447 1956 essentia
459 1892 571 1956 tormae
580 1892 590 1928 ¹
600 1897 648 1956 est
661 1892 868 1971 invariabilis,
924 1897 1069 1976 respectu
1082 1911 1149 1957 esse
1162 1893 1362 1975 simpliciter,
1375 1895 1462 1957 etsie
1474 1900 1635 1961 mutatum
1647 1902 1694 1963 est

99 2001 273 2066 dicendum
285 2000 371 2082 quod
383 2017 497 2065 verum
510 2003 558 2063 est
569 1999 609 2063 de
621 2000 724 2063 torma
737 2000 870 2064 univer·
924 2000 1029 2079 aliud,
1044 2004 1076 2064 ct
1094 2000 1198 2078 aliud;
1219 2000 1272 2065 vel
1290 2005 1434 2083 respectu
1458 2020 1525 2066 esse
1547 2005 1691 2086 perfecti,

99 2108 173 2185 sali;
189 2108 218 2171 si
239 2112 347 2172 autem
366 2106 491 2171 dicatur
512 2106 551 2170 de
574 2107 676 2170 forma
695 2106 868 2188 singulari,
924 2110 1000 2191 quia
1012 2127 1089 2172 cum
1106 2109 1145 2172 de
1166 2109 1349 2191 imperfecto
1366 2110 1403 2172 tlt
1419 2109 1613 2191 perfectum,
1627 2130 1694 2178 non

98 2233 215 2279 vorum
227 2218 286 2291 est,
300 2214 335 2278 in
347 2232 381 2279 se
396 2214 603 2292 considerata,
615 2213 757 2292 sednon,
775 2216 872 2296 prout
924 2223 971 2281 est
982 2217 1079 2295 aliud,
1090 2217 1145 2280 sed
1156 2217 1251 2280 idem.
1265 2215 1304 2280 ut
1314 2216 1390 2280 binc
1400 2217 1532 2298 estqnia
1542 2217 1692 2296 charitas,

97 2323 218 2388 inalio.
924 2325 1073 2408 quamvis
1090 2324 1338 2389 substantialiter
1361 2329 1538 2406 augeatur,
1562 2345 1628 2390 non
1647 2333 1695 2392 est

138 2434 168 2494 2.
185 2431 237 2495 Ad
260 2430 339 2495 illud
361 2430 448 2513 quod
469 2427 620 2511 objicitur
641 2427 725 2509 quod
748 2426 870 2509 simpli·
924 2433 1003 2509 alia,
1027 2433 1082 2497 sed
1107 2432 1217 2497 eadem
1243 2430 1420 2496 secundum
1444 2432 1654 2498 substantiam
1682 2452 1691 2497 ε

100 2538 175 2602 citas
187 2555 257 2602 non
270 2537 407 2602 admittit
420 2535 687 2618 magnitudinem,
699 2534 870 2598 dicendum
924 2541 1010 2604 unde
1022 2558 1087 2604 non
1100 2540 1185 2604 valet
1196 2539 1343 2620 objectio.
1411 2544 1413 2548 ’

100 2644 184 2728 quod
200 2663 319 2709 verum
339 2644 486 2728 estquod
498 2661 564 2707 non
582 2641 719 2705 admittit
740 2640 867 2722 magni·

99 2753 244 2818 tudinem
259 2752 369 2832 molis,
389 2752 528 2816 admittit
545 2753 654 2814 tamen
670 2748 869 2830 maguitudi-
1193 2733 1371 2848 QUAEgplp
1392 2768 1430 2833 11,

98 2878 171 2926 nem
183 2862 325 2925 virtutis.

138 2973 167 3032 3.
182 2969 233 3033 Ad
246 2968 327 3032 illud
339 2966 425 3050 quod
439 2966 588 3049 objicitur
603 2964 688 3048 quod
704 2965 738 3029 in
756 2984 869 3048 corpo-

99 3078 214 3142 ralibus
227 3079 277 3141 est
290 3079 397 3140 motus
411 3073 577 3157 augmenti
590 3074 767 3139 secundum
785 3075 868 3138 acci·
962 3081 1006 3145 lte
1027 3078 1122 3143 modo
1146 3076 1313 3159 augmenti
1335 3075 1435 3159 ipsius
1459 3075 1635 3154 charitatis;
1660 3079 1692 3139 et
1726 3104 1812 3152 pm,

99 3185 188 3264 dens,
204 3190 292 3268 patet
308 3185 481 3268 responsio.
498 3183 580 3249 Nam
597 3183 758 3265 quantitas
776 3183 868 3247 molis
921 3191 1007 3275 quod
1020 3191 1234 3269 augmentum
1252 3187 1323 3267 ejus
1341 3184 1383 3247 sit
1397 3182 1536 3259 aliunde,
1552 3183 1690 3247 ostendi·
1705 3173 1783 3214 ''⁰⁸¹¹“

100 3297 145 3357 est
155 3293 300 3358 accidens
315 3292 520 3357 essentialiter
533 3291 681 3357 differens
695 3296 865 3374 equanto:
921 3302 975 3362 tur
985 3314 1043 3380 per
1057 3291 1308 3375 Augustinum⁸,
1328 3289 1385 3372 qui
1396 3289 1471 3352 dicit
1483 3289 1569 3371 quod
1582 3289 1689 3352 cbari-

99 3419 163 3465 non
176 3405 287 3465 autem
301 3400 345 3464 sic
357 3403 404 3464 est
416 3400 451 3463 in
468 3399 596 3482 quantis
611 3399 785 3481 quantitate
800 3399 868 3463 vir·
920 3408 969 3470 tas
984 3407 1125 3468 meretur
1138 3399 1272 3481 augeri:
1290 3395 1345 3460 sed
1360 3396 1445 3478 quod
1460 3395 1575 3478 aliquis
1585 3415 1691 3461 mere-

100 3509 183 3588 tutis,
196 3509 299 3572 immo
310 3508 470 3589 quantitas
482 3505 611 3571 virtutis
623 3506 795 3570 essentialis
803 3511 881 3586 .est,'
920 3517 985 3591 tur,
1000 3510 1096 3574 babet
1106 3508 1149 3573 ab
1163 3507 1225 3571 alio
1238 3523 1336 3587 quam
1349 3521 1369 3567 a
1381 3521 1433 3567 se:
1452 3521 1531 3585 ergo
1545 3503 1572 3565 si
1586 3503 1692 3567 chari·

101 3618 379 3702 utinopponendo
389 3616 560 3699 probatum
572 3618 629 3679 est.
644 3614 749 3679 Potest
759 3603 894 3679 tamcn'
920 3625 969 3684 tas
1004 3622 1145 3682 meretur
1179 3615 1409 3695 augmentum,
1453 3609 1549 3674 habet
1583 3610 1691 3692 ipsum

101 3725 160 3788 dici
172 3725 259 3808 quod
271 3743 346 3789 cum
358 3724 492 3788 dicitur:
507 3721 638 3786 ablutus
651 3723 821 3803 augmenti
832 3723 866 3785 in
920 3729 1060 3795 aliunde.
1473 3716 1479 3729 '

101 3832 315 3915 corporalibus
323 3837 371 3896 est
381 3835 487 3895 motus
495 3830 673 3895 secundum
681 3829 836 3908 accidens,
850 3853 864 3889 a
962 3837 1052 3914 stem,
1077 3833 1163 3917 quod
1190 3831 1419 3911 angmentetur
1440 3844 1496 3910 per
1518 3825 1691 3908 appositio-

102 3938 265 4022 dnpliciter
277 3944 379 4024 potest
394 3938 491 4020 accipi
505 3937 577 4013 hoc,
593 3937 679 4018 quod
691 3942 738 4000 cst
751 3953 867 4003 secuu-
921 3962 1014 4021 nem,
1040 3941 1166 4005 videtur
1187 3955 1245 4020 per
1268 3934 1447 3999 rationem:
1476 3937 1690 4013 augmentum

103 4047 176 4114 ditm
189 4072 201 4114 .'
214 4053 272 4113 aut
288 4046 375 4130 quod
393 4047 476 4110 dicat
496 4044 717 4108 habitudinem
739 4046 867 4108 termini
922 4051 1008 4116 enim
1032 4052 1079 4114 est
1107 4042 1337 4131 praeexistentis
1360 4039 1545 4123 quantitatis
1568 4040 1689 4104 addita.

102 4175 219 4239 perse,
237 4158 306 4222 sive
323 4153 452 4219 termini
469 4152 628 4230 formalis,
646 4155 678 4215 et
696 4152 741 4215 sie
755 4153 867 4236 utiquc
922 4156 1110 4222 mentnm⁸z
1129 4172 1208 4235 ergo
1220 4151 1277 4216 ubi
1289 4155 1336 4214 est
1347 4150 1572 4231 augmentum,
1586 4148 1631 4211 ibi
1645 4154 1692 4213 est

103 4266 256 4329 terminus
280 4262 447 4345 augmenti
469 4265 516 4326 est
532 4261 692 4343 quantitas
715 4263 865 4344 periecta;
923 4265 1078 4350 oppositio
1095 4262 1232 4344 alicujus
1250 4257 1394 4341 ejusdem
1416 4256 1565 4338 generis:
1587 4259 1618 4319 et
1635 4256 1692 4320 ubi

105 4377 157 4436 aut
168 4373 212 4437 ita
224 4372 308 4455 quod
322 4370 403 4434 dicat
414 4370 589 4432 terminum
601 4386 658 4450 per
671 4369 826 4449 accidens,
837 4377 870 4434 et
922 4372 1088 4456 appositio,
1103 4369 1148 4432 ibi
1159 4367 1276 4433 additio
1291 4387 1298 4429 ε
1312 4382 1402 4446 ergo,
1417 4367 1477 4428 etc.

104 4478 162 4543 boc
175 4482 269 4544 modo
279 4483 491 4562 augmentum
499 4477 626 4559 respicit
639 4477 846 4541 substantiam
857 4500 865 4543 ε
964 4480 1056 4555 Item,
1066 4478 1128 4541 hoc
1139 4476 1267 4541 videtur
1276 4490 1367 4555 posse
1376 4470 1497 4535 ostendi
1509 4469 1691 4552 persimile,

106 4588 187 4668 quod
208 4591 293 4670 patet
317 4605 326 4651 :
349 4604 425 4650 cum
445 4585 531 4649 enim
557 4583 684 4648 additur
707 4584 869 4666 quantitas
924 4588 1009 4671 quod
1022 4585 1160 4650 charitas
1170 4587 1217 4647 est
1228 4582 1262 4644 in
1271 4581 1389 4658 anima,
1400 4578 1547 4642 sicutlux
1555 4579 1590 4641 in
1598 4594 1691 4641 aere:

89 4698 205 4778 -major
226 4695 361 4773 minori,
383 4694 445 4757 nisi
471 4694 525 4756 fiat
547 4710 604 4774 per
627 4692 868 4758 rarefactionem
925 4696 979 4760 sed
996 4695 1055 4758 lox
1070 4694 1104 4756 in
1116 4709 1189 4755 aere
1201 4707 1266 4753 non
1280 4691 1419 4770 augetur
1431 4704 1488 4769 per
1500 4684 1694 4749 additionem

107 4803 156 4866 vel
170 4822 226 4886 per
238 4803 485 4887 protensionem,
500 4802 623 4882 oportet
635 4800 721 4881 quod
734 4801 869 4865 addatur·
925 4803 1002 4867 novi
1020 4799 1164 4875 luminis,
1178 4801 1216 4862 nt
1228 4799 1324 4880 patet,
1340 4795 1366 4857 si
1379 4794 1436 4857 uni
1454 4792 1593 4856 candelae
1615 4792 1694 4856 illu-

107 4910 275 4976 substantia
291 4912 327 4974 in
345 4928 411 4993 qua
428 4909 468 4973 sit
485 4908 540 4972 illa
557 4907 717 4990 quantitas
741 4929 748 4970 :
772 4911 805 4972 et
826 4909 871 4972 ita
925 4912 1056 4975 minatae
1069 4905 1254 4990 supervenit
1267 4903 1348 4967 alia:
1365 4919 1444 4980 ergo
1457 4900 1531 4964 etin
1543 4898 1695 4963 charitate

108 5023 314 5100 augmentum
329 5017 401 5101 plus
411 5016 507 5080 habet
519 5015 557 5079 de
569 5014 745 5079 substantia
758 5037 766 5079 ι
782 5015 871 5079 etita
925 5020 985 5084 erit
998 5017 1142 5082 similiter
1155 5016 1299 5096 respectu
1312 5010 1439 5074 animae.

976 2927 1023 2984 Aa
1037 2926 1163 2984 charitas
1177 2926 1276 2997 seipso,
1291 2925 1334 2981 oet
1348 2922 1459 2980 aliunde
1472 2925 1605 2993 aagectur
1616 2923 1638 2979 ¹.

140 5179 148 5215 ¹
162 5181 262 5231 ilocest
274 5183 363 5231 contra
377 5181 446 5231 Scot.
462 5177 534 5242 qut,l
550 5174 630 5238 Sena,
643 5175 702 5226 dist.
714 5187 780 5238 ειη,
795 5191 820 5241 q.
834 5188 869 5241 rr,
926 5168 1695 5241 dist.rvrr,princ.1r,q.1.art.13Ricbard.,tSeat.,dist.xrrr,

110 5253 176 5302 tenet
193 5266 282 5315 oppos.
303 5278 334 5290 -
351 5252 363 5285 ¹
383 5252 423 5314 Cf.
443 5250 515 5300 Alex.
540 5248 656 5309 alensis,
674 5247 702 5297 in
722 5248 868 5300 Continuat.
926 5266 952 5316 q.
962 5262 990 5312 11,
999 5254 1071 5300 urts
1077 5248 1185 5311 ;Tbom.
1197 5245 1374 5309 drg.,lseat.,
1384 5242 1442 5292 dist.
1452 5253 1517 5305 xvir,
1526 5255 1552 5305 q.
1562 5251 1596 5302 11,
1608 5243 1694 5303 art.2;

110 5339 135 5390 p.
147 5329 189 5391 ιΙΙ,
200 5328 258 5379 coll.
272 5339 342 5387 cira,
357 5330 430 5377 arti
444 5328 494 5377 ett
503 5340 512 5389 3
527 5326 554 5377 S.
564 5324 666 5386 Thom,
677 5323 743 5385 Ιι-11,
755 5338 780 5389 q.
797 5336 869 5388 xxiv,
927 5326 1003 5386 Greg.
1021 5320 1140 5382 Arimin,
1152 5320 1161 5368 l
1175 5318 1255 5376 seat,
1269 5316 1328 5366 dist.
1345 5326 1410 5378 xvir,
1425 5328 1451 5379 q.
1470 5325 1511 5376 ιι,
1529 5312 1606 5362 Gabr.
1625 5312 1695 5376 Biel,

111 5402 155 5449 art.
165 5403 195 5463 ι,
206 5403 231 5449 ει
242 5403 251 5451 1
263 5401 339 5461 sear,
351 5400 410 5450 dist.
421 5410 491 5463 aru,
504 5412 530 5462 q.
546 5409 553 5446 r
561 5435 570 5462 ,
581 5399 629 5446 art.
646 5398 677 5459 23
693 5399 773 5460 scot,
787 5397 814 5446 in
828 5397 870 5446 lte·
927 5395 1028 5452 lseat,
1039 5392 1098 5443 dist.
1111 5402 1179 5454 aru,
1191 5404 1217 5454 q.
1238 5401 1284 5440 ru.
1300 5414 1330 5425 -
1339 5387 1350 5421 ⁸
1359 5389 1436 5452 dog,
1454 5385 1489 5436 ad
1504 5384 1599 5448 bonit,
1613 5384 1693 5448 Epist.

108 5473 184 5532 port,
201 5474 210 5523 1
225 5470 451 5536 Seat.,dist1ru,
464 5484 491 5536 q.
505 5480 548 5533 ιη
571 5467 655 5533 AEgid.
666 5469 752 5532 Rom,
766 5469 776 5519 1
791 5467 871 5530 Sent,
926 5476 982 5531 ccv,
996 5464 1030 5516 al.
1042 5474 1173 5527 mxxxix,
1188 5475 1216 5514 n.
1228 5463 1253 5514 2.
1262 5460 1313 5500 -ι
1322 5458 1409 5524 Arist,
1418 5457 1449 5510 de
1460 5457 1559 5518 sear,
1573 5458 1643 5508 cont.
1654 5457 1694 5508 ιι.
