4100 6300
343 539 410 587 m
714 521 956 589 nascamus
976 521 1008 587 s.
1032 520 1335 588 oonsvnmuam
1355 487 1601 584 urrurnous

216 679 219 686 ’
346 656 476 738 eiusque
490 656 717 740 pieriosissinc
735 659 877 741 Virplnis
892 659 1009 725 Matris
1020 658 1138 735 Marte,
1158 655 1398 739 perdoctissini
1415 672 1453 721 ac
1468 653 1720 736 eopumrssini
1739 652 1814 716 Viri
1826 649 1931 714 lond

350 763 466 830 Tribus
479 764 642 832 Mentitus
656 767 694 832 in
706 765 835 831 audem
848 765 1083 847 pecussum
1096 765 1201 847 operis
1216 763 1303 846 quod
1315 763 1526 831 itinerariam
1544 762 1725 828 stantialis
1741 757 1932 835 intitulatur,

350 872 504 939 Carmina
516 893 528 933 .·
542 890 617 955 quaa
639 872 679 937 ed
700 873 818 937 calcem
830 872 995 937 Tractatus
1007 872 1152 956 ejusdcm
1168 871 1291 954 abjecta
1310 875 1396 935 sunt.
1417 870 1466 934 Ad
1483 870 1555 933 haec
1568 868 1722 934 accedunt
1735 863 1933 950 quoqueilln

348 997 422 1063 quaa
436 979 616 1063 composuit
630 979 818 1045 Benedictus
831 978 944 1044 Bursa.

368 1222 407 1288 V.
434 1224 478 1289 De
505 1228 623 1305 septen
654 1222 810 1307 preditus
837 1223 1123 1305 contemplationis.
1154 1223 1218 1287 lnc.
1252 1222 1578 1304 contemplativorum
1607 1220 1773 1303 aquilinos
1802 1217 1921 1284 eltutus

1069 1334 1156 1411 acui,
1170 1335 1229 1395 etc.

395 1519 592 1603 Opusculum
601 1520 788 1603 quidemest
799 1521 975 1586 seculinil
993 1545 1001 1586 :
1016 1539 1093 1585 nam
1107 1521 1142 1584 in
1154 1519 1305 1583 manibus
1318 1517 1353 1583 P.
1368 1518 1476 1583 lacobi
1486 1517 1616 1582 Eccardi
1630 1515 1833 1600 perexiguus
1846 1519 1937 1578 exsta·

349 1629 405 1692 liet
423 1626 612 1691 lmemtmus
630 1645 691 1690 ms.
706 1627 751 1690 sic
764 1627 934 1711 inscriptus
951 1652 959 1693 :
976 1628 1301 1710 amtemputioorsn
1320 1627 1485 1709 aquilinos
1506 1625 1739 1702 obtumescat,
1761 1631 1795 1689 et
1809 1625 1940 1704 immun

350 1735 521 1818 spirituale
532 1734 679 1817 palatum
690 1735 847 1816 patiendi
857 1736 996 1818 dapibus
1013 1743 1142 1803 aterna
1154 1734 1337 1802 dulcedinis
1354 1733 1519 1817 effatam,
1533 1738 1652 1814 septen
1669 1730 1941 1812 contemplationis

351 1841 526 1928 madusius
545 1841 689 1907 medium
707 1844 818 1908 amani
832 1842 1046 1922 deducendos,
1061 1848 1122 1908 etc.
1137 1843 1178 1907 Hi
1198 1847 1305 1907 autem
1324 1845 1444 1925 septem
1463 1841 1583 1921 gratim
1604 1843 1694 1914 sunt,
1708 1838 1816 1920 ignis,
1833 1836 1939 1906 unctio.

351 1950 479 2030 extasis,
493 1948 676 2032 speculatio,
688 1954 814 2031 gustus,
824 1950 926 2033 quies,
943 1951 1065 2033 gloria3
1080 1952 1203 2033 quique
1215 1950 1365 2028 dilucide,
1380 1953 1411 2012 et
1427 1949 1518 2012 brevi
1531 1947 1741 2030 explicantur.
1759 1945 1940 2027 Quanquam

352 2057 511 2123 Eccardus
522 2056 669 2120 Auctoris
682 2075 801 2120 nomen
818 2058 852 2120 in
864 2058 924 2122 hoc
938 2077 999 2122 ms.
1013 2059 1182 2123 tractatulo
1195 2075 1262 2121 non
1272 2056 1388 2121 viderit
1397 2056 1596 2139 inscriptum,
1611 2059 1753 2118 attamen
1769 2058 1863 2136 putat
1874 2070 1941 2134 opus

355 2183 423 2229 esse
436 2164 489 2229 m.
505 2163 673 2228 Humberti
686 2164 725 2227 de
738 2163 899 2245 Romanis,
915 2164 990 2231 Ord.
1005 2165 1252 2230 Praedicatorum
1267 2164 1409 2246 Magistri
1424 2164 1601 2242 Generalis,
1617 2168 1647 2227 el
1660 2162 1857 2228 Patriarchae
1868 2159 1941 2224 lero

353 2272 546 2350 solomilani‚
560 2271 617 2353 qui
631 2275 738 2335 sancte
758 2271 882 2336 devixit
902 2291 955 2336 an.
982 2277 1072 2337 turi.
1090 2273 1125 2337 id
1138 2277 1176 2336 ut
1188 2272 1364 2337 Humberto
1378 2272 1508 2347 tribuat,
1523 2272 1652 2335 ducitur
1665 2271 1857 2334 auctoritate
1871 2267 1942 2330 lau·

352 2380 450 2445 rentii
462 2378 599 2460 Pignon,
610 2377 667 2460 qni
681 2395 756 2441 cum
766 2377 934 2444 Humberti
945 2379 1046 2463 Opera
1059 2385 1246 2459 recenseret,
1256 2381 1317 2444 hoc
1326 2379 1366 2446 de
1379 2387 1495 2461 sepiem
1504 2378 1661 2463 preditus
1672 2376 1941 2461 contemplationis

354 2490 595 2553 commemorat.
610 2485 731 2552 videsis
747 2485 923 2551 Eccardum
936 2487 973 2551 in
983 2486 1063 2552 Bibl.
1080 2488 1193 2571 Script.
1211 2487 1284 2553 Ord.
1300 2487 1547 2551 Praedicatorum
1560 2488 1581 2551 ¹.

394 2594 463 2659 Sub
476 2593 711 2658 Bonaventuraa
724 2594 855 2657 nomine
869 2594 984 2676 prodiit
998 2594 1127 2659 Parisiis
1137 2596 1222 2679 apud
1233 2595 1388 2660 loannem
1399 2594 1528 2659 Barbier
1545 2596 1581 2658 in
1593 2594 1669 2658 Vico
1690 2593 1723 2658 S.
1738 2592 1850 2657 iacobi
1867 2591 1938 2660 int,

356 2702 478 2784 absque
496 2718 593 2764 anno.
609 2699 649 2764 nt
665 2700 828 2783 hispanico
845 2700 995 2766 idiomate
1016 2702 1170 2767 donatum
1193 2703 1315 2782 editum
1329 2703 1391 2767 fuit
1409 2702 1567 2785 Compluti
1592 2701 1697 2766 studio
1712 2700 1766 2765 Fr.
1794 2695 1938 2783 Alphonsi
2013 2725 2014 2788 l

357 2806 472 2888 Ponne,
483 2806 652 2886 Minoritae,
671 2809 761 2884 rear,
776 2807 862 2885 in-tl,
879 2811 959 2873 teste
973 2807 1021 2872 lo.
1035 2828 1056 2873 a
1072 2809 1105 2874 S.
1122 2809 1262 2874 Antonio
1275 2813 1298 2874 ³.

502 3049 556 3114 Vl.
572 3050 722 3116 immuta
734 3067 834 3118 careo
844 3050 884 3117 de
893 3050 1049 3134 proditus
1062 3054 1232 3121 uirtutum.
1250 3054 1315 3118 inc.
1338 3053 1484 3120 accedite
1496 3051 1540 3119 ad
1552 3052 1735 3129 Dominum,
1750 3054 1811 3116 etc.

400 3237 532 3322 Semper
544 3240 753 3305 inscribendo
760 3241 962 3324 prudentiam
971 3242 1121 3307 comitem
1132 3243 1245 3308 habuit
1256 3242 1492 3308 Bonarcntura.
1509 3242 1555 3320 ld,
1567 3242 1593 3306 si
1603 3260 1685 3324 opus
1692 3244 1784 3319 esset,
1799 3236 1941 3305 sexcentis

359 3348 623 3413 confirmaremus
635 3349 801 3432 exemptis.
815 3348 936 3415 Verum
954 3369 1052 3433 quam
1066 3351 1254 3433 imprudens
1267 3351 1294 3414 is
1309 3351 1425 3430 merit,
1441 3350 1497 3432 qui
1516 3349 1690 3414 formulam
1702 3349 1786 3412 hanc
1805 3346 1939 3420 instituit,
2014 3329 2015 3339 ¹

358 3455 554 3538 apertissime
571 3456 727 3521 evincitur
750 3475 791 3520 ex
805 3475 874 3540 cap.
894 3475 990 3538 xxrn,
1005 3459 1064 3522 uhi
1077 3477 1152 3522 cnm
1166 3459 1205 3522 do
1220 3457 1425 3522 confessionis
1444 3457 1598 3538 gradibus
1618 3457 1801 3530 dissereret,
1817 3452 1941 3533 erumpit

359 3562 473 3627 inhaec
489 3586 496 3627 :
516 3585 531 3624 a
545 3562 624 3627 Item
638 3562 722 3628 altus
733 3564 854 3645 gradus
867 3569 914 3628 est
924 3566 1069 3629 mutilari
1083 3570 1209 3629 tantum
1223 3565 1278 3628 uni
1292 3564 1457 3643 sacerdoti,
1468 3563 1671 3646 juxtaillnd:
1689 3564 1772 3629 Vade
1784 3570 1815 3628 et
1828 3557 1941 3629 ostende

360 3675 390 3737 ia
407 3669 568 3737 sacmdati
581 3693 594 3736 .·
608 3670 701 3735 altior
717 3675 764 3735 ast
776 3672 920 3735 mntitcri
934 3673 1081 3754 pluribus
1091 3673 1306 3738 sacerdotibus
1324 3672 1531 3748 secularibus,
1547 3673 1643 3753 juxta
1655 3671 1735 3736 illud
1753 3689 1761 3735 ε
1781 3673 1842 3748 Ite,
1856 3674 1941 3735 oslen-

362 3778 431 3845 date
448 3794 504 3844 vas
517 3777 734 3845 secerdotium
746 3800 759 3844 .·
772 3777 945 3842 altissimus
958 3780 1104 3844 confiteri
1118 3780 1263 3861 pluribus
1276 3780 1490 3844 sacerdotibus
1513 3777 1700 3860 Religiosis,
1719 3779 1775 3861 qui
1789 3778 1940 3858 diligentes

362 3889 439 3949 sunt
457 3885 542 3949 circa
555 3886 800 3963 contessionem,
815 3890 847 3950 et
866 3888 1089 3951 confitentes.»
1106 3884 1202 3963 Quasi
1218 3905 1377 3969 supremae
1395 3888 1595 3970 perfectionis
1615 3904 1698 3969 apex
1719 3885 1770 3961 sit,
1790 3885 1831 3948 ad
1847 3884 1940 3962 Regu·

361 3992 479 4056 larium
491 3992 586 4075 pedes
599 3992 780 4070 convolare,
791 3993 985 4058 secularibus
997 3994 1184 4075 posthabitis
1197 3995 1422 4060 sacerdotibus.
1433 3994 1499 4059 Hoc
1510 4000 1557 4060 est
1570 4013 1646 4059 sana
1654 3993 1809 4057 invidiam
1820 3991 1941 4056 cantiam

362 4100 577 4165 sacerdotibus
588 4099 795 4175 secularibus,
809 4105 842 4165 el
853 4099 1067 4166 Mendicantcs
1080 4101 1247 4173 manifesto
1259 4103 1332 4169 odic
1346 4121 1515 4186 exponere.

392 4343 460 4411 ru.
474 4344 519 4410 ile
534 4343 626 4412 noda
639 4343 833 4425 confitendi,
847 4350 875 4411 ct
892 4344 932 4412 dc
945 4348 1091 4427 puritate
1104 4348 1316 4413 comantia.
1335 4346 1400 4411 inc.
1418 4346 1575 4420 Quoniam
1589 4345 1852 4427 tundauuntum,
1866 4348 1917 4407 etc.

407 4534 578 4618 Aquinatis
598 4552 717 4600 nomen
736 4534 793 4599 diu
815 4534 1019 4618 multumque
1042 4554 1110 4617 praa
1130 4555 1164 4600 sc
1185 4537 1275 4615 tulit3
1297 4539 1351 4603 sed
1373 4536 1614 4602 mendacissime
1628 4554 1637 4598 τ
1653 4553 1745 4614 nam,
1764 4540 1802 4597 ut
1824 4533 1942 4617 perbene

364 4642 501 4708 advertit
519 4647 553 4706 P.
574 4641 731 4707 Eccardus
741 4643 764 4718 ⁸,
787 4645 934 4706 veterum
955 4661 1053 4707 nemo
1075 4644 1153 4724 tuit,
1174 4646 1231 4727 qni
1252 4645 1331 4709 illud
1348 4644 1502 4727 Aquinati
1524 4642 1736 4725 adsumpserit.
1754 4635 1943 4724 Typographi

365 4754 474 4815 autam
484 4750 769 4831 Argentoratenses
783 4766 840 4831 per
853 4766 1015 4814 summam
1029 4751 1187 4816 insciliam
1201 4751 1236 4814 in
1249 4752 1419 4817 editionem
1433 4750 1666 4834 Opusculorum
1680 4748 1942 4814 &Beneventum

366 4859 571 4941 projecerunt
586 4879 594 4921 ι
609 4876 629 4921 a
643 4875 708 4939 quo
726 4861 835 4921 temen
850 4875 957 4922 errore
974 4858 1036 4922 sibi
1053 4866 1207 4925 caverunt
1221 4860 1357 4925 Romani
1371 4859 1532 4937 Editores,
1551 4859 1607 4940 qui
1622 4876 1696 4921 cum
1710 4856 1790 4922 illud
1805 4849 1942 4938 majestati

367 4965 601 5029 Bonsventurae
614 4982 796 5048 repugnare
811 4963 981 5045 adissent,
997 4966 1037 5030 ad
1053 4966 1192 5050 Operum
1208 4968 1422 5051 appendicem
1436 4966 1661 5030 amandarunt.

407 5072 536 5155 Absque
549 5072 742 5155 typographi
757 5072 905 5149 nomina,
922 5074 1008 5154 loco,
1023 5079 1055 5138 et
1071 5094 1171 5153 anno,
1186 5060 1318 5140 seorsim
1333 5074 1449 5159 prodiit
1461 5075 1497 5138 in
1510 5071 1735 5157 typographiae
1746 5066 1940 5135 manumetis

407 5178 492 5245 Tum
507 5178 651 5257 Parisiis,
667 5178 1105 5261 chevalon,rssrst1mc,
1121 5183 1227 5247 in-ti.

403 5342 493 5392 ¹Tom.
505 5341 532 5405 1,
544 5355 570 5405 p.
582 5342 638 5403 lli,
653 5339 885 5392 001.2.-²T0m.
898 5341 925 5407 1,
938 5356 966 5406 p.
977 5344 1032 5409 158,
1047 5344 1097 5394 col.
1108 5348 1133 5397 i.

400 5413 515 5479 'script
530 5412 590 5464 Orsi
604 5411 747 5475 Prndicct,
761 5416 825 5465 tom.
837 5413 845 5463 1
853 5451 862 5478 ,
877 5426 904 5477 p.
914 5414 968 5467 tis.
