4100 6300
715 514 904 581 DISTINCT.
926 514 1062 581 XXVIII.
1635 521 1695 582 I53

39 666 86 744 41³,
119 651 297 748 questionis
316 652 499 721 mutatione
514 651 686 737 sermonis,
702 651 847 721 dicentes
864 681 872 722 :
889 652 963 735 Quo
978 652 1076 722 modo
1089 662 1226 745 possunt
1239 676 1307 723 esse
1320 653 1502 743 ingenitus,
1520 662 1552 721 et
1565 654 1696 743 genitus
1710 683 1756 732 tut,
1770 681 1816 733 qur-

119 771 208 840 unius
221 775 345 837 naturae
359 775 458 861 atque
471 769 681 838 substantiae?
696 768 796 857 Ergo,
812 778 850 837 ut
863 769 1077 860 respondeam
1091 769 1174 838 mihi
1194 771 1368 862 proposita
1382 771 1572 861 quaestioui3
1589 770 1696 862 primo
1719 740 1817 859 ,iiiiii

38 933 52 977 3
117 885 256 956 omnium
268 884 305 952 in
315 883 438 952 divinis
450 883 640 976 Scripturis,
656 885 834 977 inpertitus,
851 907 1017 977 nusquam
1031 884 1178 972 invenio,
1193 909 1261 955 non
1274 886 1356 975 legi,
1371 909 1439 955 non
1453 886 1578 955 audivi.
1593 886 1696 978 Cujus
1711 867 1817 979 ,ζζῖξξζζ

38 1056 44 1096 3
79 1065 83 1074 .
115 1025 186 1092 ergo
199 1000 425 1069 mutabilitatis
445 1009 524 1069 snut
541 1001 690 1070 homiues
708 1001 911 1092 hujusmodi,
931 1010 969 1069 ut
990 1025 1051 1071 nos
1068 1001 1178 1071 dicant
1191 1025 1229 1070 ea
1245 1025 1422 1095 usurpare,
1439 1026 1514 1096 quaa
1536 1027 1605 1072 non
1618 1012 1696 1072 sunt
1710 997 1818 1103 „mn

115 1119 323 1211 scripte,cum
337 1126 549 1208 eaquaesunt
563 1118 683 1210 scripta
694 1117 853 1204 dicemus,
868 1125 900 1187 θῖ
913 1117 976 1210 ipsi
990 1119 1147 1209 objiciant
1160 1119 1247 1211 quod
1259 1121 1417 1212 seriptum
1427 1143 1494 1189 non
1504 1121 1564 1189 sict
1579 1120 1695 1190 Nonne
1719 1120 1816 1226 {5⁰:225
1870 1203 1876 1214 .

113 1236 171 1328 ipsi
183 1234 412 1319 adversantur,
432 1242 464 1302 et
483 1234 710 1303 auctoritatem
728 1233 904 1303 calumniae
919 1257 987 1303 snae
1004 1236 1182 1325 derogant?
1203 1261 1220 1299 n
1238 1235 1390 1324 Attende,
1406 1237 1522 1324 lector,
1538 1237 1695 1329 quoniam
1719 1244 1803 1352 (21⁰1ng

38 1421 52 1426 ,,
111 1351 334 1438 bocnomiue,
349 1350 538 1442 inquesitas,
553 1350 686 1420 nolebat
707 1351 757 1419 uti
778 1351 974 1420 Ambrosius
993 1360 1126 1443 propter
1142 1352 1320 1422 hereticos.
1342 1353 1392 1420 lta
1409 1361 1441 1421 et
1460 1375 1519 1422 nos
1537 1352 1697 1423 subticere
1798 1337 1804 1352 ’

109 1469 256 1561 quaedam
270 1475 397 1560 oportet
409 1477 541 1559 propter
554 1468 830 1537 calumniantium
838 1467 986 1553 insidias,
998 1490 1074 1568 quae
1087 1468 1254 1536 catholicis
1267 1490 1304 1537 ac
1317 1469 1389 1537 aliis
1399 1469 1575 1539 lectoribus
1586 1491 1697 1538 secure

38 1575 54 1583 ”
106 1585 191 1653 credi
206 1593 353 1675 possunt.
373 1584 460 1654 Sunt
481 1585 603 1653 etenim
616 1584 769 1676 quaedem
782 1607 859 1676 quae
873 1606 940 1652 nou
953 1591 1054 1653 tantae
1073 1592 1151 1653 sunt
1165 1584 1356 1674 religionis,
1373 1592 1404 1653 et
1422 1585 1642 1671 auctoritatis,
1659 1595 1697 1654 ut

106 1702 149 1770 eis
165 1724 223 1771 uos
240 1709 388 1793 oporteat
408 1724 536 1792 semper
555 1700 742 1770 confitendo
760 1724 798 1768 ac
819 1701 1005 1792 recipiendo
1024 1700 1194 1769 inservire.
1220 1701 1348 1770 Verum
1366 1702 1497 1770 silentio
1518 1702 1698 1794 aliquando

53 1815 76 1827 “
103 1819 259 1909 preteriri
272 1826 417 1911 queunt;
431 1842 491 1887 nec
504 1819 596 1888 illius
610 1826 719 1887 tamen
733 1825 811 1886 suut
825 1818 1065 1910 perversitatis,
1080 1816 1175 1909 quin,
1191 1840 1268 1886 cum
1282 1827 1505 1909 opportunum
1518 1817 1634 1904 fuerit,
1651 1817 1698 1887 eis

103 1936 150 2003 nti
163 1935 307 2003 liberum
322 1934 514 2004 habeamus.

47 2063 60 2068 “’
142 2052 427 2143 Praetereaqnaeri
441 2052 538 2135 solet,
554 2074 631 2120 cum
649 2052 888 2144 supradictum
907 2052 950 2119 sit
968 2051 1049 2143 quie
1071 2051 1164 2120 aliud
1183 2059 1232 2120 est
1251 2051 1358 2120 dicere
1380 2051 1583 2142 ingenitum,
1604 2052 1697 2120 aliud
1734 2068 1768 2111 tn
1782 2070 1816 2112 ‹ti-

97 2170 245 2255 Patrem,
262 2176 294 2238 et
307 2169 397 2261 quod
415 2169 583 2238 diversum
598 2170 641 2237 sit
655 2170 805 2259 genitus,
826 2176 858 2237 et
876 2168 1061 2258 ingenitus;
1081 2177 1196 2238 utrum
1214 2169 1366 2238 similiter
1383 2169 1550 2239 diversum
1569 2170 1611 2238 sit
1629 2193 1696 2240 esse
1724 2144 1809 2236 {ilii

39 2272 41 2281 Ι
97 2286 243 2372 Ρθῖιθιιι,
262 2293 295 2354 θῖ
317 2308 385 2355 θεεθ
404 2286 551 2372 Filium,
568 2309 611 2354 an
629 2286 729 2354 idem.
745 2285 799 2354 Ad
812 2285 901 2377 quod
914 2285 1072 2371 dicimus,
1088 2285 1167 2377 qnia
1180 2308 1221 2353 ex
1235 2286 1348 2355 eodem
1363 2308 1480 2370 sensu,
1495 2309 1562 2378 quo
1576 2287 1697 2355 dicitur
1719 2252 1817 2359 ‘iiiii’

95 2403 267 2473 diversum
282 2405 432 2493 genitus,
449 2413 481 2473 θῖ
494 2404 679 2494 ingenitus,
695 2411 728 2471 et
746 2426 813 2494 quo
831 2402 952 2470 dicitur
971 2425 1039 2471 non
1053 2424 1121 2471 esse
1138 2402 1227 2470 idem
1244 2402 1350 2470 dicere
1370 2402 1538 2492 genitum,
1559 2410 1592 2471 et
1605 2402 1698 2493 inge·
1720 2378 1808 2423 ΜΝ·

39 2524 46 2534 “
96 2521 221 2608 nitum,
237 2529 346 2612 potest
357 2520 423 2589 dici
436 2544 504 2589 non
521 2543 589 2589 esse
603 2520 708 2607 idem,
732 2519 789 2588 sed
805 2519 993 2604 diversum,
1015 2541 1084 2587 esse
1097 2519 1251 2604 Patrem,
1268 2527 1301 2587 et
1318 2541 1386 2587 esse
1403 2519 1538 2605 Filium,
1553 2520 1606 2586 vel
1629 2542 1697 2589 esse

94 2636 263 2728 Spiritum
278 2644 429 2704 sanctum
446 2661 454 2703 :
469 2636 550 2728 quia
563 2643 572 2676 ¹
586 2659 654 2705 nou
669 2659 707 2705 ea
720 2636 854 2704 notione
868 2635 967 2704 Peter
979 2643 1029 2703 est
1045 2635 1156 2722 Pater,
1171 2659 1239 2727 qua
1250 2634 1357 2704 Filius
1370 2643 1418 2703 est
1430 2636 1547 2724 Filius,
1564 2636 1617 2704 vel
1631 2659 1698 2727 qua

38 2752 64 2792 ἶ·
92 2752 244 2845 Spiritus
259 2761 392 2822 sanctus
414 2761 462 2820 est
481 2752 624 2844 Spiritus
646 2760 788 2822 sanctus.
805 2751 948 2844 Ideoque
969 2775 1010 2820 ex
1024 2751 1086 2821 hoc
1099 2774 1198 2820 sensu
1214 2751 1422 2821 concedimus
1436 2752 1525 2844 quod
1544 2752 1637 2821 aliud
1650 2762 1698 2822 est

42 2871 69 2912 ²*
92 2892 162 2938 esse
176 2870 337 2954 Patrem,
353 2876 386 2938 et
399 2867 492 2938 aliud
505 2875 554 2937 est
574 2891 641 2937 θεεθ
654 2868 800 2955 Filium,
816 2869 896 2960 quia
909 2868 974 2936 elie
993 2869 1085 2936 notio
1098 2877 1157 2954 est,
1175 2891 1241 2961 qna
1253 2869 1352 2938 Pater
1363 2877 1411 2937 θεῖ
1423 2869 1533 2954 Pater,
1553 2870 1619 2938 elia
1631 2894 1698 2961 qua

50 3019 51 3026 ι
89 2985 200 3056 Filius
216 2994 268 3054 est
282 2985 403 3055 Filius.
420 2984 484 3054 Sed
498 2984 526 3053 si
543 2992 747 3077 transponas,
758 2992 797 3053 ut
809 2985 897 3053 dIcas
908 3009 941 3052 :a
953 2984 1057 3053 Aliud
1065 2993 1113 3053 θεῖ
1122 2985 1254 3054 Patrem
1264 3008 1344 3072 esse,
1353 2986 1445 3054 eliud
1453 2983 1578 3054 Filium
1587 3008 1692 3072 esse;»

39 3109 60 3148 ³2
91 3103 249 3172 variatur
271 3100 492 3192 intelligentia
514 3125 523 3168 τ
549 3110 581 3170 θῖ
598 3101 671 3170 ideo
690 3123 758 3170 nou
776 3101 976 3171 conceditur.
1001 3102 1059 3171 Est
1076 3100 1165 3170 enim
1185 3124 1299 3171 seusus
1318 3103 1411 3191 talis,
1435 3102 1520 3172 acsi
1541 3102 1692 3173 dicatur:

40 3248 58 3265 2
90 3245 109 3284 e
123 3220 236 3288 Aliud
252 3228 302 3288 est
315 3241 382 3310 qno
396 3219 496 3287 Pater.
506 3226 570 3304 est,
585 3240 653 3286 nou
666 3218 801 3310 quidem
815 3219 924 3305 Pater,
940 3219 996 3287 sed
1011 3226 1075 3304 est3
1091 3218 1183 3287 aliud
1203 3242 1270 3310 quo
1283 3219 1390 3287 Filius
1401 3226 1466 3306 cst,
1481 3242 1549 3288 non
1562 3220 1697 3312 quidem

39 3355 59 3391 α
85 3336 212 3420 Filius,
229 3334 350 3402 sedeat
366 3359 374 3400 :
393 3360 410 3401 t
428 3333 517 3426 quod
531 3333 661 3426 penitus
674 3334 796 3403 falsum
807 3342 866 3403 cst.
882 3335 930 3402 Eo
941 3335 1031 3403 enim
1040 3335 1137 3403 Pater
1150 3342 1210 3420 est,
1225 3357 1292 3426 quo
1306 3335 1405 3404 Pater
1417 3334 1505 3404 Deus
1519 3344 1578 3421 est,
1590 3336 1694 3423 idest,

84 3473 146 3542 per
161 3451 360 3536 essentiam,
375 3451 428 3519 vel
449 3459 603 3519 naturam
621 3477 629 3518 :
648 3459 682 3519 at
695 3451 802 3519 Filius
819 3475 857 3521 eo
870 3450 958 3520 Deus
972 3460 1031 3534 est,
1048 3475 1115 3543 quo
1130 3453 1227 3520 Pater
1244 3452 1330 3521 Deus
1352 3461 1410 3520 est.
1432 3453 1480 3521 Eo
1500 3476 1576 3542 ergo
1591 3453 1696 3520 Filius

81 3573 146 3652 est,
163 3589 240 3659 quo
254 3567 354 3635 Pater
367 3574 431 3651 est3
449 3575 481 3636 et
502 3567 548 3635 ita
561 3567 649 3635 idem
663 3576 711 3635 θεῖ
729 3568 861 3636 Patrem
881 3591 949 3637 esse
963 3567 1053 3660 quod
1066 3567 1189 3636 Filium
1204 3590 1291 3654 esse;
1308 3568 1362 3636 sed
1377 3590 1443 3637 non
1462 3577 1510 3637 est
1527 3569 1614 3637 idem
1628 3592 1696 3637 esse

81 3684 227 3751 Patrem
242 3737 252 3769 ,
265 3690 299 3752 et
312 3706 380 3752 esse
394 3683 530 3751 Filium.
548 3683 644 3752 Unde
658 3684 865 3773 Augustinus
879 3685 914 3751 in
928 3684 1045 3776 quinto
1060 3684 1145 3752 libro
1159 3683 1199 3751 de
1213 3684 1379 3754 Trinitote
1393 3685 1462 3753 ait²
1479 3709 1487 3750 :
1508 3710 1526 3750 e
1540 3685 1696 3767 Quamvis

38 3854 53 3874 ,.
77 3799 265 3869 diversum
278 3800 321 3867 sit
333 3820 401 3867 esse
415 3799 559 3884 Patrem,
571 3807 603 3867 et
617 3822 684 3867 esse
697 3799 837 3885 Filium,
849 3823 916 3868 non
929 3809 977 3867 θεῖ
991 3808 1101 3868 tamen
1115 3801 1445 3887 diversasubstautia,
1461 3801 1540 3893 qnia
1554 3823 1621 3868 nou
1634 3800 1696 3869 hoc

76 3917 280 3987 secundum
294 3916 510 3984 substantiam
524 3917 656 4003 dicitur,
672 3917 728 3984 sed
742 3917 923 3986 secundum
936 3917 1129 4001 relativum,
1146 3917 1234 4009 quod
1250 3926 1360 3984 tamen
1373 3917 1551 3985 relativum
1566 3936 1633 3984 uon
1648 3926 1696 3986 est

75 4034 259 4118 accidens,
276 4034 357 4125 quia
371 4056 438 4101 non
451 4042 500 4101 est
513 4033 683 4101 mutabile.
702 4059 719 4098 o
734 4033 815 4102 Ecce
829 4033 996 4102 diversum
1008 4057 1076 4102 esse
1090 4033 1168 4100 dicit
1181 4056 1248 4102 esse
1263 4034 1407 4118 Patrem,
1420 4039 1451 4101 et
1465 4056 1532 4100 esse
1545 4032 1669 4101 Filium
1684 4058 1692 4101 :

38 4207 44 4230 ,
72 4151 175 4241 quod
187 4151 298 4244 juxta
311 4150 471 4219 rationem
486 4150 674 4241 praedictam
692 4149 794 4241 accipi
807 4157 946 4241 oportet,
962 4150 1043 4242 quia
1056 4148 1177 4217 scilicet
1190 4149 1255 4217 alia
1275 4150 1365 4218 notio
1380 4156 1427 4217 θεῖ
1440 4173 1507 4241 qua
1523 4156 1570 4216 est
1583 4148 1692 4236 Pater,

73 4268 147 4336 alia
161 4291 243 4360 qua
258 4274 308 4335 est
320 4266 436 4336 Filius.
449 4266 524 4334 Nou
539 4267 629 4335 enim
642 4267 823 4357 secuudum
838 4267 1010 4335 essentiam
1023 4267 1122 4335 Pater
1136 4266 1256 4335 dicitur
1270 4266 1378 4354 Pater,
1390 4266 1444 4334 vel
1457 4265 1563 4334 Filius
1575 4264 1692 4352 Filius,

70 4385 137 4454 sed
152 4383 355 4453 secuudum
370 4384 575 4453 relationem.

120 4500 324 4570 Sciendum
341 4523 475 4593 quoque
491 4509 538 4568 est
560 4501 669 4592 quod,
685 4500 768 4571 siout
780 4501 870 4569 solus
888 4500 994 4569 Filius
1014 4499 1135 4569 dicitur
1148 4500 1287 4568 verbum
1296 4554 1305 4588 ,
1321 4499 1375 4569 vel
1389 4498 1520 4588 imago,
1535 4499 1582 4567 ita
1596 4499 1694 4567 etiam

68 4619 147 4711 ipse
163 4619 273 4686 solus
287 4616 407 4686 dicitur
416 4617 576 4708 sapientia
588 4625 677 4702 nata,
689 4618 742 4685 vcl
755 4619 875 4706 genita.
893 4618 935 4686 Et
949 4616 1021 4686 ideo
1037 4616 1197 4708 quaeritur
1206 4624 1320 4684 utrum
1333 4615 1395 4683 hoc
1408 4615 1543 4684 relative
1553 4614 1692 4702 dicatur,

64 4745 125 4823 et,
143 4735 178 4804 si
205 4734 353 4803 relative
365 4733 497 4818 dicitur,
512 4756 555 4802 an
578 4735 759 4802 secuudum
774 4734 921 4802 eamdem
937 4733 1141 4813 relationem,
1158 4755 1225 4823 que
1237 4731 1358 4800 dicitur
1372 4731 1510 4799 verbum
1525 4737 1556 4799 θῖ
1569 4730 1691 4820 imago.

64 4852 120 4921 De
136 4851 213 4920 hoc
224 4825 454 4939 Augustinus,
463 4849 498 4916 iu
507 4849 645 4941 septimo
655 4850 740 4919 libro
749 4850 790 4919 de
802 4850 975 4934 Trinitate,
987 4850 1034 4917 ita
1046 4848 1114 4917 ειίῖ3
1130 4877 1137 4918 :
1153 4875 1172 4915 a
1182 4848 1219 4916 Id
1233 4847 1297 4916 dici
1307 4847 1515 4939 accipiamus,
1530 4848 1693 4916 cumdici·
1707 4811 1815 4918 diuitii-
1871 4906 1873 4911 .

63 4978 130 5038 tur
144 4966 322 5053 verbum,
345 4988 381 5034 ac
407 4965 435 5033 si
455 4964 583 5033 dicatur
598 4974 676 5034 nata
693 4966 867 5057 sapientia,
884 4974 922 5035 ut
942 4966 984 5033 sit
1005 4974 1038 5035 et
1059 4965 1165 5034 Filius
1184 4973 1216 5032 θῖ
1236 4964 1360 5052 Imago.
1386 4964 1426 5030 Et
1446 4963 1514 5031 haec
1526 4963 1593 5033 duo
1616 4986 1691 5033 cum
1718 4940 1804 5052 {lini}

60 5085 270 5167 dicuntur,
287 5080 395 5169 idest,
410 5093 495 5149 noto
509 5081 686 5174 snpientia,
702 5083 737 5150 in
752 5105 819 5151 uno
831 5105 958 5168 eorum,
970 5105 1008 5151 eo
1022 5080 1112 5174 quod
1126 5071 1176 5149 est
1186 5092 1282 5164 neta,
1298 5088 1330 5147 et
1342 5079 1505 5165 Verbum,
1521 5087 1553 5148 et
1565 5080 1689 5170 Imago,
1705 5063 1812 5173 ,ξῗζῗζζ

59 5211 99 5274 θῖ
116 5201 253 5271 Filius
268 5198 484 5288 intelligatur,
500 5199 579 5266 etin
593 5198 639 5267 eis
652 5199 805 5268 omnibus
817 5199 1008 5268 nominibus
1019 5221 1088 5267 uon
1101 5197 1290 5266 ostendatur
1302 5196 1452 5281 essentia,
1464 5195 1544 5287 quia
1556 5196 1691 5267 relative
1704 5169 1815 5236 ΨΜ·

1714 5250 1764 5297 dum
1776 5272 1812 5302 re.

56 5320 258 5390 dicuntur
275 5338 283 5380 ι
299 5321 332 5382 at
345 5314 381 5382 iu
394 5314 514 5403 altero,
534 5314 623 5407 quod
637 5322 685 5384 est
695 5315 877 5408 snpientia,
893 5316 991 5385 etiam
1009 5314 1148 5384 essentia
1160 5312 1413 5398 demonstretur,
1433 5311 1592 5403 quoniam
1606 5321 1638 5381 ct
1650 5313 1692 5382 ed
1706 5313 1807 5364 ¹⁶fi⁰¹³e¹11

1716 5391 1743 5421 an
1757 5383 1806 5426 sub

1708 5444 1814 5489 stannum.

97 5532 223 5594 tang„
240 5522 276 5575 de
290 5523 370 5588 Tria,
383 5522 427 5575 lib.
438 5524 470 5590 V,
484 5538 507 5576 e.
518 5536 555 5589 vr,
568 5538 596 5577 n.
607 5528 631 5577 t.
645 5528 778 5594 daug,
791 5529 917 5596 delrio,
930 5528 975 5579 lib.
988 5529 1021 5592 V,
1036 5543 1058 5579 c.
1070 5540 1096 5591 v,
1109 5540 1138 5577 n.
1149 5530 1173 5578 6.
1183 5522 1319 5589 Attea,
1333 5522 1377 5575 lib.
1387 5525 1433 5577 VII
1441 5559 1450 5587 ,
1464 5538 1489 5575 c.
1502 5536 1532 5590 ιι,
1546 5538 1573 5575 ιι.
1585 5527 1609 5577 3.
