4100 6300
816 4424 986 4469 Funda-

769 4491 931 4533 menta.

989 499 1070 564 8⁴2
2130 479 2749 549 SENTENTIARUM
2788 479 2941 547 LIB.
2983 481 3036 547 l.

987 633 1087 697 est
1108 625 1501 713 principium
1523 621 1803 702 essendi,
1834 619 1959 685 nisi
1988 619 2196 684 forma
2225 620 2521 684 substan-

990 735 1191 815 tialis,
1229 735 1298 798 in
1338 732 1598 797 homine
1646 751 1661 793 ε
1700 746 1861 811 ergo
1894 727 2177 812 potentia
2214 730 2279 792 et
2318 727 2527 793 forma

991 839 1420 909 substantialis
1444 842 1595 903 sunt
1620 836 1793 901 idem
1817 834 1888 898 in
1920 834 2298 899 substantia.

1072 955 1133 1015 4.
1165 949 1355 1027 Item,
1385 947 1629 1012 ratione
1656 943 2028 1009 ostenditur.
2060 941 2237 1007 Sicut
2263 940 2531 1006 materia

982 1059 1200 1144 prima
1223 1060 1318 1122 est
1352 1053 1574 1121 omnia
1602 1056 1754 1117 nata
1788 1051 2116 1135 recipere¹
2148 1068 2263 1134 per
2286 1050 2529 1115 verita-

990 1169 1161 1246 tem,
1216 1164 1306 1228 sic
1352 1161 1569 1227 anima
1615 1157 1970 1223 secundum
2018 1155 2525 1221 similitudinem.

991 1271 1161 1337 Sed²
1180 1269 1463 1355 potentia
1491 1266 1776 1357 materiae
1796 1266 2061 1347 primas,
2088 1266 2379 1344 respectu
2401 1261 2532 1325 for-

991 1397 1252 1445 marum
1275 1351 1823 1461 suscipiendarum
1837 1420 1860 1451 ,
1890 1390 2025 1436 non
2053 1368 2263 1435 differt
2296 1386 2412 1451 per
2441 1386 2534 1433 es-

990 1486 1261 1553 sentiam
1281 1484 1562 1567 abipsa:
1586 1499 1745 1563 ergo
1766 1479 2055 1544 similiter
2080 1476 2335 1542 videtur
2357 1475 2531 1559 quod

987 1592 1294 1677 potentiae
1322 1590 1577 1655 animae.
1611 1585 1904 1651 Probatio
1936 1582 2327 1649 minoris-Si
2348 1583 2532 1647 enim

911 1722 925 1734 ·
994 1718 1110 1784 per
1124 1700 1461 1765 essentiam
1484 1697 1794 1775 differret,
1825 1697 1939 1759 aut
1958 1696 2121 1758 esset
2144 1693 2526 1770 substantia,

984 1812 1110 1874 aut
1145 1807 1435 1872 accidens
1463 1828 1478 1870 :
1509 1823 1645 1870 non
1681 1801 1998 1880 accidens,
2034 1799 2192 1883 quia
2216 1799 2528 1864 antecedit

989 1935 1256 1983 omnem
1269 1917 1545 1981 formam
1561 1917 1625 1979 et
1637 1930 1829 1979 omne
1839 1909 2156 1988 accidens;
2174 1909 2229 1973 si
2243 1909 2531 1973 substan-

995 2025 1117 2104 tia,
1146 2028 1261 2089 aut
1293 2041 1450 2106 ergo
1487 2021 1781 2100 materia,
1807 2021 1921 2084 aut
1961 2017 2170 2082 forma
2203 2016 2311 2101 (a).
2351 2016 2536 2082 Prae-

995 2137 1191 2213 terea,
1215 2133 1269 2197 si
1290 2132 1602 2211 differret,
1629 2130 1801 2194 illius
1821 2131 1987 2192 esset
2009 2127 2276 2191 materia
2299 2145 2504 2209 capax
2517 2173 2533 2190 .

1077 2248 1139 2308 5.
1167 2241 1349 2322 Item,
1381 2241 1583 2305 forma
1599 2234 1998 2303 accidentalis
2015 2252 2148 2299 non
2170 2238 2265 2298 est
2289 2232 2533 2317 simpli-

998 2351 1133 2420 cior
1168 2351 1377 2415 forma
1411 2344 1813 2412 substantiali
1843 2363 1862 2408 ε
1912 2343 2020 2408 sed
2059 2342 2340 2425 potentia
2377 2358 2532 2424 ope-

997 2457 1184 2524 randi
1208 2476 1340 2523 non
1359 2455 1571 2520 differt
1586 2473 1628 2519 a
1651 2453 1859 2517 forma
1883 2448 2289 2529 accidentali,
2315 2451 2534 2531 utpote

996 2565 1285 2651 potentia
1318 2559 1715 2628 calefaciendi
1762 2576 1895 2623 non
1934 2557 2145 2621 differt
2178 2574 2291 2639 per
2328 2572 2542 2619 essen-

998 2677 1158 2741 tiam
1180 2695 1220 2741 a
1237 2674 1566 2753 caliditate,
1585 2689 1705 2735 nec
1729 2667 2013 2753 potentia
2036 2664 2441 2731 illuminandi
2460 2666 2542 2730 ab

998 2785 1141 2871 ipsa
1162 2783 1306 2849 luce
1337 2804 1353 2847 ε
1385 2797 1542 2861 ergo
1584 2777 1874 2843 similiter
1917 2775 2193 2856 videtur,
2223 2774 2398 2857 quod
2423 2792 2545 2839 nee

1000 2895 1288 2982 potentia
1312 2892 1546 2959 animae
1572 2890 1654 2964 ab
1678 2890 1817 2973 ipsa
1839 2887 2078 2953 anima.

1082 3010 1147 3071 6.
1179 3004 1359 3082 Item,
1384 2999 1555 3085 quod
1575 2999 1695 3064 uni
1732 3001 1826 3062 est
1850 2997 2162 3076 accidens,
2196 2995 2540 3085 nulli-sub-

1001 3112 1234 3182 stantia
1274 3114 1368 3177 est
1397 3114 1421 3151 ⁸
1455 3130 1470 3174 :
1516 3108 1625 3174 sed
1676 3106 1813 3172 istae
1865 3103 2166 3190 potentiae
2218 3107 2370 3169 sunt
2420 3103 2544 3188 ipsi

1003 3222 1237 3288 animae
1257 3217 1700 3284 substantiales
1731 3237 1746 3280 ε
1782 3232 1940 3297 ergo
1963 3231 2096 3290 non
2117 3215 2270 3277 sunt
2296 3212 2354 3276 ei
2376 3211 2543 3275 aeci-

1002 3324 1304 3405 dentales,
1333 3327 1397 3388 et
1430 3340 1544 3406 per
1582 3336 1976 3402 consequens
2013 3336 2149 3382 non
2182 3320 2335 3381 sunt
2380 3315 2548 3379 acci-

1000 3432 1217 3501 dentia
1235 3450 1254 3497 :
1274 3449 1432 3513 ergo
1458 3432 1611 3494 sunt
1638 3427 1995 3493 substantia
2017 3446 2033 3505 ;
2061 3427 2304 3489 constat
2330 3425 2547 3488 autem

1001 3540 1177 3624 quod
1194 3556 1330 3603 non
1348 3535 1494 3615 8118,
1526 3552 1724 3618 quam
1749 3531 1985 3598 anima.
2017 3529 2315 3595 Probatio
2339 3529 2545 3592 mino-

999 3647 1124 3726 ris;
1151 3645 1306 3730 quia
1330 3644 1550 3709 anima
1576 3639 1899 3706 rationalis
1925 3636 2241 3702 sensibilis
2263 3640 2327 3701 et
2342 3654 2547 3718 vege-

875 3765 880 3769 ·
1000 3753 1215 3820 tabilis
1232 3753 1302 3816 in
1324 3749 1591 3818 homine
1609 3766 1742 3813 non
1764 3746 1917 3812 dicit
1939 3744 2369 3810 diversitatem
2395 3744 2546 3808 sub-

1005 3861 1410 3940 stantiarum,
1441 3857 1548 3922 sed
1575 3855 2002 3939 potentiarum
2045 3875 2061 3916 :
2108 3869 2265 3933 ergo
2308 3854 2550 3916 constat

1006 3969 1179 4053 quod
1197 3967 1266 4032 in
1293 3965 1557 4031 homine
1582 3964 1719 4028 istae
1737 3961 2135 4040 differentiae,
2156 3958 2541 4041 vegetabile,

1007 4074 1326 4155 sensibile,
1355 4070 1685 4148 rationale,
1714 4068 2117 4153 accipiuntur
2148 4086 2187 4131 a
2212 4065 2546 4150 potentiis:

1010 4187 1075 4248 et
1094 4179 1470 4266 hujusmodi
1496 4177 1870 4244 differentiae
1895 4181 2050 4241 sunt
2075 4174 2544 4239 substantiales:

1007 4309 1170 4375 ergo
1197 4295 1261 4356 et
1286 4287 1587 4373 potentiae
1616 4305 1634 4350 t
1662 4304 1841 4367 ergo,
1870 4288 1990 4350 etc.

1092 4400 1352 4465 Contra:
1373 4394 1774 4478 Augustinus
1790 4393 1812 4428 ⁸
1829 4391 2113 4474 assignat
2133 4390 2551 4459 differentiam

1009 4506 1314 4591 imaginis
1333 4507 1562 4571 creatae
1583 4501 1664 4567 ad
1687 4499 2063 4566 Trinitatem
2089 4499 2287 4574 illam,
2321 4497 2554 4562 scilicet

1010 4616 1380 4694 increatam,
1410 4613 1565 4696 quia
1601 4608 1673 4674 in
1706 4607 1815 4673 illa
1851 4605 2159 4672 Trinitate
2192 4605 2435 4670 habens
2459 4608 2554 4670 est

1011 4722 1079 4789 id
1105 4721 1279 4806 quod
1300 4720 1600 4799 habetur,
1625 4716 1733 4782 hic
1756 4720 1973 4780 autem
2011 4714 2255 4779 habens
2298 4732 2432 4778 non
2460 4716 2554 4778 est

1013 4831 1079 4897 id
1103 4829 1275 4915 quod
1300 4828 1620 4894 habetur.
1665 4842 1821 4908 ergo
1860 4824 1916 4888 si
1945 4825 2161 4888 anima
2196 4822 2390 4887 habet
2425 4825 2555 4886 tres

1013 4939 1348 5023 potentiaS‚
1379 4955 1538 5018 ergo
1565 4932 1978 5000 essentialiter
2004 4949 2139 4996 non
2163 4936 2257 4995 est
2279 4929 2429 4995 illae.

1095 5048 1278 5126 Item,
1306 5043 1647 5128 Dionysius
1672 5046 1696 5082 ⁸
1724 5041 1875 5106 dicit
1923 5039 2098 5124 quod
2147 5038 2219 5102 in
2267 5039 2552 5121 quolibet

1013 5160 1223 5223 creato
1248 5150 1553 5219 differunt
1575 5150 1719 5215 haee
1746 5148 1894 5227 tria,
1919 5146 2294 5227 substantia,
2319 5146 2550 5226 virtuS,

1086 5355 1107 5392 ¹
1130 5355 1306 5419 Arist„
1333 5351 1394 5404 de
1429 5350 1628 5414 Gener„
1656 5347 1747 5398 lib.
1779 5348 1845 5413 n,
1882 5349 2110 5398 context.
2141 5348 2191 5396 2.
2219 5370 2284 5383 -
2313 5342 2553 5407 'Ar-ist„

1013 5426 1218 5493 Physic.
1238 5425 1331 5476 lib.
1348 5424 1436 5489 tv,
1466 5424 1692 5472 context.
1719 5422 1797 5473 15.
1813 5445 1876 5456 —
1901 5418 2114 5483 ⁸Arist„
2156 5415 2355 5482 Physic.
2383 5414 2477 5466 lib.
2506 5415 2551 5481 1,

1012 5502 1243 5553 context.
1268 5498 1351 5549 Ἢ.
1375 5493 1583 5545 -⁸De
1612 5493 1727 5544 Prin
1729 5493 1812 5556 i.,t
1840 5491 1932 5544 111).
1955 5491 2065 5556 xv,
2091 5505 2139 5541 c.
2176 5499 2291 5540 xxn
2315 5492 2368 5540 et
2394 5496 2551 5550 xxm,

2632 621 2697 681 et
2720 617 3000 701 operatio
3033 638 3050 681 :
3084 634 3243 699 ergo
3283 616 3355 681 111
3396 615 3617 683 anima
3658 614 3980 681 differunt
4018 615 4100 681 1111

2633 726 2864 791 stantia
2884 729 2949 789 et
2971 725 3302 809 potentiae.

2715 833 2873 898 Item
2918 832 3175 898 Boetius
3194 832 3217 868 ⁶
3250 854 3268 897 ι
3298 831 3373 897 In
3418 832 3708 916 quolibet.
3742 836 3965 897 <reato
3998 830 4100 895 difl

2634 945 2790 1007 runt
2811 959 2941 1025 quo
2968 945 3100 1021 est,
3130 945 3196 1007 et
3236 940 3409 1025 quod
3446 944 3576 1020 est,
3598 939 3735 1006 sive
3768 939 3936 1023 quid
3978 943 4100 1015 est,

2635 1071 2774 1119 esse
2805 1076 2820 1117 :
2866 1070 3026 1135 ergo
3069 1053 3360 1118 similiter
3379 1101 3397 1133 ,
3457 1052 3591 1118 imo
3645 1052 3856 1118 multo
3923 1052 4100 1117 fortir

2636 1160 2812 1244 quod
2836 1165 3042 1244 potest
3062 1163 3128 1225 et
3148 1179 3279 1244 quo
3304 1163 3536 1244 potest.

2720 1268 2900 1349 Item,
2928 1269 3287 1335 rationibus
3308 1268 3665 1335 ostenditur
3687 1268 3783 1333 sic
3819 1287 3840 1333 ε
3876 1266 4040 1346 Quae
4065 1268 4100 1333 d

2638 1377 2733 1442 fer
2739 1382 2853 1441 unt
2870 1395 3132 1459 genere,
3153 1376 3458 1443 differunt
3474 1376 3766 1453 essentia,
3783 1380 3853 1441 et
3868 1394 4090 1442 unum

2640 1485 2837 1550 altero
2862 1503 2995 1550 non
3021 1485 3405 1567 praedieatur
3431 1484 3851 1550 essentialiter
3886 1506 3907 1548 ε
3938 1484 4100 1567 sed}

2639 1589 2856 1654 tentiae
2873 1594 2938 1653 et
2958 1589 3178 1653 anima
3190 1593 3344 1655 sunt
3360 1588 3767 1671 huiusmodi3
3795 1588 4100 1671 quiaani:

2640 1701 2738 1763 est
2759 1698 2829 1762 in
2854 1715 3091 1779 genere
3134 1696 3507 1762 substantiae
3523 1743 3541 1775 ,
3566 1696 3679 1761 sed
3703 1696 4019 1779 potentiae
4043 1714 4100 1761 st

2642 1806 2713 1872 in
2734 1804 3012 1870 semnda
3035 1803 3241 1888 specie
3264 1802 3609 1886 qualitatis,
3636 1802 3880 1869 scilieet
3917 1807 4100 1869 natm

2638 1914 2723 1980 lis
2741 1913 3040 1997 potentiae
3072 1935 3086 1977 :
3119 1930 3299 1994 ergo,
3332 1915 3451 1975 etc.

2727 2021 2906 2099 Item,
2926 2021 3038 2086 illa
3062 2038 3341 2104 quorum
3356 2038 3567 2086 unum
3580 2023 3877 2085 estextra
3889 2019 4100 2086 alteru

2636 2132 2950 2197 differunt
2976 2129 3385 2195 essentialiter
3411 2133 3475 2196 et
3500 2128 4013 2195 substantialiter
4041 2153 4060 2194 ε
4088 2150 4100 2192 ε

2646 2242 2855 2306 virtus
2878 2238 3205 2321 egreditur
3225 2238 3643 2304 substantiam
3656 2285 3679 2316 ‚
3708 2237 3868 2321 quia
3889 2247 4100 2321 oper-al

2645 2348 2716 2412 in
2745 2348 2847 2430 obj
2856 2351 3069 2412 ectum
3092 2345 3264 2430 quod
3285 2350 3381 2411 est
3404 2349 3587 2410 extra
3606 2364 3626 2409 ε
3655 2344 3765 2411 sed
3802 2344 4100 2427 impossil

2648 2457 2743 2520 est
2765 2456 2938 2538 quod
2963 2458 3260 2538 operetur
3287 2453 3399 2518 ubi
3421 2470 3552 2517 non
3567 2456 3664 2518 est
3684 2469 3703 2516 ε
3723 2453 3777 2516 si
3796 2470 3963 2535 ergo
3988 2452 4100 2517 virt

2648 2567 2744 2628 est
2767 2564 2882 2628 ubi
2906 2567 3231 2647 operatur,
3262 2567 3326 2628 et
3349 2564 3652 2645 operatur
3681 2564 3871 2627 extra
3890 2559 4100 2625 substt

2648 2670 2804 2733 tiam
2826 2670 3186 2751 cujuslibet,
3214 2686 3375 2751 ergo
3411 2668 3620 2735 virtus
3644 2667 3986 2749 egreditur
4007 2675 4100 2734 exi

2649 2777 3070 2842 substantiam
3097 2797 3116 2841 t
3148 2795 3328 2859 erge,
3351 2781 3471 2842 ete.

2731 2882 2915 2961 Item,
2943 2884 3024 2948 ad
3048 2883 3172 2949 hoc
3196 2887 3293 2949 est
3312 2884 3438 2949 alia
3461 2884 3624 2950 ratio
3655 2906 3671 2949 :
3704 2887 3859 2967 quia
3881 2883 3944 2950 si
3969 2884 4100 2950 end«

2651 3010 2766 3076 per
2813 2991 3155 3058 essentiam
3203 2997 3417 3057 essent
3467 2992 3686 3057 anima
3731 2995 3799 3057 et
3855 2993 4100 3075 potenti

2651 3117 2862 3165 unum
2898 3118 3031 3165 non
3073 3099 3625 3185 multiplicaretur,
3672 3098 3800 3165 nisi
3841 3100 4100 3168 secundi

2649 3208 3246 3293 multiplicationem
3262 3209 3526 3274 alterius
3546 3230 3561 3275 :
3583 3213 3649 3274 et
3663 3209 3777 3288 sic,
3808 3226 3964 3274 eum
3985 3227 4100 3274 11111

2652 3321 2904 3384 tantum
2929 3317 3010 3381 sit
3033 3318 3272 3397 anima,
3296 3317 3559 3382 haberet
3583 3321 3840 3382 tantum
3865 3335 4100 3400 unam]

2651 3427 2916 3493 tentiam
2943 3451 2960 3491 t
2991 3428 3241 3494 sedhoe
3266 3427 3665 3495 estfalsum:
3696 3447 3881 3512 ergo,
3906 3433 4027 3494 etc.

3192 3672 3641 3742 CONCLUSIO.

2655 3840 2915 3896 Potentioe
2962 3841 3161 3896 animae
3212 3844 3340 3896 sunt
3388 3838 3781 3897 substantiales
3798 3876 3816 3907 ,
3858 3841 3914 3895 et
3954 3840 4081 3896 ant

2726 3929 2900 3986 eodem
2924 3945 3109 4000 uenere
3128 3945 3230 4002 per
3254 3929 3631 3999 reductionem,
3653 3931 3718 3985 in
3734 3944 3840 4000 quo
3866 3932 3942 3985 ece
3959 3929 4100 3984 anim

2724 4035 2834 4076 non
2854 4022 2981 4075 sunt
3006 4025 3186 4075 tamen
3212 4020 3429 4076 ommino
3456 4018 3598 4075 idem
3615 4033 3720 4092 per
3745 4021 4045 4076 mentium

2736 4179 2920 4265 Resp.
2936 4180 3018 4245 ad
3040 4181 3202 4263 Arg.
3233 4180 3333 4245 Ad
3350 4181 3807 4264 praedictorum
3824 4179 4100 4260 intellige

2655 4288 2813 4354 tiam
2837 4287 3193 4353 notandum
3221 4293 3338 4368 est,
3367 4289 3538 4372 quod
3569 4289 3858 4372 potentia
3886 4291 4100 4352 natura

2657 4396 2890 4462 dicitur
2913 4396 3265 4480 tripliciter.
3312 4395 3528 4461 Primo
3559 4396 3753 4463 modo
3771 4444 3789 4474 ,
3817 4398 4013 4480 prout
4047 4393 4100 4459 di

2658 4502 2925 4567 modum
2945 4501 3257 4568 existendi
3288 4502 3599 4568 naturalis
3624 4502 3927 4585 potentiae
3945 4501 4016 4564 in
4043 4518 4100 4565 111

2651 4612 2843 4695 jecto,
2860 4610 3214 4676 secundum
3236 4629 3431 4694 quem
3454 4611 3690 4677 dicitur
3726 4611 4100 4693 subjectum

2605 4718 2798 4847 file,
2818 4718 2925 4783 vel
2949 4718 3225 4799 difficile,
3252 4718 3333 4783 ad
3360 4719 3602 4802 aliquid
3624 4717 4002 4800 agendum.
4021 4720 4084 4781 et

2605 4801 2968 4897 ‘naturalis
2992 4825 3273 4908 potentia
3296 4825 3449 4890 dicit
3472 4825 3743 4891 modum
3765 4824 4100 4909 qualitatis,

2660 4934 2755 4996 est
2780 4931 3210 5013 generaliter
3192 4951 3261 4995 m
3290 4932 3566 4997 secunda
3605 4934 3813 5017 specie
3852 4931 4100 5015 qualitat

2658 5038 2734 5099 ut
2760 5039 2933 5118 patet
2966 5051 3115 5101 cum
3155 5034 3407 5113 dicitur,
3440 5053 3666 5103 cursor
3708 5039 3774 5101 et
3814 5032 4100 5119 pugillatae

2660 5160 2940 5224 quorum
2966 5148 3320 5226 utrumque
3344 5142 3496 5208 dicit
3519 5143 3908 5220 facilitatem,
3926 5156 4100 5223 quaes

2660 5271 2716 5311 n.
2750 5262 2809 5311 42
2836 5265 2890 5311 et
2909 5262 2990 5312 43.
3026 5261 3216 5312 -⁸De
3246 5259 3363 5311 'coel.
3402 5258 3567 5324 Hier„
3589 5275 3638 5313 c.
3683 5270 3774 5326 11,
3815 5259 3948 5310 circa
3974 5253 4100 5308 med

2660 5331 2683 5366 ⁸
2710 5332 2877 5397 Boet.,
2913 5331 2974 5382 de
3005 5328 3263 5394 Hebdom„
3289 5331 3351 5382 de
3380 5330 3584 5398 trinit„
3607 5347 3659 5385 e.
3684 5331 3767 5385 An
3789 5345 3926 5384 om
3952 5326 4086 5397 qnod

2662 5401 2842 5454 bonum
2858 5405 2954 5466 sit,
2984 5403 3120 5455 circa
3139 5403 3355 5469 princip.

2727 5483 2935 5549 (euocet.
2964 5482 3090 5535 edit.
3116 5483 3302 5538 forma.
