4100 6300
449 476 508 537 538
1012 475 1323 542 SENTENTIARUM
1341 477 1416 544 LlB.
1440 478 1465 542 l.

448 608 540 676 retici
552 608 856 699 dogmatizaverunt
870 634 936 681 non
951 611 1039 681 idem
1050 635 1118 682 esse
1131 635 1317 704 personam,
1328 622 1361 681 et
1374 622 1530 681 naturam
1542 612 1612 698 Dei,
1626 612 1884 694 affereutamtnstu'

448 747 516 793 non
535 732 602 793 esse
626 734 690 794 tres
713 750 888 819 personas,
905 728 1126 818 intelligentes
1143 729 1179 796 in
1198 728 1249 797 his
1271 729 1449 820 praemissis
1470 728 1581 797 verbis
1602 728 1710 795 Hilarii
1728 752 1772 820 per
1785 748 1884 809 reum

449 862 640 930 personam,
661 850 693 911 et
717 844 849 912 nomine
871 853 998 913 naturae
1018 844 1165 912 divinam
1179 852 1345 913 naturam.
1361 845 1402 913 Et
1418 844 1493 913 ideo
1507 843 1620 911 dicunt
1637 844 1775 914 Hilarium
1784 849 1887 939 utum

448 955 651 1043 haereticum,
667 967 780 1027 utrum
794 960 1023 1052 perspiritum
1037 960 1096 1028 Dei
1110 970 1240 1052 putaret
1253 960 1472 1049 significatam
1485 983 1556 1028 esse
1568 973 1718 1047 naturam,
1730 984 1763 1029 an
1774 978 1890 1049 renum

387 1160 392 1169 Ι
449 1080 486 1139 ιιι
500 1073 545 1140 sio
558 1074 741 1143 ostenderet
754 1075 1023 1165 distinguendum
1039 1099 1106 1144 esse
1120 1076 1206 1144 inter
1219 1086 1384 1161 naturam,
1398 1084 1432 1144 et
1445 1099 1516 1144 rem
1531 1087 1662 1159 nature,
1677 1076 1707 1143 id
1718 1087 1765 1162 est,
1775 1102 1875 1167 parsum

341 1241 383 1285 H„
395 1244 435 1287 do·
492 1187 562 1256 Hoc
578 1190 713 1280 quidem
731 1191 861 1277 dicunt,
877 1215 944 1261 nou
962 1192 1180 1281 intelligentes
1201 1192 1255 1283 pia
1274 1192 1446 1280 diligentia
1468 1192 1637 1283 scripturae
1654 1191 1895 1288 circumstantiamqu

329 1310 436 1410 3322
449 1304 669 1391 considerata,
684 1307 806 1398 percipi
829 1317 933 1399 potest
954 1332 1021 1401 quo
1036 1308 1132 1377 modo
1153 1307 1318 1399 praemissa
1331 1308 1452 1376 dixerit
1464 1308 1624 1376 Hilarius.
1639 1306 1895 1400 Subsequeutruiu'u

347 1427 419 1544 <3ss:5³0‘
449 1422 561 1489 eadem
582 1422 687 1490 serie¹
706 1425 845 1493 ostendit
867 1427 901 1493 in
927 1425 1052 1516 Spiritu
1077 1425 1136 1492 Dei
1156 1423 1335 1516 aliquando
1356 1424 1537 1513 significari
1556 1428 1695 1507 Patrem,
1716 1428 1895 1493 utrunl'ritm:

343 1503 436 1657 :guffi-
448 1538 590 1629 Spiritus
601 1541 737 1608 Domini
745 1565 842 1633 super
850 1566 914 1609 me.
929 1541 1119 1633 Aliquando
1132 1540 1311 1629 significari
1323 1540 1460 1626 Filium,
1477 1548 1515 1607 ut
1529 1562 1604 1606 cum
1620 1539 1897 1632 diciturtzlurpuirh‘

330 1682 434 1746 causon
448 1654 544 1745 ejicio
559 1654 726 1725 demonia
734 1683 747 1739 ,·
761 1667 888 1727 naturae
902 1681 971 1726 suae
986 1665 1143 1749 potestate
1157 1681 1190 1725 se
1203 1657 1368 1725 demones
1382 1656 1499 1747 ejicere
1512 1655 1735 1723 demonstrans.
1744 1656 1899 1748 liquanhlp

333 1740 426 1857 qllsjtfit,
449 1772 549 1840 ritum
563 1783 724 1859 sanctum,
735 1783 772 1842 ut
783 1775 831 1842 ibi
842 1785 869 1841 *ε
880 1773 1069 1866 Effundam
1079 1773 1119 1842 de
1130 1775 1252 1862 spiritu
1266 1796 1337 1841 meo
1350 1795 1447 1863 super
1459 1795 1592 1840 omnem
1607 1794 1735 1839 comem.
1745 1770 1899 1852 lluoldiutra·

333 1869 434 1921 preducta
697 1889 704 1901 ·
989 1892 995 1904 ·
1025 1892 1042 1913 -a
1072 1892 1078 1904 ·
1103 1891 1110 1904 .
1318 1891 1324 1904 .
1485 1891 1493 1902 .
1584 1891 1590 1901 .
1662 1890 1668 1902 .
1766 1888 1772 1899 .
1865 1890 1870 1899 .

337 1928 428 1988 Mi„
449 1889 1150 1983 summatumlursse,oumapostolr,Sp1r1tu
1162 1899 1271 1959 sancto
1282 1913 1393 1977 misso,
1405 1888 1898 1977 omnibuslrngurslocuhsuntlmlr

330 1991 434 2112 ‘¹3:222’
449 2025 551 2094 quare
572 2004 656 2072 hane
677 2006 917 2075 distinctionem
937 2008 1068 2093 fecerit,
1092 2017 1124 2075 et
1143 2007 1233 2099 quod
1255 2006 1290 2075 in
1308 2007 1533 2097 superioribus
1554 2031 1610 2098 par
1631 2008 1720 2074 rerba
1735 2006 1849 2096 Apostrl‘
1861 2006 1899 2070 liu

337 2120 429 2231 {effi
449 2118 594 2211 Spiritus
607 2130 736 2189 sauctus
749 2123 952 2211 significatus
967 2124 1021 2207 sit,
1036 2134 1067 2190 et
1081 2123 1170 2215 quod
1184 2124 1253 2215 ipse
1267 2124 1309 2191 sit
1318 2146 1369 2191 res
1380 2122 1483 2191 unius
1494 2131 1621 2190 naturae
1636 2121 1739 2207 Patris,
1752 2129 1776 2188 et
1785 2120 1900 2209 tittpu

343 2254 375 2320 ea
388 2264 423 2294 res
449 2237 589 2305 ostendit
601 2238 755 2329 inquiens
766 2241 832 2309 ita:
849 2266 865 2304 a
877 2240 956 2308 Haec
969 2241 1089 2308 idcirco
1102 2248 1180 2307 suut
1192 2240 1423 2325 demonstrata,
1436 2248 1474 2307 ut
1487 2260 1688 2330 quacumque
1700 2245 1771 2327 parte
1780 2236 1901 2302 hadad

330 2323 437 2444 ‘lilii
448 2354 525 2422 sitas
538 2377 571 2422 se
584 2356 785 2436 contulisset,
800 2357 922 2425 finibus
936 2356 1081 2426 veritatis
1093 2355 1353 2424 concluderetur.
1377 2355 1513 2423 Habitat
1529 2354 1662 2422 enimin
1677 2353 1756 2421 nohis
1765 2352 1900 2439 thrittiacre

330 2440 394 2552 elil,
405 2444 435 2542 ‘lt
448 2468 616 2539 habitante
630 2472 755 2541 habitat
768 2472 870 2559 Deus,
888 2483 919 2542 et
933 2497 1009 2542 cum
1022 2473 1148 2541 habitat
1161 2473 1302 2541 innubis
1315 2474 1450 2565 spiritus
1459 2472 1593 2556 Christi,
1610 2494 1672 2538 nou
1684 2469 1759 2538 aliud
1768 2467 1901 2557 habitatque

328 2564 435 2670 {llur'ff
447 2586 581 2676 spiritus
597 2587 668 2655 Dei.
690 2589 783 2669 Quod
805 2591 832 2657 si
848 2612 906 2681 per
927 2590 1088 2681 Spiritum
1108 2597 1258 2658 sanetum
1279 2588 1428 2657 Christus
1450 2589 1486 2655 in
1510 2588 1607 2656 nohis
1627 2582 1902 2674 intelligituresse,lnr

448 2708 556 2769 tamen
580 2703 626 2770 ita
646 2703 807 2795 Spiritum
825 2705 907 2791 Dei,
924 2716 961 2775 ut
978 2706 1131 2798 spiritum
1148 2705 1269 2773 Christi
1286 2727 1354 2772 esse
1372 2704 1576 2773 noscendum
1594 2714 1649 2771 cst.
1664 2703 1699 2771 Et
1710 2724 1768 2771 cum
1778 2706 1902 2792 perrrhu

447 2816 507 2885 Dei
530 2827 648 2886 natura
666 2821 736 2911 ipsa
760 2820 938 2890 habitatin
957 2823 1073 2909 nobis,
1089 2822 1280 2890 indifferens
1302 2831 1421 2888 natura
1444 2820 1523 2888 Filii
1544 2816 1903 2895 eradicamentum

446 2932 589 3025 Spiritus
601 2945 743 3021 sanctus,
760 2938 818 3028 qui
832 2946 878 3005 est
892 2939 1024 3029 spiritus
1037 2938 1180 3023 Christi,
1199 2946 1232 3005 et
1257 2937 1391 3028 spiritus
1403 2937 1461 3005 Dei
1476 2945 1659 3005 rosnaturae
1668 2930 1902 3004 demonstratarum

446 3049 564 3129 Quaero
578 3073 666 3120 nunc
678 3076 756 3141 ergo
778 3076 845 3145 quo
861 3054 959 3123 modo
973 3078 1040 3123 nou
1054 3077 1095 3122 ex
1113 3062 1232 3123 natura
1250 3076 1354 3122 uuum
1368 3061 1455 3123 sunt.
1474 3055 1503 3121 Α
1524 3054 1621 3144 Patre
1634 3051 1757 3145 procedit
1766 3048 1857 3140 Spiritu
1864 3042 1903 3108 rui

447 3168 545 3252 tatis,
561 3192 580 3235 a
599 3169 683 3238 Filio
697 3170 851 3256 mittitur,
868 3180 899 3238 et
912 3194 932 3239 a
944 3171 1031 3239 Filio
1051 3171 1176 3263 accipit.
1193 3171 1257 3239 Sed
1277 3171 1388 3240 omnia
1406 3193 1481 3263 quae
1492 3171 1593 3240 habet
1605 3171 1692 3239 Pater
1702 3168 1765 3236 Filii
1774 3160 1903 3232 suutldriut

448 3283 507 3374 qui
519 3284 561 3351 ab
575 3307 615 3353 eo
627 3286 762 3377 accipit,
778 3286 837 3354 Dei
852 3286 985 3379 spiritus
999 3291 1064 3372 est,
1084 3296 1115 3355 et
1138 3287 1224 3355 idem
1238 3287 1373 3380 spiritus
1385 3287 1507 3355 Christi
1520 3295 1581 3355 est.
1596 3286 1657 3354 Res
1669 3292 1772 3352 nature
1781 3271 1904 3356 fflfiorel

449 3408 481 3465 et
498 3400 609 3468 eadem
633 3423 684 3468 res
701 3411 733 3469 et
750 3411 877 3470 naturae
899 3402 1006 3470 Patris
1022 3413 1091 3489 est,
1111 3412 1143 3470 et
1156 3402 1216 3471 Dei
1229 3403 1399 3472 excitantis
1413 3402 1583 3472 Christum
1597 3426 1616 3471 a
1630 3401 1748 3469 mortuis
1757 3395 1904 3488 spiritusssltl

447 3516 536 3585 idem
550 3518 683 3609 spiritus
702 3517 822 3587 Christi
837 3526 884 3586 est
904 3542 924 3587 a
944 3520 1082 3589 mortuis
1096 3520 1237 3588 excitati.
1263 3521 1301 3587 In
1319 3520 1431 3611 aliquo
1448 3519 1562 3587 differt
1574 3517 1702 3601 Christi,
1715 3514 1904 3586 etheiuallftt

452 3635 564 3702 eadem
579 3635 641 3719 sit,
656 3635 683 3701 si
702 3634 846 3725 praestari
860 3642 964 3725 potest
985 3644 1023 3703 ut
1037 3635 1190 3727 spiritus,
1205 3635 1264 3726 qui
1277 3636 1337 3703 Dei
1350 3644 1417 3720 est,
1433 3658 1502 3704 uon
1515 3635 1560 3702 sit
1572 3634 1665 3703 etiam
1677 3630 1781 3701 Christi.
1792 3625 1830 3694 lat
1839 3617 1903 3707 aph

448 3751 543 3819 nobis
564 3751 699 3843 spiritus
718 3751 798 3837 Dei,
814 3760 846 3819 et
866 3759 914 3819 est
937 3751 972 3819 iu
994 3752 1087 3820 nobis
1106 3752 1240 3843 spiritus
1260 3751 1400 3838 Christi3
1417 3763 1449 3820 et
1460 3775 1537 3820 curn
1553 3751 1680 3843 spiritus
1695 3744 1790 3816 Christi
1798 3737 1903 3818 metuat

447 3866 581 3957 spiritus
595 3868 665 3935 Dei.
681 3868 731 3935 lta
742 3891 818 3935 eum
831 3867 920 3959 quod
936 3868 994 3937 Dei
1007 3877 1067 3954 est,
1079 3876 1111 3936 et
1123 3868 1245 3937 Christi
1258 3878 1317 3953 est,
1333 3877 1365 3936 et
1378 3868 1468 3959 quod
1481 3867 1605 3936 Christi
1617 3873 1675 3950 est,
1690 3863 1739 3931 llei
1749 3868 1795 3944 est,
1805 3855 1902 3941 nup&

448 3982 527 4071 quid
541 3983 631 4051 aliud
645 3984 811 4053 diversum
825 3983 973 4053 Christus
985 4007 1053 4051 esse
1066 4036 1076 4070 ,
1091 4006 1191 4076 quam
1207 3983 1293 4052 Deus
1305 3993 1364 4052 est.
1383 3984 1469 4051 Deus
1490 3984 1594 4073 igitur
1610 3981 1741 4051 Christus
1753 3983 1788 4043 est
1803 3990 1857 4039 uuus
1867 3983 1903 4028 ut

448 4097 515 4166 Deo
526 4099 672 4190 spiritus,
687 4100 866 4168 secundum
881 4099 965 4167 illud
979 4106 990 4140 ⁶
1007 4125 1016 4167 ι
1031 4103 1103 4191 Epo
1116 4113 1148 4169 et
1161 4104 1263 4169 Pater
1272 4123 1376 4170 unum
1390 4122 1516 4168 sumus.
1533 4100 1574 4167 ln
1587 4121 1650 4190 quo
1663 4097 1741 4164 docet
1753 4090 1841 4158 veura
1850 4079 1903 4146 hul-⁸

447 4220 513 4282 tem
530 4237 598 4302 esse
621 4222 769 4300 naturae,
785 4238 851 4283 non
865 4215 1076 4284 solitudinem
1089 4217 1234 4285 unionis.
1249 4241 1267 4281 n
1281 4216 1361 4284 Erre
1373 4216 1401 4283 si
1415 4216 1485 4284 haec
1501 4215 1604 4282 verba
1614 4212 1764 4301 diligenter
1777 4192 1902 4274 artensi

447 4331 540 4398 venis
551 4329 712 4422 Spiritum
724 4339 871 4399 sanctum
885 4353 955 4399 rem
963 4332 1064 4401 unius
1077 4331 1204 4401 naturae
1213 4333 1279 4401 dici
1292 4332 1410 4416 Patris,
1422 4340 1456 4399 et
1467 4330 1559 4418 Filii,
1575 4317 1902 4398 sternutationem·

447 4470 517 4515 ram
529 4447 597 4531 Dei,
607 4446 665 4513 ubi
676 4446 796 4515 dicitur
808 4471 815 4514 :
829 4475 846 4511 a
854 4448 916 4515 Per
925 4457 1077 4516 naturam
1087 4448 1147 4516 Dei
1157 4457 1275 4517 natura
1285 4448 1356 4539 ipsa
1365 4447 1492 4516 habitat
1501 4447 1537 4514 in
1547 4446 1651 4530 nohis,
1659 4443 1683 4511 si
1693 4434 1901 4533 perspiritum·

446 4571 517 4632 tum
531 4562 679 4678 Christus
692 4563 782 4630 estin
790 4563 894 4631 nobis
904 4589 921 4628 n
930 4564 1045 4656 ltaque
1058 4564 1094 4631 in
1106 4565 1267 4633 Trinitate
1280 4564 1404 4633 nonita
1419 4563 1688 4662 distinguendum
1698 4565 1737 4624 est
1748 4551 1900 4620 internatus

446 4690 478 4747 et
493 4703 562 4747 rem
585 4686 729 4765 naturae,
744 4678 828 4746 sicut
840 4679 875 4746 in
892 4679 989 4748 rebus
1005 4680 1136 4766 creatis,
1152 4681 1252 4772 quia,
1271 4687 1308 4748 ut
1320 4680 1368 4748 ait
1379 4679 1529 4747 Hilarius
1542 4690 1566 4766 ⁷,
1583 4670 1899 4765 ιιιιιιιιριιιιιίοῖὲιῖῦιω

446 4795 487 4864 ad
499 4795 606 4864 Deum
620 4795 713 4863 nulla
727 4804 797 4862 est:
822 4795 898 4862 etsi
916 4818 982 4887 qua
1000 4797 1283 4888 comparationum
1307 4794 1457 4887 exempla
1473 4794 1639 4863 interdum
1658 4785 1899 4863 allcrunhtfvl‘lll

446 4912 608 4980 existimet
620 4911 768 4979 absolute
784 4912 819 4979 in
832 4934 865 4980 se
878 4912 1012 4980 rationis
1026 4912 1255 5003 perfectionem
1270 4912 1449 4980 continere.
1460 4909 1537 4979 Nou
1549 4910 1636 4979 enim
1649 4879 1899 4976 humuoanullt

445 5028 649 5121 loquendum
663 5036 721 5097 est.
739 5054 757 5094 »
1086 5110 1089 5116 ‚
1192 5031 1195 5037 '
1894 5103 1898 5116 Ι

361 5165 423 5217 Quor
489 5146 541 5213 Ad
555 5154 706 5214 naturam
720 5167 797 5234 ergo
818 5167 928 5214 rerum
941 5155 1124 5214 creatarum
1138 5146 1323 5238 respiciens,
1338 5143 1472 5235 inquit⁸
1489 5166 1497 5209 :
1514 5141 1616 5210 «Non
1633 5138 1710 5206 idem
1723 5134 1851 5201 estium
1858 5123 1898 5202 pr

327 5240 431 5341 ,ἷξῖἷῗζ
445 5284 496 5330 res
509 5270 658 5347 naturae,
677 5260 884 5351 »subjiciens
901 5263 1051 5354 exempla
1068 5262 1108 5330 de
1130 5263 1208 5354 ipsis
1229 5262 1396 5330 creaturis.
1419 5258 1502 5327 Inde
1523 5257 1688 5327 ostendeus
1707 5264 1813 5320 errorem
1825 5221 1897 5303 Μ

327 5362 359 5402 ¹⁸⁶
378 5359 432 5402 Μ
478 5405 585 5467 rura,
598 5402 628 5452 ue
642 5403 743 5465 ransc,
755 5401 798 5453 uo.
811 5405 885 5468 viu,
899 5406 975 5469 pauo
984 5409 1043 5470 post
1051 5406 1255 5462 meu-mar..
1270 5367 1895 5468 uma-watra,111,t2⁸·-⁸1⁰²¹·›¹¹2²⁸··’'¹l⁸'

446 5475 1163 5542 111‚16;icon,111,1t·-·Joan.,x‚eo.-ruuu.,
1182 5477 1213 5528 ce
1227 5475 1386 5542 crustum.
1398 5475 1427 5541 1,
1441 5473 1468 5524 in
1489 5473 1559 5524 mea.
1573 5499 1603 5511 -
1614 5472 1624 5506 ⁸
1634 5469 1700 5532 rou,
1711 5458 1810 5518 ιιιιιι,
1822 5451 1855 5500 «a
1865 5445 1894 5487 ιι
