4100 6300
327 503 380 549 avr
623 456 1565 569 Ι1111111111.1111111111111111111111.

329 617 454 686 uereor
466 617 584 698 cortpo;
597 615 655 683 sed
666 616 763 698 culpo
776 614 941 683 deulutur
952 616 988 681 ui
1002 615 1281 695 circumcisionis,
1297 616 1407 699 petio
1426 620 1532 681 omen
1549 629 1615 680 non
1629 613 1769 680 dotum
1780 615 1816 680 oi
1835 613 1920 695 eina,

330 723 389 792 red
402 740 445 792 ee
458 723 649 792 liberalitate
666 722 765 790 liei...
789 721 851 790 Sed
864 722 929 788 luc
941 724 1062 805 positio
1076 738 1140 788 non
1154 727 1259 805 potest
1274 727 1360 790 storo
1377 721 1504 806 duplici
1517 723 1659 801 ccciccc,
1675 725 1735 786 etc.
1758 720 1839 799 Quae
1853 740 1922 784 eum

331 832 377 898 ita
391 832 475 910 sint,
494 849 513 896 e
533 831 658 896 duobus
676 849 781 895 unum
799 834 950 913 sequatur
965 833 1107 913 oportet,
1127 835 1184 894 aut
1203 829 1461 895 Beneventuram
1478 828 1538 893 sihi
1555 829 1744 911 neutiquam
1762 832 1921 905 musard

332 944 409 1020 aut,
424 938 511 1023 qnod
523 956 600 1003 vero
615 938 746 1021 propius
759 942 823 1014 est,
839 937 1069 1021 Compendium
1085 937 1146 1001 hoc
1159 937 1236 1002 laiso
1249 937 1485 1003 Beneventurae
1498 943 1607 1002 nostro
1620 936 1767 1001 adscribi.
1782 935 1924 1001 Primum

333 1047 433 1126 absit,
449 1050 486 1110 ut
499 1046 584 1111 dieas
597 1048 637 1126 (o)
655 1067 663 1110 ι
681 1063 760 1127 ergo
772 1045 910 1109 alterum
925 1044 1092 1108 nobiseum
1106 1045 1223 1109 fateare
1236 1063 1318 1128 opus
1331 1045 1402 1109 erit.

373 1152 437 1218 Neo
450 1155 528 1218 item
542 1153 728 1229 deluerunt,
748 1152 805 1235 qui
822 1151 1008 1235 hujusmodi
1026 1151 1257 1235 Compendium
1272 1151 1469 1216 asseruerint
1484 1152 1613 1216 Alherto
1630 1151 1767 1234 Magno,
1787 1150 1926 1216 Alexan·

333 1261 391 1326 dro
412 1260 538 1337 diensi,
564 1264 597 1323 et
624 1259 659 1323 ll.
688 1257 820 1324 Thomae
849 1259 1021 1342 Aquinati.
1048 1263 1145 1342 atque
1168 1259 1294 1343 AEgldio
1323 1259 1479 1324 Romano.
1515 1259 1640 1324 Etenim
1664 1259 1827 1324 Antonius
1854 1258 1927 1324 Pos-

333 1368 481 1448 sevinus,
503 1368 661 1432 referente
675 1365 829 1432 (landolfo
838 1367 859 1445 ¹,
878 1385 911 1431 se
930 1366 1047 1431 vidisse
1059 1370 1193 1432 testetur
1213 1387 1317 1434 unum
1336 1369 1370 1433 in
1389 1367 1470 1433 Bibl.
1491 1367 1622 1432 Achillis
1635 1365 1728 1431 Statii
1741 1366 1856 1432 Romae
1875 1365 1926 1431 Ms

334 1474 480 1540 Codleem
494 1475 554 1540 suh
567 1474 693 1539 alensis
705 1474 848 1538 nomine.
864 1472 913 1537 Ad
929 1491 1003 1555 quae
1019 1475 1064 1538 ita
1077 1475 1256 1540 subnectit:
1276 1501 1292 1538 a
1305 1476 1410 1559 Cogor
1422 1482 1531 1540 tamen
1548 1474 1654 1539 dicere
1669 1475 1778 1557 plures
1791 1476 1929 1538 rationes

334 1582 470 1647 militare
482 1582 516 1645 in
530 1583 674 1646 levorem
690 1580 1104 1665 AEgidii,qnama1iorum.
1120 1579 1182 1646 Mei
1194 1582 1412 1649 Reverendiss.
1428 1583 1616 1648 Ambrosius
1635 1581 1778 1646 domnus
1792 1581 1930 1646 Genem-

334 1690 391 1770 lis,
407 1693 438 1754 et
449 1687 585 1754 lembus
594 1688 759 1771 Philippus
773 1689 964 1772 Bergomas,
977 1691 1033 1776 qui
1047 1693 1197 1758 vixerunt
1209 1692 1244 1754 in
1255 1691 1411 1774 principio
1424 1690 1502 1755 artis
1516 1689 1751 1772 impressoriae,
1766 1693 1930 1753 auctorem

335 1799 483 1863 asserrmt
502 1795 683 1877 Algidum,
705 1799 737 1859 et
760 1801 807 1861 est
829 1796 988 1879 illudmet,
1012 1799 1098 1881 qnod
1120 1799 1270 1883 aspicitur
1295 1799 1498 1882 impressum.
1527 1797 1588 1862 Eos
1608 1802 1736 1861 secutus
1761 1802 1811 1861 est
1837 1797 1930 1862 abbas

335 1902 531 1969 Trithemius
542 1902 582 1968 de
598 1902 818 1985 scriptorium
826 1904 1076 1985 ecclesiarium,
1091 1906 1147 1970 uhi
1161 1907 1199 1971 de
1211 1906 1349 1988 AEgidio.
1365 1906 1400 1971 ln
1414 1910 1523 1969 nostra
1536 1904 1741 1988 Neapolitana
1750 1903 1785 1969 S.
1802 1905 1931 1986 Augus·

335 2011 395 2076 tini
408 2011 496 2075 adest
508 2011 720 2093 impressum,
735 2011 804 2076 sine
816 2012 948 2077 nomine
960 2013 1118 2093 Auctoris,
1130 2012 1281 2091 Venetiis,
1296 2017 1394 2092 1500,
1407 2031 1465 2096 per
1478 2011 1521 2078 M.
1534 2011 1665 2077 Petrum
1680 2012 1718 2076 de
1730 2010 1929 2093 Parenghis3

335 2117 416 2182 inihi
434 2135 534 2181 manu
551 2118 685 2201 antiqua
701 2122 832 2201 apparet
850 2119 886 2183 D.
906 2119 1025 2203 AEgldii
1040 2120 1177 2185 Romani
1193 2120 1268 2187 Ord.
1288 2120 1433 2201 Eremia,
1452 2124 1484 2184 et
1502 2120 1599 2184 etiam
1616 2137 1715 2183 manu
1729 2119 1889 2184 moderna
1902 2118 1933 2182 in

336 2225 418 2305 fine,
434 2242 507 2307 quae
519 2228 652 2307 putatur
665 2225 891 2308 sapientissimi
903 2226 946 2292 M.
963 2227 1125 2311 Fulgentii
1138 2229 1177 2294 de
1188 2228 1204 2294 J
1208 2229 1312 2308 udice,
1328 2228 1362 2292 in
1375 2228 1519 2293 doctrina
1530 2226 1700 2310 AEgldiana
1710 2227 1930 2292 versatissimi.

337 2330 428 2396 Meus
441 2349 571 2414 quoque
582 2330 720 2397 loannes
732 2331 835 2412 Parte,
851 2332 954 2411 Saxo,
969 2335 1004 2399 in
1016 2354 1075 2401 suo
1089 2336 1315 2420 Snpplemento
1330 2336 1407 2402 Coeli
1420 2334 1571 2414 Fodinae,
1589 2338 1688 2409 1510,
1703 2333 1839 2417 Lipsiae,
1856 2335 1930 2409 inl,

338 2458 407 2523 cap.
428 2438 467 2506 de
488 2441 693 2507 conversione
714 2439 909 2518 leccatoris,
924 2444 1053 2509 scribit:
1073 2444 1254 2528 «Magister
1271 2445 1308 2509 in
1328 2442 1519 2528 conpendio
1543 2443 1700 2509 Veritatis
1725 2442 1932 2525 cumeum,

338 2549 416 2631 qui,
432 2551 470 2612 ut
481 2548 618 2612 hahetur
633 2547 668 2611 iu
683 2545 832 2632 emoneo
848 2548 1061 2633 Scriptorum,
1075 2552 1135 2617 luit
1147 2552 1184 2617 h.
1197 2552 1342 2635 AEgidius
1356 2552 1395 2617 de
1408 2552 1510 2617 Roma
1522 2550 1558 2615 ll.
1574 2549 1700 2615 Ordinis
1712 2550 1815 2614 nostri
1826 2599 1837 2626 ‚
1850 2554 1882 2614 et
1891 2566 1934 2614 se

339 2655 484 2720 eundum
496 2654 575 2719 alios
589 2652 686 2737 Ilugo
699 2655 789 2720 Card.
805 2655 880 2722 Ord.
895 2655 997 2723 Praed.
1016 2656 1078 2723 Sed
1089 2660 1175 2742 quod
1185 2659 1359 2743 principale
1372 2663 1436 2738 est,
1453 2661 1635 2723 asservatur
1645 2655 1719 2721 Mas.
1734 2656 1770 2720 in
1783 2654 1934 2721 Vaticana

342 2763 403 2829 suh
416 2761 547 2826 nomine
565 2762 694 2845 AEgldii.
710 2763 747 2828 ln
760 2762 914 2830 Patavina
932 2770 1041 2830 nostra
1058 2767 1228 2850 antiquum
1241 2767 1275 2830 in
1288 2767 1409 2831 memb.
1426 2766 1519 2843 in-l,
1534 2764 1682 2830 aretiam
1700 2762 1733 2829 S.
1755 2762 1887 2845 Georgii
1903 2763 1934 2827 in

345 2871 424 2952 hlga
435 2867 660 2951 venenorum,
674 2872 724 2936 tit.
738 2870 875 2953 AEgidii,
891 2877 928 2937 ut
940 2873 1050 2949 videre
1063 2879 1111 2938 est
1123 2874 1210 2958 apud
1220 2873 1429 2940 Tomasinum
1440 2873 1496 2938 lih.
1512 2872 1595 2937 edito
1611 2875 1702 2951 1639,
1716 2870 1801 2951 imi,
1822 2887 1934 2953 nempe

340 2978 376 3043 in
389 2976 496 3041 Indloe
510 2974 584 3044 Mss.
603 2978 684 3044 Bibl.
701 2977 841 3059 Patavii,
858 2982 891 3043 et
905 2978 1152 3047 Venetiam.»

381 3084 458 3152 Haeo
469 3091 579 3153 tamen
594 3093 879 3155 monumentorum
894 3089 985 3175 copia
1000 3093 1128 3154 tantum
1148 3089 1253 3169 abest,
1267 3093 1306 3154 ut
1318 3087 1354 3154 P.
1369 3086 1546 3154 Eoeardum
1560 3084 1767 3163 deterruerit,
1781 3085 1864 3168 quin
1880 3101 1934 3168 po-

340 3194 406 3260 tius
419 3195 449 3259 el
463 3196 596 3261 cdcaria
608 3196 780 3278 addiderit,
796 3202 832 3262 ut
845 3198 1076 3281 Compendium
1089 3199 1174 3263 istud
1185 3197 1312 3279 AEgidio
1327 3196 1490 3275 Romano,
1510 3198 1542 3260 et
1557 3194 1686 3259 Alherto
1704 3192 1826 3275 Magno
1844 3193 1934 3275 abju-

341 3302 477 3383 dicaret,
492 3303 636 3389 illudque
648 3304 779 3387 Magoni
791 3305 1074 3387 Argentoratensi,
1088 3305 1282 3389 professione
1292 3303 1510 3383 Dominioano,
1525 3301 1678 3384 Scriptori
1691 3319 1753 3365 sec.
1770 3299 1843 3365 11111
1856 3347 1865 3376 ,
1877 3317 1934 3363 res

339 3411 481 3477 titueret.
503 3411 586 3491 Adi,
605 3412 633 3477 si
649 3412 745 3494 libet,
766 3413 916 3479 eumdem
935 3415 1237 3497 prudentissimum
1253 3410 1399 3488 Virum,
1416 3412 1538 3493 atejus
1556 3407 1679 3492 jndicio
1698 3426 1736 3472 ae
1754 3408 1934 3473 testimonio

342 3522 444 3584 utere.

939 3671 1153 3764 Antiquiores
1165 3670 1344 3741 Editiones.

382 3839 535 3922 Princeps
549 3839 699 3905 omnium
713 3839 836 3907 Veneta
851 3846 900 3907 est
915 3842 1012 3907 editio
1027 3861 1112 3908 anno
1127 3846 1224 3922 1116,
1243 3843 1324 3907 duas
1335 3841 1371 3906 in
1391 3840 1560 3906 columnas
1579 3839 1772 3918 distributa3
1791 3838 1833 3902 ad
1850 3839 1934 3919 enjus

342 3949 442 4013 1111111
451 3947 605 4029 leguntur
615 3948 674 4012 ista
687 3969 694 4013 :
710 3970 726 4009 o
738 3947 873 4032 Explicit
886 3949 1114 4033 compendium
1126 3950 1317 4031 theologice
1330 3949 1473 4013 veritatis
1482 3945 1688 4030 compilatum
1699 3963 1756 4029 per
1765 3945 1931 4010 libertum

343 4053 512 4136 Magnum,
526 4055 782 4139 impressumque
795 4057 935 4122 Venetiis
947 4076 1004 4141 per
1018 4057 1061 4122 M.
1075 4057 1337 4141 christophorum
1350 4054 1532 4122 Arnoldum
1546 4055 1742 4119 Alamanum
1755 4058 1849 4131 1116,
1861 4053 1933 4118 diet

344 4162 454 4246 aprilis
467 4160 676 4227 Serenissimo
692 4149 773 4228 duee
787 4164 915 4230 Andrea
927 4164 1150 4231 Vendrameno
1166 4169 1342 4246 regnante,
1360 4163 1433 4227 ier-l
1447 4180 1590 4245 parvo.»

263 4335 265 4340 ,
385 4269 510 4335 Rursus
523 4268 663 4335 venetiis
679 4272 739 4336 suh
757 4271 879 4337 Alberti
896 4273 939 4338 M.
956 4276 1087 4339 nomine
1100 4290 1251 4340 recusum
1267 4271 1328 4335 luit
1345 4288 1431 4353 oper
1445 4268 1638 4351 Gregorium
1652 4266 1891 4346 dalmatinum,
1907 4268 1935 4329 el
2026 4351 2027 4354 Ἴ

344 4377 500 4445 iacobum
517 4377 756 4460 Britannicum,
774 4384 871 4461 1183,
889 4380 940 4446 die
955 4387 971 4445 1
987 4382 1113 4465 aprilis,
1131 4380 1283 4447 Sereniss.
1300 4377 1384 4442 Duce
1399 4376 1521 4442 loanne
1536 4375 1697 4441 Moeenioo
1712 4379 1909 4455 regnante.»

389 4486 542 4552 Simihter
555 4486 672 4569 prodiit
684 4484 824 4551 Venetiis
834 4506 886 4552 an.
903 4491 993 4568 1183,
1010 4489 1096 4571 apud
1110 4487 1288 4552 Gabrielem
1300 4483 1403 4550 Crassi
1417 4484 1456 4548 de
1470 4480 1579 4565 Papia.

385 4592 470 4659 'l'um
481 4591 673 4674 Rothomagi
690 4611 747 4676 per
761 4593 893 4659 Petrum
904 4593 1076 4677 Regnault
1099 4598 1188 4676 1500,
1203 4595 1288 4659 in-8.

388 4702 509 4767 Ibidem
524 4720 582 4785 per
595 4701 757 4781 eumdem,
775 4705 866 4780 laos,
880 4703 983 4768 in-lt.

388 4809 599 4892 Anonymum
612 4827 692 4873 vero
705 4827 820 4874 cusum
835 4808 1162 4891 melchielitarum,
1177 4809 1263 4887 ln-l,
1276 4825 1386 4892 parvo.
1526 4851 1527 4854 ,
1579 4863 1581 4866 .

388 4917 533 5000 Itemque
548 4935 602 4980 an.
617 4920 707 4997 11100,
722 4935 780 5000 per
794 4916 837 4982 M.
853 4916 984 4984 Petrum
997 4919 1036 4994 de
1048 4916 1227 4999 Parenghis
1239 4914 1488 4998 Bergomeusem
1501 4914 1578 4977 inl.
1681 4963 1684 4968 .
1705 4937 1707 4940 ·

381 5076 613 5129 emerentiane.
627 5076 658 5127 de
671 5077 721 5129 CC.
734 5076 851 5130 michem.
867 5080 1061 5145 dupurtiuionle
1074 5081 1161 5146 script.
1176 5081 1275 5144 Romae,
1291 5079 1361 5142 stol,
1374 5091 1401 5142 p.
1412 5078 1452 5128 32.

379 5151 495 5216 ’script
511 5149 570 5201 eru.
585 5149 727 5213 Proedicol,
742 5153 805 5204 tom.
819 5152 846 5216 l,
860 5165 886 5216 p.
898 5155 952 5204 ill.

382 5258 416 5322 (a)
432 5259 467 5308 Le
477 5257 616 5308 sentiment
625 5256 691 5306 sutri
705 5271 752 5321 par
761 5258 829 5309 seint
841 5260 1021 5311 Beneventnre
1032 5260 1096 5311 dans
1106 5273 1147 5310 ses
1160 5257 1364 5310 Commentaires
1378 5271 1420 5308 sur
1435 5256 1458 5306 le
1468 5254 1532 5305 livre
1547 5254 1579 5304 tv
1590 5253 1637 5303 des
1650 5253 1786 5313 sentences,
1798 5252 1815 5302 tr
1826 5246 1933 5301 l'endroit

349 5330 470 5394 indique,
485 5330 567 5394 paruit
580 5328 707 5378 contraire
722 5328 774 5379 lla
787 5330 903 5382 doctrine
915 5332 949 5382 du
963 5336 1061 5383 concire
1074 5333 1106 5382 de
1121 5335 1231 5394 Trente,
1247 5345 1309 5380 sess.
1323 5331 1386 5392 Vll,
1401 5342 1459 5379 can.
1471 5338 1491 5377 11
1512 5324 1541 5375 de
1555 5325 1723 5375 Surrumentr's
1737 5326 1763 5373 in
1777 5338 1872 5389 perere.
1892 5320 1932 5370 Cet

350 5401 546 5453 commentaires
559 5401 630 5451 ilem
643 5399 772 5465 l'onvrege
783 5401 815 5451 de
828 5416 856 5452 ee
865 5402 1002 5468 jaunesse,
1017 5404 1035 5454 11
1048 5417 1082 5456 ne
1097 5402 1177 5455 serait
1188 5402 1330 5454 nullement
1340 5401 1466 5452 etonnant
1478 5396 1540 5463 qu’il
1556 5397 1600 5447 etl
1610 5395 1706 5446 rectilis
1719 5409 1768 5446 son
1779 5395 1883 5462 opinion
1895 5401 1932 5440 sor

349 5486 379 5525 ee
393 5471 468 5542 point
480 5472 544 5524 dans
557 5485 593 5524 un
604 5471 652 5537 ege
665 5469 723 5535 plue
731 5473 838 5524 aranei.
