4100 6300
366 472 429 537 aba
939 469 1253 536 SENTENTlllRUll
1279 472 1353 537 llo.
1376 473 1401 537 l.

381 602 591 672 nitestandam
601 605 736 688 alicujus
745 623 889 688 persona
900 606 1147 687 emanationem,
1204 608 1325 673 divinae
1339 609 1488 692 potentia
1502 626 1510 673 :
1528 625 1610 689 ergo
1626 606 1694 689 pati
1708 605 1824 669 ratione
1833 623 1874 688 pu
1884 606 1921 671 ab

382 712 460 795 quia
471 730 545 777 cum
558 713 613 780 illa
630 714 742 778 notitia
758 714 845 778 omni
867 719 1011 798 tempore
1033 714 1074 779 sit
1090 734 1151 780 ne·
1204 734 1270 800 qua
1292 716 1386 799 signa
1408 717 1544 783 visibilia
1556 715 1598 780 ad
1618 713 1830 797 cognitionem
1847 713 1923 778 divim

383 824 531 902 cessaria,
556 825 673 889 scilicet
689 833 832 911 tempore
853 826 934 909 legis
952 827 1099 911 scripta,
1121 831 1153 893 et
1205 823 1398 907 praesentiae.

385 950 481 1008 nunc,
497 933 623 997 videtur
634 935 719 1016 quod
739 937 770 997 et
781 937 859 999 tunc
879 939 911 999 et
923 954 1011 1000 nunc
1025 935 1153 1000 deberet
1247 932 1338 1011 ltem,
1350 931 1459 995 missio
1471 936 1519 996 est
1530 932 1570 997 ad
1581 928 1925 995 redimendumhooba

384 1059 450 1104 esse
476 1041 584 1105 missio
607 1042 749 1105 visibilis.
768 1041 930 1119 Quaeritur
951 1061 1030 1125 ergo
1052 1062 1151 1127 quare
1206 1040 1387 1123 perditum:
1402 1040 1455 1104 sed
1470 1040 1568 1104 bomo
1582 1044 1631 1103 cst
1643 1038 1788 1121 perditus
1801 1037 1927 1102 mamm

383 1148 486 1212 solum
498 1151 641 1231 tempore
654 1149 800 1215 Ecclesia
814 1151 997 1233 primitivae.
1207 1152 1357 1213 naturam
1370 1148 1528 1212 visibilem
1542 1152 1573 1211 et
1585 1146 1780 1211 invisibilem
1795 1145 1928 1224 :agonis

424 1259 453 1317 3.
467 1255 554 1333 item,
567 1260 866 1340 quantumcumque
872 1261 1021 1340 appareat
1029 1258 1062 1321 in
1072 1276 1155 1321 crea·
1207 1256 1255 1320 sio
1267 1256 1444 1321 secundum
1455 1259 1626 1338 utramque
1640 1259 1687 1318 est
1700 1253 1799 1317 utilis.

384 1365 476 1440 tura,
499 1381 563 1427 non
585 1365 766 1441 innotescit,
793 1365 855 1428 nisi
876 1365 1028 1429 revelatio
1049 1365 1151 1428 adsit:
1250 1364 1346 1443 ltem,
1363 1363 1549 1427 familiarius
1560 1364 1654 1427 offert
1669 1380 1766 1426 suam
1779 1363 1931 1443 prasertim

384 1469 438 1533 sed
452 1489 526 1533 cum
547 1470 668 1534 adesset
686 1471 838 1536 revelatio
854 1471 998 1547 interior,
1019 1476 1155 1534 ventum
1208 1473 1312 1555 quise
1333 1473 1426 1536 offert
1444 1473 1620 1536 secundum
1643 1489 1778 1535 sensum
1791 1473 1821 1534 et
1838 1470 1932 1533 neus

388 1576 487 1642 estad
503 1578 718 1660 cognitionem
735 1579 893 1643 veriorem
915 1581 946 1643 et
964 1579 1153 1656 certiorem,
1208 1584 1291 1659 tum,
1308 1598 1407 1662 quam
1418 1580 1474 1662 qui
1485 1579 1661 1654 secundnm
1677 1579 1816 1642 alierum
1827 1582 1933 1641 butun:

385 1702 483 1767 quam
494 1703 567 1767 qum
577 1690 624 1748 est
641 1704 768 1749 asensu
790 1706 798 1749 :
823 1686 850 1749 si
865 1704 944 1767 ergo
959 1687 1081 1750 babens
1100 1705 1156 1750 co·
1209 1687 1264 1752 sed
1278 1688 1340 1752 boc
1361 1687 1502 1751 maxime
1516 1685 1704 1769 expediebat
1714 1684 1838 1749 homini
1852 1704 1933 1760 avem,

385 1793 564 1874 gnitionem
580 1797 699 1857 certam
709 1813 772 1858 non
788 1794 1158 1877 indigetoccnparieirca
1210 1799 1247 1859 ut
1257 1798 1497 1860 converteretur
1507 1793 1547 1857 ad
1562 1792 1663 1857 ileum
1675 1810 1684 1855 ε
1696 1809 1790 1873 ergo,
1803 1796 1855 1856 ete.

386 1905 604 1988 cognitionem
613 1907 842 1989 imperfectam,
852 1907 1158 1990 ergovideturquod

386 2014 525 2078 exterior
536 2015 692 2097 apparitio
704 2014 838 2079 omnino
849 2015 1035 2097 superfluat.
1470 2026 1728 2094 coNcLUsm,

427 2126 458 2185 t.
486 2121 565 2185 ltem
586 2122 740 2205 probatur
762 2122 860 2186 etiam
886 2121 972 2204 quod
993 2122 1157 2205 impediat,

387 2234 433 2298 sic
448 2256 456 2298 ι
472 2233 613 2298 Affectus
623 2234 710 2297 circa
721 2233 806 2297 bona
818 2232 959 2298 visibilia
972 2238 1158 2317 occupatus,

388 2340 496 2405 minus
509 2341 615 2423 surgit
637 2342 677 2405 ad
696 2341 781 2405 bona
796 2340 970 2406 invisibilia
990 2364 997 2406 :
1021 2360 1100 2423 ergo
1114 2342 1161 2406 si-

1212 2203 1334 2278 Spiritus
1343 2204 1433 2258 sancti
1446 2202 1565 2258 visibilis
1577 2203 1669 2257 missio
1682 2202 1765 2256 utilis
1777 2202 1831 2269 tritt
1841 2199 1873 2254 od
1881 2203 1938 2254 nni

1248 2293 1401 2363 sectandum
1420 2296 1616 2349 arcuationem
1635 2295 1662 2347 ct
1678 2291 1903 2360 inrobitotiocaa,
1915 2307 1938 2345 a

1250 2384 1364 2441 οιιιιιιιιιιι
1374 2383 1557 2456 plenitudinis
1569 2381 1792 2438 redundantiam.

389 2452 505 2516 militer
520 2450 698 2514 intellectus
712 2468 721 2513 :
737 2468 827 2532 ergo,
838 2450 865 2513 si
874 2449 968 2515 debet
980 2451 1021 2515 ad
1034 2469 1162 2534 percep
1991 2483 1994 2572 p

389 2563 508 2625 tionem
536 2559 746 2623 invisibilium
766 2558 903 2636 elevari,
925 2578 993 2624 non
1017 2559 1110 2624 debet
1133 2558 1163 2622 ei
1256 2551 1349 2635 Resp.
1364 2551 1404 2616 ad
1418 2552 1499 2633 Arg.
1517 2550 1693 2614 Dicendum
1707 2548 1795 2632 quod
1808 2544 1940 2611 missioli

389 2667 459 2733 fleri
479 2666 615 2732 ostensio
635 2666 811 2730 visibilium
828 2683 837 2728 ι
852 2666 939 2749 quod
952 2667 978 2730 si
991 2667 1062 2742 flat,
1078 2665 1164 2731 vide·
1216 2658 1251 2722 lii
1274 2659 1406 2722 visibilis
1429 2658 1592 2741 propriam
1617 2661 1650 2721 el
1676 2656 1846 2719 maximam
1866 2654 1940 2716 baini

393 2781 447 2840 tur
460 2775 567 2859 potius
579 2774 738 2857 impediri,
752 2792 850 2857 quam
860 2775 982 2857 juvari.
1218 2767 1398 2845 utilitatem,
1412 2766 1493 2829 sicut
1506 2764 1627 2847 patebit
1638 2764 1672 2827 in
1685 2764 1780 2828 tertio
1788 2769 1810 2826 ¹.
1825 2761 1876 2827 Sed
1886 2779 1941 2824 nna

431 2889 462 2948 5.
481 2882 576 2960 ltem,
598 2882 625 2944 si
643 2882 752 2946 missio
764 2886 811 2946 est
830 2882 869 2946 ad
887 2881 1163 2959 innotescendum,
1218 2876 1257 2939 de
1271 2874 1393 2957 Spiritu
1405 2877 1513 2936 sancto
1530 2873 1716 2950 dicendum,
1731 2869 1943 2953 quodejusna

394 3010 470 3056 cum
483 2990 601 3072 triplex
613 2990 704 3053 sitm
716 2990 807 3053 nobis
828 2988 878 3054 vis
892 2990 1066 3071 cognitiva,
1079 2989 1167 3052 scili-
1219 2984 1266 3046 sio
1288 2981 1423 3045 visibilis
1446 2981 1535 3045 utilis
1555 2981 1658 3044 estad
1676 2978 1943 3043 manifestandam

394 3104 443 3163 cet
475 3116 588 3163 sensus
619 3096 786 3177 exterior,
821 3100 853 3162 et
882 3097 1096 3180 imaginatio,
1136 3099 1168 3159 et
1221 3090 1456 3154 emanationem
1489 3092 1520 3152 ct
1540 3088 1821 3165 inhabitationem
1843 3085 1887 3150 sed
1902 3101 1943 3146 nor
1997 3101 2000 3189 p

393 3206 582 3286 intellectus,
595 3207 815 3271 etseoundum
826 3207 910 3272 hanc
927 3208 1085 3291 triplicem
1099 3206 1167 3271 vim
1220 3198 1488 3282 qualemcumque
1498 3197 1776 3272 mbabitationem
1787 3192 1944 3259 necinonxi
1998 3272 1999 3283 ἵ

396 3313 510 3396 triplex
523 3314 706 3396 assignetur
718 3333 798 3380 vrsro
813 3314 1016 3398 prophetalis,
1028 3315 1099 3397 pari
1115 3332 1168 3377 ra·
1223 3323 1341 3387 genere
1366 3324 1522 3388 personae
1550 3304 1722 3389 Propterea
1747 3301 1943 3384 intdbgatm
1998 3294 1999 3321 ³

396 3423 482 3486 tione
507 3421 634 3486 videtur
654 3421 740 3504 quod
768 3423 883 3506 triplex
905 3422 1015 3486 missio
1041 3422 1171 3487 deberet
1223 3414 1309 3497 quod
1321 3419 1368 3477 est
1385 3413 1572 3478 inhabitatio
1586 3413 1706 3496 duplex
1725 3412 1945 3476 :scilicetsemr

397 3529 563 3612 distingui.
583 3529 761 3606 Praeterea,
777 3549 852 3594 cum
866 3530 974 3594 missio
987 3529 1029 3593 sit
1040 3529 1082 3594 ad
1099 3547 1170 3592 ma·
1224 3523 1303 3587 dum
1316 3522 1570 3587 sanctificationis
1582 3522 1944 3598 sullicientiam,etscan·

399 3638 631 3702 niiestationem
646 3638 897 3718 inhabitationis
913 3643 945 3702 et
957 3637 1059 3702 Filius
1074 3637 1172 3701 inba-
1226 3630 1303 3694 duni
1329 3629 1535 3712 plenitudinis
1555 3630 1810 3693 redundantiam.
1835 3627 1882 3690 llla
1899 3641 1945 3705 qna

399 3748 477 3811 bitet
490 3746 572 3809 sicut
591 3744 728 3827 Spiritus
750 3749 896 3825 sanctus,
918 3763 1019 3827 quare
1038 3763 1106 3807 non
1126 3747 1174 3807 est
1227 3742 1274 3801 est
1291 3738 1468 3802 secundum
1487 3734 1944 3803 sanctificationissuiticientiim

400 3853 509 3917 missio
524 3853 656 3917 visibilis
668 3853 709 3917 ad
722 3853 991 3918 manifestandum
1004 3854 1112 3917 illamt
1228 3845 1361 3909 interius
1373 3845 1577 3909 invisibiliter
1590 3846 1682 3923 latet;
1699 3862 1770 3927 quae
1783 3861 1854 3907 vero
1869 3857 1946 3902 sena

283 3983 387 4027 runa
442 3959 502 4025 Sed
526 3964 637 4025 eontm
654 3961 765 4037 :Quod
794 3962 835 4024 sit
858 3962 946 4026 utilis
973 3963 1012 4026 ad
1036 3963 1175 4026 innotes-
1219 3954 1307 4018 dum
1332 3953 1598 4031 redundantiam,
1626 3952 1765 4016 exterius
1789 3948 1947 4033 appareti

281 4050 360 4090 mm·
401 4069 550 4144 cendum,
568 4067 706 4146 videtur,
719 4068 797 4149 quia
816 4068 957 4149 cognitio
973 4074 1084 4133 nostra
1097 4068 1176 4131 inci·
1229 4061 1300 4125 ideo
1314 4061 1386 4124 talis
1404 4059 1592 4124 inhabitatio
1605 4060 1640 4123 in
1653 4060 1746 4140 signo
1759 4057 1864 4121 visibili
1878 4061 1949 4117 etex·

402 4176 448 4257 pit
468 4193 598 4239 asensu
618 4194 625 4234 ε
648 4193 739 4255 ergo,
764 4175 790 4238 si
816 4175 970 4240 debemus
992 4177 1112 4243 elevari
1137 4182 1177 4245 ad
1231 4169 1338 4233 teriori
1361 4168 1554 4231 manifestari
1569 4168 1672 4245 debet,
1688 4161 1949 4229 sicutlactumesiin

406 4283 640 4366 perceptionem
661 4283 921 4365 intelligibilium,
945 4304 1132 4369 congruum
1147 4292 1178 4352 et
1232 4279 1391 4363 apostolis.
1412 4279 1564 4343 Similiter
1583 4278 1823 4360 intelligendum
1835 4271 1950 4359 quodie

403 4391 539 4475 perutile
564 4391 718 4473 estquod
739 4392 846 4474 aliquo
874 4393 969 4457 modo
989 4396 1113 4476 praevia
1137 4395 1179 4459 sit
1232 4388 1307 4471 plex
1328 4392 1376 4451 esi
1392 4406 1497 4469 genus
1518 4387 1744 4451 credentium:
1765 4385 1880 4468 (liddam
1893 4380 1950 4445 Μ

403 4499 552 4564 excitatio
569 4499 603 4562 in
628 4517 727 4562 sensu
747 4517 805 4581 per
823 4499 967 4582 signum.
989 4500 1028 4565 ιιι
1045 4502 1107 4566 hoc
1132 4507 1180 4567 est
1234 4495 1465 4576 volunlsigna,
1483 4498 1596 4577 utputa
1611 4495 1783 4570 sensualem
1798 4486 1951 4576 quidafflitr

404 4606 489 4690 quod
523 4606 596 4669 dicit
631 4604 803 4687 Gregorius
825 4613 835 4648 ¹
860 4607 997 4673 :ellum
1010 4610 1181 4675 visibiliter
1235 4603 1446 4684 telligentiam
1460 4606 1613 4685 quaerunt
1631 4602 1685 4685 (a),
1698 4602 1892 4685 utpulfldffl
1906 4610 1951 4677 W

404 4714 506 4780 Deum
528 4715 771 4797 cognoscimus,
786 4733 843 4799 per
867 4716 957 4781 bunc
980 4717 1015 4781 in
1032 4719 1182 4783 invisibi·
1236 4711 1328 4775 vecti·
1345 4710 1530 4788 Quaerentes
1546 4710 1662 4791 signa,
1676 4715 1713 4775 ut
1730 4709 1856 4793 perhaess
1870 4719 1952 4768 mill

403 4822 497 4903 lium,
512 4844 528 4882 ι
543 4826 603 4887 etc.
1237 4820 1396 4883 ducantur
1409 4819 1449 4882 ad
1464 4817 1691 4899 intelligibilia,
1706 4822 1825 4903 propter
1837 4814 1899 4878 bier
1909 4808 1952 4872 uti·

446 4930 536 5010 ltem,
560 4932 643 4996 siout
666 4931 820 4996 miracula
840 4932 1012 4997 ostendunt
1036 4934 1183 4999 divinam
1238 4927 1277 4991 lis
1295 4932 1342 4990 est
1367 4927 1475 4990 missio
1492 4926 1649 5003 visibilis,
1675 4928 1716 4992 ad
1741 4917 1950 4991 manifestandae

406 5040 591 5124 potentiam,
607 5039 653 5102 ita
672 5039 766 5120 signa
787 5039 930 5104 divinam
950 5042 1181 5123 presentiam:
1239 5034 1501 5099 inhabiiaiiffiem
1528 5035 1706 5100 secundum
1729 5028 1905 5119 plenitssd'fflss
1919 5040 1951 5086 ιθ

407 5148 461 5212 scd
476 5147 552 5211 utile
566 5147 627 5209 suit
648 5151 680 5211 cl
693 5149 965 5229 pernecessarium
985 5149 1086 5213 tidem
1110 5170 1185 5215 nos-
1240 5142 1447 5206 <tundentium
1474 5142 1529 5223 (b),
1546 5148 1577 5205 et
1597 5143 1659 5207 hoe
1682 5141 1813 5226 personis
1825 5131 1952 5202 mannir-

408 5258 488 5318 tram
501 5254 672 5318 manuduci
686 5273 742 5335 per
752 5255 1184 5339 miraculaadcognitionem
1240 5251 1348 5313 tendis
1365 5268 1422 5332 per
1440 5268 1580 5313 sensum·
1597 5249 1644 5314 Ex
1666 5252 1725 5316 hoc
1740 5254 1815 5333 pelei
1830 5246 1951 5329 pfl'ffllfflr

443 5415 581 5479 ¹Grag.‚in
590 5414 786 5479 proes.thivr't.
798 5417 991 5469 Domin.-·¹ln
1003 5417 1092 5469 libili
1105 5420 1186 5483 Seni„
1273 5412 1309 5477 (a)
1324 5412 1386 5463 Cret.
1399 5412 1438 5462 ed.
1452 5418 1606 5477 quaerentes.
1618 5414 1687 5479 ·-(tl
1698 5414 1755 5465 Cat.
1773 5411 1807 5462 ed
1825 5400 1949 5460 nummo

414 5485 473 5537 dist.
485 5497 506 5551 1,
518 5489 566 5536 art.
579 5489 604 5548 2,
619 5489 646 5537 ct
658 5485 728 5536 alibi.
937 5536 940 5541 ,
1242 5498 1303 5540 nem
1316 5483 1482 5550 plenitudinis
1494 5484 1670 5537 redundantis.
