4100 6300
333 470 336 475 ’
394 502 454 566 rso
956 500 1269 569 summulam
1291 501 1364 568 un.
1387 502 1413 568 r.

392 636 645 720 significationis,
655 640 803 702 ettamen
813 640 861 701 est
872 637 954 703 dese
965 654 1155 703 commuue:
1215 637 1405 717 accusativo,
1419 637 1454 702 id
1466 638 1524 712 θεῖ,
1535 653 1592 719 per
1606 635 1763 719 Spiritum
1773 640 1926 716 sanarunt

393 750 426 810 et
435 745 497 810 tale
509 750 557 810 θεῖ
566 746 628 810 hoc
639 764 756 811 nomeu
769 746 923 812 charitas.
941 745 1042 810 Aliter
1058 748 1160 829 potest
1214 747 1330 828 regula
1348 750 1396 811 θεῖ
1417 747 1504 829 quod
1521 746 1592 810 haec
1612 744 1801 827 preposito,
1819 760 1926 826 peram

394 853 455 917 dici
477 853 563 935 quod
587 853 722 917 elanus
747 859 795 918 θεῖ
819 872 1001 931 commune,
1027 858 1058 918 θῖ
1084 872 1160 937 pro-
1214 851 1511 930 verbistransitivts
1520 852 1596 916 dicit
1604 851 1927 930 subauctoritateu;cun

393 961 515 1043 prium,
547 966 578 1024 et
612 961 866 1043 appropriatum
902 965 935 1025 et
957 959 1161 1042 Augustinus
1214 960 1366 1024 absolutis
1389 964 1509 1035 autem,
1533 960 1765 1024 auctoritatem.
1787 956 1869 1035 Unde,
1882 978 1927 1025 rau

392 1067 497 1152 primo
518 1067 654 1132 ostendit
673 1067 760 1150 quod
776 1071 824 1131 est
841 1067 1080 1150 appropriatum
1102 1084 1160 1149 per
1214 1068 1350 1152 diligere
1374 1070 1415 1132 sit
1436 1067 1654 1146 transitivum,
1683 1050 1796 1133 sensus
1816 1073 1862 1146 est
1875 1073 1928 1152 qul

392 1175 893 1259 similitudinemadsapientiam‚
901 1178 933 1239 θῖ
943 1179 1014 1257 post
1024 1174 1161 1239 ostendit
1215 1174 1308 1240 Pater
1328 1181 1360 1239 θῖ
1385 1175 1484 1241 Filius
1506 1175 1647 1256 diligunt
1673 1194 1732 1240 nos
1754 1194 1806 1258 per
1824 1175 1929 1258 Spiritu

392 1282 479 1364 quod
503 1284 551 1345 θεῖ
568 1282 746 1364 proprium,
772 1281 871 1359 inira,
898 1281 1009 1346 eadem
1031 1281 1160 1346 distinc-
1214 1289 1373 1359 sanctum,
1386 1283 1627 1366 quasidiceret:
1649 1284 1748 1351 Pater
1768 1292 1931 1366 martura
1995 1284 1996 1337 i

391 1388 500 1453 tione:
522 1389 616 1455 Nunc
639 1405 712 1456 υθτθ
731 1388 818 1473 qaod
838 1390 1031 1471 incepimus
1054 1394 1159 1455 orten-
1215 1392 1347 1458 Filium.
1363 1391 1424 1456 Sed
1437 1389 1508 1454 haee
1520 1390 1677 1473 expositio
1688 1408 1757 1454 non
1769 1390 1932 1455 maturar—

392 1495 474 1573 dere,
491 1500 551 1561 etc.
573 1495 663 1562 Unde
676 1515 717 1562 ex
732 1497 792 1562 lrae
805 1496 992 1562 auctoritate
1010 1515 1077 1560 nou
1099 1497 1160 1562 ha·
1214 1498 1359 1578 veniens,
1374 1498 1451 1580 quia
1464 1496 1611 1561 similiter
1627 1500 1731 1580 potest
1750 1496 1933 1563 dictrictae
1995 1488 1996 1577 l

392 1604 487 1668 ntur
498 1605 733 1687 pueraria
746 1604 1160 1688 apopompeium
1215 1605 1502 1688 serracenorum,
1528 1604 1595 1670 sive
1624 1603 1744 1671 muer
1773 1619 1827 1670 aa
1851 1604 1934 1685 sesa
1995 1582 1996 1667 l

392 1712 479 1796 quod
491 1712 742 1795 appropriatum.
760 1711 819 1776 Sed
833 1718 942 1777 tamen
953 1731 995 1777 err
1008 1713 1078 1776 aliis
1089 1731 1161 1779 ver·
1214 1720 1337 1790 sancto,
1360 1713 1446 1796 quod
1468 1730 1534 1776 non
1555 1711 1628 1775 vult
1645 1710 1753 1776 dicere
1773 1712 1933 1793 Augustim

391 1817 441 1881 his
461 1817 655 1898 Augustini¹
676 1818 812 1883 habetur
833 1820 919 1902 quod
940 1821 1078 1885 charitas
1094 1839 1160 1886 non
1216 1819 1386 1903 Propterea
1410 1820 1607 1896 notandum,
1639 1820 1729 1902 quod
1760 1819 1877 1902 dilium
1899 1820 1936 1884 als

392 1926 499 1991 solum
520 1928 567 1989 θεῖ
585 1926 838 2008 appropriatum,
853 1926 909 1991 sed
923 1927 1020 1991 etiam
1033 1929 1161 2011 proprie
1216 1926 1344 2009 quando
1365 1929 1492 1991 tenetur
1514 1943 1597 2009 pure
1617 1925 1831 2000 essentialiter,
1848 1932 1877 1991 ut
1890 1946 1936 1990 cru

393 2035 560 2117 proprium
591 2033 727 2117 Spiritus
751 2035 863 2099 sancti.
897 2035 947 2100 Ad
970 2036 1050 2102 illud
1074 2039 1160 2121 quod
1216 2032 1350 2098 dicitur:
1377 2034 1473 2101 Pater
1495 2040 1525 2099 tt
1544 2032 1650 2100 Filittt
1677 2032 1819 2117 diligunt
1840 2050 1883 2107 ca·
1902 2035 1938 2097 ali

394 2143 544 2225 objicitur
562 2144 648 2226 quod
667 2142 803 2207 charitas
823 2145 1046 2227 appropriatur
1063 2143 1159 2225 Patri,
1216 2141 1344 2223 quaudo
1362 2158 1444 2223 pure
1463 2140 1678 2217 notionaliter‚
1698 2145 1737 2204 ut
1757 2160 1827 2205 oum
1844 2141 1937 2205 didtu:

394 2249 563 2315 dicendum
591 2249 676 2333 quod
707 2249 845 2315 charitas
874 2250 971 2314 hahet
1002 2249 1161 2332 duplicem
1217 2249 1311 2317 Pater
1325 2256 1355 2315 et
1372 2248 1478 2315 Filiae
1497 2248 1642 2330 eliderent
1661 2264 1693 2315 se
1717 2248 1841 2332 Sptrtre
1856 2256 1937 2327 sanc,

394 2358 662 2440 comparationem
682 2358 721 2421 ad
733 2358 868 2421 virtrrtes
886 2358 975 2422 alias.
991 2358 1161 2441 Compara·
1216 2356 1298 2420 sicut
1309 2356 1442 2440 patebit3
1460 2355 1938 2439 aliquandopartimesrentiaitu‚

393 2470 447 2530 tur
459 2465 544 2530 enim
558 2469 596 2530 ut
606 2468 719 2542 mater,
731 2470 768 2529 ut
777 2465 853 2531 dicit
862 2466 1070 2544 Ambrosium·
1078 2484 1162 2530 com·
1216 2463 1333 2545 partim
1343 2463 1558 2540 notionaliter‚
1570 2463 1653 2528 siout
1662 2482 1740 2528 cum
1753 2455 1874 2529 dicitur:
1886 2463 1939 2528 lili

393 2577 525 2657 paratur
545 2577 582 2638 ut
598 2573 776 2652 duculum,
797 2577 834 2637 ut
852 2573 927 2637 dicit
949 2572 1160 2656 Apostolus¹r
1216 2576 1298 2653 putu
1319 2586 1377 2637 tros
1401 2570 1529 2652 Spiritu
1549 2576 1672 2637 sancto.
1692 2570 1735 2634 Et
1753 2588 1794 2635 ex
1809 2570 1862 2635 hoc
1877 2572 1939 2652 patet

395 2681 546 2747 Clamas
558 2686 606 2747 est
618 2681 783 2747 onmem
797 2682 1015 2764 perfectionis.
1031 2680 1162 2745 Ratione
1216 2676 1294 2761 qrria
1306 2677 1394 2742 idem
1409 2681 1457 2742 est
1470 2676 1596 2742 Patrem
1609 2677 1776 2743 etlilium
1788 2678 1941 2760 (ῖῖῖὶςθιθθε

393 2787 500 2870 primi,
522 2787 745 2871 appropriatur
760 2786 862 2869 Patri;
881 2788 1005 2854 ratione
1017 2789 1160 2869 secundi,
1217 2784 1338 2869 Spiritu
1362 2791 1485 2865 emoto,
1517 2786 1635 2851 sulioet
1664 2786 1822 2870 Spiritum
1839 2790 1941 2851 audin

393 2892 525 2977 Spiritui
547 2899 666 2960 sancto.
691 2894 741 2960 Ad
760 2894 840 2960 illud
856 2897 943 2979 qrrod
961 2896 1109 2978 objicitur
1123 2896 1163 2961 de
1216 2894 1310 2958 nobis
1321 2894 1457 2973 mittere,
1468 2894 1536 2960 sive
1546 2894 1714 2977 inspirare.
1730 2894 1847 2959 Mittere
1857 2898 1941 2967 auca

394 2999 560 3080 Richardo,
587 3000 757 3066 dicendum
779 3001 866 3083 quod
893 3001 1073 3083 gratuitum
1096 3020 1163 3066 non
1216 2999 1284 3064 sive
1304 3000 1472 3082 inspirare,
1494 3000 1646 3082 importat
1667 3004 1779 3067 actum
1795 2999 1942 3066 noticnalen

393 3105 467 3172 elicit
480 3106 703 3191 proprietatem
715 3109 845 3188 amona,
862 3108 931 3175 sive
945 3110 1093 3191 amandi3
1108 3109 1164 3175 sed
1217 3112 1248 3173 et
1267 3107 1479 3186 essentialem,
1494 3108 1573 3192 quia
1594 3126 1709 3175 sensus
1730 3113 1780 3175 est
1798 3108 1872 3193 quod
1885 3106 1943 3191 eriri

393 3214 619 3299 proprietatem
638 3234 796 3300 personae,
811 3235 887 3300 quse
906 3217 960 3283 dat
978 3221 1010 3282 et
1029 3236 1095 3283 non
1114 3236 1163 3284 re·
1215 3222 1287 3284 tum
1310 3218 1499 3302 producunt,
1520 3221 1553 3283 et
1572 3218 1696 3283 donum
1712 3222 1786 3302 ejus
1803 3219 1883 3284 nobis
1895 3234 1943 3280 cru

392 3322 477 3407 cipit.
1216 3327 1334 3391 ferunt.
1350 3325 1439 3392 Unde
1453 3326 1529 3392 dicit
1541 3325 1638 3390 simul
1651 3324 1791 3410 Spiritus
1802 3327 1943 3408 arripe

709 3442 779 3489 DUB·
801 3440 848 3486 111·
1217 3433 1581 3517 ductionemetgratiae
1594 3433 1944 3516 collationem3etpuan

393 3556 502 3623 spiritus
513 3562 616 3610 emetur
630 3560 670 3608 est
682 3557 784 3608 dicatio
799 3570 850 3622 qua
860 3558 935 3608 Pater
948 3560 974 3609 θῖ
986 3556 1064 3609 Filius
1075 3571 1103 3608 εθ
1121 3557 1162 3609 iu·
1217 3541 1267 3605 Vis
1279 3545 1424 3624 respectu
1437 3544 1527 3605 acius
1539 3540 1716 3606 essentialis
1737 3561 1804 3608 non
1819 3540 1943 3623 roejpitmt

615 3629 700 3680 essm
714 3631 739 3679 θ
752 3642 800 3680 ¹¹⁰⁸
818 3628 933 3693 segur.
1216 3648 1369 3712 habituro
1388 3647 1529 3728 arasa,
1558 3647 1709 3731 recipior
1736 3655 1841 3714 umen
1860 3648 1944 3711 eso

433 3754 594 3847 Quaeritur
611 3759 723 3821 utrum
741 3752 835 3818 Pater
856 3758 887 3818 et
903 3753 1005 3818 Filius
1028 3754 1164 3837 diligant
1216 3753 1368 3831 notionis3
1392 3753 1473 3818 sieut
1497 3759 1529 3818 et
1551 3753 1627 3818 hic:
1652 3755 1756 3822 Pater
1775 3755 1851 3822 dicit
1869 3769 1894 3820 st
1907 3767 1944 3817 rs

392 3882 451 3928 nos
471 3863 593 3946 Spiritu
609 3867 728 3926 sancto.
749 3860 864 3925 Utrum
877 3861 965 3925 enim
977 3879 1011 3925 εθ
1029 3862 1163 3943 diligant
1221 3860 1329 3940 Verbo,
1351 3862 1428 3926 dicit
1443 3863 1541 3926 etiam
1563 3866 1729 3927 creaturas
1744 3863 1861 3928 terlio:
1879 3858 1944 3923 dull

393 3969 514 4052 Spiritu
526 3972 646 4048 sancto,
661 3967 820 4051 quantu
833 3966 969 4032 distinct
987 3985 1092 4049 xxxrr,
1106 3969 1164 4034 ubi
1217 3970 1312 4035 modo
1324 3969 1568 4052 intelligendum
1583 3973 1631 4034 est
1644 3970 1680 4034 in
1692 3972 1861 4054 proposito.

393 4076 486 4140 iatam
513 4073 724 4157 questionem
754 4072 930 4156 specialiter
957 4078 1081 4154 movet3
1108 4075 1163 4140 sed

393 4182 498 4266 prima
516 4181 643 4248 videtur
663 4180 793 4246 omnino
814 4180 903 4257 falsa,
922 4184 954 4245 θῖ
974 4182 1161 4266 impropria.

394 4291 573 4356 cumeum
586 4290 721 4357 uorem:
739 4291 836 4358 aare
853 4297 884 4358 er
897 4292 1003 4358 resur
1017 4291 1164 4376 crepat
1459 4275 1520 4328 aa
1532 4275 1601 4327 m
1613 4274 1755 4327 armai

393 4414 464 4477 cor,
478 4403 551 4477 etc,
565 4379 688 4463 θθιὶεῖθῖ
702 4398 789 4481 quod
798 4400 936 4464 verbum
948 4399 1163 4482 diligendite-
1256 4400 1417 4478 Quaeritur
1437 4400 1516 4483 quid
1537 4400 1661 4465 dieatrrr
1687 4419 1747 4483 per
1767 4401 1826 4465 lroc
1843 4412 1943 4464 nonu.

393 4510 491 4571 netur
504 4505 732 4570 essentialiter:
744 4524 836 4588 ergo,
850 4507 876 4570 si
889 4508 1027 4590 diligant
1042 4508 1163 4591 Spiritu
1216 4511 1337 4576 unitor.
1354 4510 1421 4573 Aut
1434 4509 1541 4572 unitas
1559 4508 1635 4572 dicit
1655 4509 1812 4573 unitatem
1829 4502 1943 4572 meud-

393 4619 512 4693 sancta
523 4618 600 4678 sunt
609 4611 748 4696 Spiritus
758 4618 897 4678 sanctus.
910 4613 950 4679 lit
959 4616 1078 4681 iterum
1089 4615 1164 4680 dicit
1215 4617 1291 4694 lem,
1304 4621 1361 4681 aut
1374 4616 1580 4696 notioualem,
1605 4620 1665 4680 aut
1683 4616 1942 4699 penandmzmu

392 4720 614 4804 Augustinus⁸
627 4720 714 4803 quod
726 4721 797 4785 haec
808 4720 897 4785 nullu
910 4722 1006 4787 modo
1020 4722 1163 4787 concedi·
1215 4722 1424 4802 essendalem,
1439 4721 1518 4805 qnia
1530 4725 1608 4786 tunc
1622 4741 1690 4788 uon
1702 4728 1786 4789 esset
1802 4722 1942 4787 aurbum

392 4835 468 4896 tur:
490 4830 585 4897 Pater
605 4828 719 4913 diligit
739 4844 772 4894 se
793 4828 921 4910 Spiritu
940 4837 1062 4911 sancte,
1086 4832 1163 4913 quia
1215 4830 1270 4895 sed
1292 4830 1410 4908 trium;
1433 4847 1500 4893 non
1520 4830 1728 4909 nodonalem,
1749 4832 1825 4915 quia
1844 4827 1942 4911 sputa

392 4937 528 5021 diligere
540 4941 666 5003 tenetur
678 4937 908 5002 esmntialiter:
924 4956 1004 5020 ergo
1014 4939 1163 5004 similiter
1215 4944 1343 5004 sanctus
1355 4956 1422 5003 non
1430 4942 1478 5003 θεῖ
1486 4940 1668 5005 communis
1676 4941 1886 5023 spnauomon
1893 4947 1942 5017 pr

392 5045 610 5129 inproposito.
1215 5044 1712 5126 mnalem,quiaPateretFilius
1721 5064 1787 5112 non
1796 5049 1941 5110 suorum

433 5151 527 5235 Resp.
544 5151 679 5229 Quidam
696 5152 808 5218 dicunt
825 5154 912 5236 quod
930 5154 1090 5219 ahudvus
1109 5153 1163 5220 ille
1215 5154 1250 5219 in
1263 5137 1409 5238 persone.
1455 5155 1459 5162 '

393 5260 564 5343 exponitur
572 5260 721 5343 perhanc
729 5259 997 5343 praepositionem,
1005 5276 1074 5345 par,
1086 5279 1163 5326 aum
1256 5261 1335 5326 ltem
1357 5259 1525 5343 quaeum
1554 5275 1622 5341 quo
1648 5260 1743 5326 modo
1768 5260 1834 5324 hac
1861 5252 1941 5319 asu

426 5420 435 5454 ¹
457 5419 494 5469 lte
513 5418 613 5480 Triuia,
624 5417 669 5470 lib.
682 5420 736 5483 xv,
751 5421 1162 5489 o.1v11.-²colorr.,1u‚tl.-
1216 5373 1369 5452 guantur’
1384 5374 1507 5446 'mm’
1520 5370 1692 5446 ΝΜ
1707 5368 1851 5435 W'

394 5488 790 5555 ⁸nerrrnrr.,m.xv,avu.
1217 5537 1221 5546 ,
1256 5475 1348 5558 lleep.
1372 5467 1939 5558 utendumquoduniraspenoulfl

1533 4155 1602 4200 DUB·
1625 4154 1672 4201 1v.
