4100 6300
784 541 974 610 BIS'HNOE.
995 539 1051 609 nl.
1677 551 1717 615 to
1795 551 1797 556 ’

121 685 160 750 in
173 678 889 763 recommendationem.
943 694 1114 761 mam
1135 677 1330 761 producere3
1355 698 1372 740 s
1397 676 1475 760 quia
1501 677 1564 744 hoc
1582 695 1651 756 non
1669 683 1718 746 est

122 792 377 859 Nonlamenest
390 789 521 856 omnino
534 789 655 870 simile,
670 788 804 873 qiriaihi
817 805 893 853 oum
944 785 1183 871 dareamplius,
1200 786 1255 852 sed
1268 784 1332 850 alio
1345 785 1452 851 modo.
1592 807 1600 816 ·

119 901 247 966 unitate
260 898 462 975 sumenda,
482 901 530 962 est
548 897 674 962 trinitas
686 897 848 962 rationum
861 899 893 961 et
985 898 1016 960 ἓ.
1032 892 1197 975 Similiter,
1212 911 1348 977 sequens
1359 893 1494 976 objectio
1514 912 1570 976 per
1582 892 1645 959 hoc
1658 910 1715 977 pa·

120 1028 255 1089 rerum,
273 1007 390 1073 scilicet
409 1023 638 1089 personarum
658 1004 728 1082 hic,
748 1007 891 1069 tanturn·
944 1000 1715 1086 tet;quiaFiliusnonomnimododeclarat3quia,

119 1116 221 1181 modo
238 1114 414 1180 rationum.
441 1110 604 1194 Similiter,
626 1112 653 1176 si
676 1110 893 1176 consideretur
946 1110 1003 1175 etsi
1018 1110 1196 1176 secundum
1209 1109 1364 1173 rationem
1375 1114 1515 1187 naturae,
1531 1114 1718 1174 nontamen

118 1241 280 1288 numerus
293 1221 351 1287 iste
368 1222 402 1286 in
419 1221 594 1304 quantitate
615 1219 783 1294 continua,
797 1219 893 1284 hahet
946 1218 1123 1283 secundum
1143 1216 1369 1285 liberalitatem
1385 1218 1577 1298 voluntatis,
1597 1217 1658 1281 uisi
1683 1216 1717 1282 in

117 1330 154 1395 in
176 1348 213 1395 se
230 1329 367 1412 primam
389 1327 631 1410 perfectionem,
652 1331 684 1391 et
702 1344 863 1391 summam
882 1347 890 1390 ε
946 1328 1106 1409 quantum
1118 1345 1159 1391 ex
1175 1328 1244 1410 ipso
1254 1325 1358 1393 Verbo
1372 1326 1512 1409 procedit
1525 1324 1674 1409 Spiritus.

117 1437 280 1519 primam,
293 1435 370 1522 quia
386 1436 492 1500 omnis
509 1434 669 1518 quantitas
686 1432 783 1498 hahet
801 1434 892 1516 prin·
987 1432 1018 1493 3.
1039 1428 1088 1493 Ad
1109 1427 1188 1494 illud
1203 1429 1288 1511 quod
1303 1428 1466 1510 objicitur,
1483 1428 1569 1510 quod
1583 1427 1718 1511 Spiritus

117 1544 261 1627 cipium,
284 1541 443 1616 medium,
468 1544 500 1604 et
516 1539 686 1618 ultimum;
709 1557 891 1619 summam,
946 1541 1075 1601 sauctus
1100 1536 1193 1601 debet
1215 1538 1387 1619 generare3
1417 1534 1607 1610 dicendum,
1631 1537 1719 1618 quod

118 1649 200 1733 quia
224 1649 375 1733 perfectio
395 1646 580 1731 quantitatis
603 1645 764 1711 continuae
780 1663 892 1729 supre-
947 1660 1014 1708 non
1034 1646 1081 1708 est
1095 1643 1209 1722 simile,
1226 1643 1303 1727 quia
1320 1660 1456 1725 persona
1477 1641 1550 1706 Filii
1569 1643 1719 1725 praemdit

117 1775 177 1821 ma
189 1759 234 1837 (a)
248 1753 390 1820 consistit
401 1754 435 1818 in
450 1753 536 1818 trina
547 1751 761 1829 dimensione,
778 1752 894 1817 scilicet
947 1750 1165 1834 spirationem,
1174 1751 1244 1816 ideo
1253 1751 1350 1816 habet
1357 1751 1515 1815 rationem
1525 1750 1714 1832 primitatis:

117 1835 356 1946 longitudine,
375 1861 563 1938 latitudine,
591 1863 624 1924 et
649 1859 836 1938 altitudine;
861 1864 894 1924 et
948 1875 1084 1942 persona
1100 1864 1207 1924 autem
1229 1856 1367 1941 Spiritus
1379 1857 1478 1921 sancti
1499 1859 1646 1939 sequitur
1663 1876 1719 1940 ga·

118 1971 183 2037 hoc
202 1970 353 2054 estquod
372 1968 448 2034 dicit
465 1966 696 2050 Philosophus,
718 1967 754 2030 in
771 1966 894 2048 princi-
946 1966 1156 2047 necationem,
1171 1972 1204 2032 et
1216 1966 1289 2032 idco
1310 1984 1377 2032 non
1389 1969 1534 2048 genunt
1550 1966 1627 2049 mia
1650 1985 1717 2034 non

120 2079 187 2162 pio,
206 2074 541 2145 neccommittam
556 2095 569 2141 .·
584 2072 807 2140 allmneenim
821 2092 893 2156 per·
947 2080 996 2139 est
1006 2076 1211 2142 innascibilis.

119 2187 243 2251 iactum
265 2185 300 2249 in
324 2184 427 2249 trihus
447 2182 601 2262 dicimus,
624 2186 657 2247 et
678 2183 739 2248 hoc
757 2200 894 2248 numero
987 2182 1019 2242 t.
1033 2179 1083 2248 Ad
1097 2178 1176 2244 illud
1192 2178 1278 2262 quod
1297 2179 1448 2261 objicitur
1459 2179 1500 2245 de
1516 2179 1609 2245 lertio
1622 2179 1718 2246 modo

121 2292 335 2359 adhibuimus
346 2291 557 2375 nosmetipsos
569 2291 777 2373 magnificare
792 2290 894 2360 lleum
948 2287 1129 2365 amarandi,
1147 2287 1265 2353 scilicet
1281 2288 1321 2352 de
1333 2291 1416 2366 artc;
1434 2287 1616 2364 dicandum,
1630 2288 1718 2371 quod

122 2420 231 2468 unum
245 2400 426 2466 Creatorem
440 2399 599 2479 omnium,
614 2399 809 2464 eminentem
823 2416 895 2481 pre·
947 2393 1181 2459 arsnonhahet
1192 2393 1430 2460 foecunditatem
1440 2395 1480 2460 ad
1489 2394 1717 2473 emanandum,

121 2508 313 2592 prietatihus
325 2524 438 2572 eorum
451 2524 525 2589 miae
542 2509 618 2571 sunt
635 2512 748 2574 creata.
763 2528 779 2566 r
797 2505 894 2572 Simi-
948 2499 1017 2564 sive
1032 2501 1073 2565 ad
1085 2500 1338 2583 producendum,
1353 2501 1414 2564 nisi
1432 2519 1490 2584 per
1501 2501 1716 2580 voluntatem,

120 2616 206 2696 liter,
228 2616 255 2679 si
273 2614 489 2680 consideretur
501 2613 561 2680 iste
578 2632 736 2678 numerus
748 2614 784 2678 in
804 2633 893 2679 crea·
948 2614 980 2674 et
989 2610 1061 2674 ideo
1074 2611 1189 2675 modus
1203 2610 1435 2676 illenondehet
1449 2611 1638 2694 distinguis
1651 2629 1718 2675 mo·

121 2727 213 2803 tura,
229 2722 327 2787 hahet
339 2722 374 2786 in
391 2739 425 2785 se
447 2720 587 2805 primam
604 2721 843 2804 perlectionem,
863 2725 895 2786 et
947 2718 988 2783 do
1001 2719 1190 2803 procedendi
1205 2738 1262 2803 per
1283 2719 1415 2784 modum
1427 2718 1635 2798 liberalitatis,
1650 2719 1719 2784 sive

120 2846 288 2894 summam
308 2849 316 2891 ε
337 2827 494 2911 primam,
519 2826 597 2910 quia
619 2826 794 2890 trinitatem
819 2845 892 2891 ves·
948 2827 1129 2893 voluntatis.
1137 2826 1194 2892 Vel
1207 2827 1308 2907 aliter,
1321 2831 1354 2891 et
1367 2827 1483 2892 melius
1499 2849 1506 2891 :
1521 2825 1633 2891 Modus
1646 2845 1718 2909 pro·

120 2936 196 3019 ligii
212 2935 251 3019 (tl
265 2935 422 3018 contingit
441 2935 581 3020 reperire
593 2934 627 2998 in
646 2934 788 3018 qualibet
805 2953 895 3018 crea·
947 2936 1085 3000 ducendi
1098 2955 1155 3019 per
1167 2941 1269 3000 artem
1283 2938 1432 3001 convenit
1445 2953 1519 3000 cum
1533 2935 1628 3000 modo
1641 2954 1719 3019 pro·

121 3048 219 3126 tura,
244 3047 541 3132 quantumcumque
565 3059 684 3125 parva,
714 3046 891 3125 quantum·
946 3042 1082 3109 ducendi
1094 3062 1150 3125 per
1161 3047 1310 3107 naturam
1322 3043 1357 3108 in
1369 3044 1442 3124 hoe,
1452 3041 1537 3127 quod
1549 3042 1718 3126 utrobique

122 3170 267 3236 cumque
286 3151 420 3216 minima
441 3171 450 3216 ε
471 3151 661 3235 perfectam,
680 3151 757 3233 quia
778 3168 895 3215 secun·
947 3151 1135 3234 producitur
1157 3151 1274 3230 simile3
1298 3152 1405 3216 differt
1431 3155 1558 3230 autem,
1581 3151 1658 3234 quia
1681 3153 1717 3221 in

122 3260 203 3325 dnm
220 3259 397 3324 trinitatem
411 3258 563 3341 imaginis
578 3257 614 3342 (o)
628 3257 846 3336 reformatam,
863 3263 895 3323 et
946 3258 1155 3341 productione
1173 3258 1313 3322 naturali
1335 3258 1524 3341 producitur
1545 3257 1659 3321 similis
1682 3259 1717 3323 in

121 3367 328 3443 deiformem,
354 3366 527 3431 attenditur
556 3382 685 3430 summa
709 3368 742 3429 et
762 3365 895 3430 nobilis-
946 3365 1124 3430 substantia
1141 3369 1174 3430 et
1194 3371 1330 3445 natura,
1352 3365 1434 3431 alim
1453 3365 1489 3430 in
1510 3383 1656 3447 persona.
1680 3365 1716 3432 ln

122 3472 207 3537 sima
220 3472 370 3556 perfectio
383 3474 558 3551 creaturae,
581 3471 699 3535 scilieet
719 3471 892 3537 beatitudo.
948 3472 1155 3554 productione
1174 3476 1284 3537 autem
1304 3473 1391 3552 artis,
1411 3471 1598 3555 producitur
1612 3471 1716 3537 simile

164 3585 194 3647 l.
219 3578 268 3645 Ad
293 3579 373 3645 illud
399 3597 479 3661 argo
502 3580 591 3661 quod
615 3578 785 3661 objicitur,
808 3578 894 3661 quod
948 3578 1125 3645 secundum
1137 3579 1296 3645 rationem
1309 3579 1421 3643 formae
1433 3578 1640 3661 exemplaris3
1653 3577 1716 3643 dis-

123 3685 894 3770 PaterdatFiliototumquodpotest;dicendum,
948 3686 1051 3750 simile
1069 3703 1146 3751 vero
1169 3687 1203 3749 in
1226 3684 1402 3753 substantia
1422 3689 1454 3751 et
1473 3689 1590 3749 natura
1613 3707 1620 3749 :
1646 3685 1719 3749 talis

123 3794 213 3877 quod
233 3812 348 3859 verum
369 3799 430 3873 est;
454 3794 509 3860 sed
531 3811 598 3857 non
615 3793 670 3861 det
690 3793 779 3861 omni
801 3793 896 3859 modo
948 3797 1057 3860 autem
1086 3794 1200 3859 modus
1226 3792 1419 3878 producendi
1442 3799 1490 3857 est
1513 3792 1718 3877 impossibilis

123 3918 189 3983 quo
202 3904 317 3987 potest.
332 3899 371 3965 Et
383 3900 454 3966 ideo
467 3900 653 3966 inillatione
666 3904 714 3965 est
724 3900 868 3965 accidens
885 3922 893 3965 ε
948 3900 1070 3966 divinae
1088 3901 1247 3981 essentiae,
1269 3919 1343 3985 quae
1367 3919 1435 3965 non
1456 3899 1647 3983 compatitur
1666 3899 1717 3964 di·

128 4030 143 4067 c
157 4004 232 4073 Non
249 4010 352 4090 potest
368 4006 505 4094 amplius
517 4008 593 4074 dare
613 4029 621 4072 :
639 4024 717 4088 ergo
730 4024 789 4070 nee
800 4005 896 4073 uliam
949 4007 1132 4073 versitatem
1144 4007 1364 4073 essentiarum.

672 4303 1074 4402 DISTlNC'l'lO
1113 4305 1188 4401 lll

227 4535 267 4585 os
288 4532 453 4589 mmm
465 4533 512 4591 ,cr
534 4532 680 4600 mutus,
703 4534 863 4589 mmmm
883 4534 965 4591 oron
986 4534 1114 4587 cassus
1135 4533 1193 4589 ran
1214 4534 1370 4591 usioses
1390 4534 1616 4593 nauffinna

840 4706 969 4780 PARS
992 4709 1007 4778 l

383 4884 475 4933 wlf
491 4884 647 4942 mmm,
663 4884 716 4937 0ῦο
732 4884 804 4931 1000
821 4885 870 4929 m
885 4883 1040 4931 cmm
1057 4882 1181 4931 munli*
1196 4882 1318 4929 W
1334 4884 1459 4931 (ΝΜ.

172 5022 350 5115 Apostolus
359 5043 504 5115 namque
518 5022 596 5109 ait',
611 5021 700 5119 quod
714 5020 897 5091 invisibilia
910 5021 973 5090 Dei
983 5043 1006 5089 e
1019 5033 1175 5094 creatura
1189 5021 1320 5107 mendi,
1326 5045 1391 5117 per
1400 5045 1440 5091 ea
1449 5044 1523 5114 qua
1531 5024 1630 5114 sacto
1641 5035 1719 5092 sunt

127 5137 297 5208 intellecta
311 5138 573 5232 conspicentur,
587 5138 789 5230 sempiterno
808 5160 933 5233 mmmm
952 5137 1059 5207 virtus
1083 5140 1175 5231 ejus,
1199 5151 1232 5209 et
1249 5139 1422 5209 divinitas.
1447 5139 1511 5208 Per
1532 5147 1717 5209 creaturam

161 5336 322 5389 ¹Deeoetoet
335 5337 847 5403 mdo,tih.l,nonte1t.t.-²ltom.,
862 5352 888 5405 r,
903 5343 945 5392 ht.

114 5435 209 5575 'imlcl'
224 5454 284 5507 cot.
304 5454 365 5506 edit.
389 5454 527 5531 continua.
555 5457 696 5522 Suprema,
721 5457 843 5508 mendose.
861 5484 892 5496 —
912 5456 944 5521 {dl
961 5458 1061 5524 θυννίς.
1074 5457 1203 5510 Tantalis
1216 5455 1362 5522 vestigium.
1374 5483 1405 5495 -
1421 5456 1450 5522 (c)
1466 5457 1567 5522 Gor-rip.
1587 5455 1717 5508 Trinitatis

168 5538 280 5591 amnem.
