4100 6300
334 422 377 469 nx
687 406 737 474 DE
758 405 933 472 SCRlP‘l'lS
954 406 987 472 S.
1009 407 1314 477 BONAVENTURAE
1333 411 1579 479 ATTRIBUTIS.

334 540 461 618 seculo,
480 540 521 604 ad
541 539 703 606 Minornm
718 540 867 612 Ordinem
880 543 1015 607 contulit
1027 562 1072 608 se.
1091 543 1161 623 Quo
1172 547 1217 611 ita
1228 546 1385 624 stabilito,
1402 550 1476 631 quis
1491 549 1619 632 penitus
1631 551 1745 633 probet
1757 550 1934 618 Beneven-

334 651 442 711 turam
457 648 557 712 unius
569 648 645 712 anni
666 649 827 712 curriculo
845 655 892 714 tot
914 649 1048 715 Petrum
1065 654 1232 717 volumina
1250 654 1425 734 evolvisse,
1448 660 1527 738 quot
1543 656 1578 720 in
1594 656 1748 723 Pheretra
1770 662 1933 744 complec-

332 755 472 818 tuntur?
486 755 650 838 Siquidem
664 756 844 838 originalia,
860 775 935 840 quae
948 758 983 822 in
995 757 1058 822 boc
1071 759 1255 826 adornando
1266 762 1420 844 opusculo
1432 763 1577 828 adhibuit
1587 771 1710 844 auctor,
1725 771 1858 831 centnm
1870 787 1933 833 nu·

334 880 424 926 mero
435 867 528 939 sunt,
542 882 644 946 eoque
655 864 802 948 amplius.
818 865 920 930 Nemo
931 872 978 930 est
991 885 1106 948 porro,
1121 870 1195 952 qui,
1210 870 1419 952 quantumvis
1432 870 1467 934 in
1480 872 1632 937 diuturna
1647 873 1778 938 Patrum
1793 875 1932 940 lectione

244 1049 248 1074 Ι
334 974 481 1035 versatus
499 971 559 1051 sit,
582 977 648 1035 tam
669 974 825 1055 stupenda
846 991 943 1056 opera
966 974 1065 1038 nnius
1087 975 1164 1037 anni
1185 973 1286 1055 spatio
1309 975 1415 1054 legat,
1438 975 1557 1057 quique
1575 981 1727 1059 corrupta
1747 978 1932 1042 testimonia

333 1079 493 1160 corrigat,
510 1098 613 1162 eaque
627 1080 665 1143 ad
680 1081 887 1161 originalium
905 1081 1001 1145 iidem
1015 1081 1171 1145 restituat.
1189 1080 1344 1161 Magnum
1356 1082 1418 1145 hoc
1432 1086 1480 1145 est
1492 1087 1575 1146 carte
1589 1101 1688 1165 opus,
1706 1084 1873 1149 maximus
1886 1086 1933 1149 la·

331 1186 402 1264 bor,
418 1187 509 1268 isque
522 1205 587 1251 non
602 1191 671 1269 jam
684 1188 938 1267 adolescentulo,
957 1188 1012 1252 sed
1030 1188 1100 1252 viro
1114 1191 1207 1253 estate
1222 1192 1253 1251 et
1266 1189 1370 1252 studio
1383 1194 1532 1270 provecto
1546 1189 1676 1271 dignus.
1696 1190 1738 1256 Ut
1756 1191 1929 1267 sileamus,

332 1292 516 1358 incredibile
534 1313 601 1359 esse
619 1296 768 1374 omnino,
791 1295 1066 1372 Bonaventuram,
1084 1296 1278 1379 probationis
1289 1314 1391 1376 anno,
1405 1300 1452 1361 tot
1465 1297 1524 1361 sub
1537 1315 1637 1362 mann
1651 1298 1802 1364 habuisse
1817 1300 1926 1364 chiro-

334 1400 475 1482 grapha,
491 1406 568 1483 quot
579 1403 647 1483 jam
662 1403 875 1467 laudavimus.

374 1507 494 1573 Prodiit
507 1507 634 1573 Parisiis
647 1511 734 1591 apud
747 1507 790 1574 Μ.
806 1510 989 1575 bertoldum
1003 1531 1057 1576 an.
1072 1515 1162 1591 tere,
1176 1511 1227 1575 dia
1239 1517 1274 1575 ll
1289 1512 1429 1576 decemb.
1444 1531 1520 1577 cnm
1530 1513 1593 1577 hoe
1604 1513 1717 1578 titulo:
1732 1514 1827 1580 Liber
1838 1514 1928 1579 sclu-

333 1620 417 1684 taria
437 1621 474 1684 Β.
498 1621 729 1684 bonaventura
750 1618 939 1685 cardinatis
963 1620 1039 1685 ord.
1061 1621 1151 1686 Frct.
1174 1619 1256 1685 Min.
1280 1619 1432 1686 Pluretro
1451 1626 1581 1687 occutus
1591 1645 1606 1696 ,·
1625 1625 1703 1686 teste
1723 1621 1776 1685 Fr.
1795 1619 1888 1686 Jcan.
1909 1641 1929 1684 a

333 1722 364 1788 S.
380 1726 520 1789 Antonio
530 1727 552 1801 ¹,
568 1726 625 1807 qui
641 1725 698 1789 Ms.
714 1726 748 1789 in
761 1726 926 1790 Conventa
941 1726 1139 1791 Salmantino
1155 1727 1276 1790 servari
1290 1731 1495 1792 contestatur.

375 1831 449 1897 (lod.
465 1832 619 1897 Mutum
633 1835 667 1897 in
680 1834 775 1898 domo
789 1831 821 1897 S.
837 1832 922 1898 Petri
935 1834 1020 1916 apud
1037 1832 1292 1914 Cantabrigiam3
1308 1839 1345 1898 nt
1358 1835 1458 1916 liquet
1471 1853 1512 1898 ex
1527 1834 1675 1917 Catalogo
1688 1834 1762 1899 llss.
1779 1835 1925 1917 Angliae,

333 1944 412 2005 tom.
428 1948 459 2021 l,
474 1946 555 2025 part.
571 1942 634 2022 ΙΙΙ,
652 1960 728 2026 pag.
743 1947 813 2007 150.
1316 2032 1320 2041 .

1030 2037 1232 2081 casanmrron.

371 2148 503 2205 L'autenr
517 2148 555 2205 de
567 2148 730 2223 l'opuseule
744 2165 780 2206 en
793 2149 929 2224 question
942 2166 979 2206 ne
994 2148 1038 2206 dit
1050 2149 1212 2206 nnllement
1226 2147 1298 2223 qn'il
1312 2148 1352 2205 ait
1367 2148 1477 2206 acheve
1491 2165 1546 2206 son
1559 2148 1663 2207 travail
1677 2148 1753 2206 dans
1765 2148 1877 2206 l'annee
1888 2149 1925 2206 de

335 2264 369 2305 sa
381 2246 558 2322 probation,
573 2247 648 2305 mais
662 2248 823 2305 seulement
840 2247 912 2323 qu’il
932 2248 1034 2305 l'avait
1046 2248 1187 2322 entrepris
1202 2247 1254 2304 des
1272 2247 1300 2304 le
1314 2253 1566 2306 commencement
1584 2248 1622 2306 de
1635 2264 1669 2304 sa
1681 2247 1872 2318 conversion,
1891 2265 1924 2304 cc

337 2346 389 2420 qui
402 2350 473 2421 peut
485 2347 564 2403 aussi
582 2347 653 2404 bien
666 2347 796 2420 signifier
812 2347 855 2405 les
867 2347 1028 2421 premieres
1039 2349 1148 2404 annees
1163 2346 1201 2402 de
1215 2362 1249 2403 sa
1259 2345 1307 2403 vie
1317 2345 1482 2419 religieuse.
1504 2351 1554 2406 cet
1566 2363 1696 2420 ouvrage
1717 2346 1770 2404 lait
1781 2347 1872 2421 partie
1884 2346 1924 2404 du

335 2450 415 2503 tome
429 2446 517 2518 Vlde
531 2445 664 2505 l’edition
674 2447 818 2504 romaine.

696 2637 698 2642 ’
759 2652 812 2718 vt.
836 2654 1007 2722 Sententiae
1020 2654 1272 2722 Sententiarum.
1288 2650 1506 2739 Prooemium:

625 2861 640 2896 a
654 2844 676 2900 Ο
689 2845 761 2899 Fons
774 2843 942 2916 splendoris,
956 2861 1005 2901 res
1017 2842 1152 2914 dulcoris,
1166 2843 1215 2900 sed
1230 2844 1332 2900 amoris

628 2934 720 2989 Naxus
724 2975 734 3004 ,
750 2950 813 3008 spes
827 2933 917 3005 ilaris,
933 2934 983 2989 dos
993 2934 1080 3002 roris,
1095 2932 1199 3005 dogma
1212 2935 1319 3006 saporis

623 3017 744 3094 Verum,
757 3023 815 3079 vita
827 3024 887 3094 via,
901 3023 973 3080 mihi
987 3023 1023 3079 da
1038 3023 1115 3095 quod
1127 3023 1304 3095 philosophia

623 3112 731 3194 Tradit,
747 3117 907 3173 sanctorum
919 3113 991 3170 votis
1003 3117 1139 3186 prestere
1152 3117 1278 3170 tuorum.
1290 3132 1305 3168 u

379 3273 536 3339 Mellitnm
547 3292 673 3358 semper
681 3276 825 3358 judicavi
837 3275 1109 3355 bonaventuram,
1123 3295 1189 3340 non
1198 3280 1267 3358 jam
1281 3280 1440 3357 agrestem
1453 3280 1485 3339 et
1498 3275 1676 3341 insuavem.
1692 3275 1845 3340 Miramur
1855 3275 1922 3337 binc

339 3382 415 3446 artis
434 3384 566 3465 poeticae
579 3385 715 3465 peritos,
735 3386 792 3467 qni
810 3403 924 3468 puram
943 3389 1118 3466 putamque
1136 3385 1219 3447 hanc
1238 3402 1376 3466 vappam
1394 3381 1629 3447 Bonaventurae
1646 3403 1714 3447 esse
1732 3383 1920 3447 crediderint.

339 3489 412 3554 Mss.
428 3494 555 3554 exstant
567 3491 601 3554 in
615 3491 690 3580 (lod.
705 3510 850 3574 pergam.
864 3492 900 3554 in
912 3490 994 3555 Bibl.
1010 3490 1205 3574 Hispalensis
1219 3491 1377 3557 Ecclesiae.
1393 3491 1542 3558 lteloan.
1557 3510 1577 3554 a
1592 3491 1625 3556 S.
1640 3489 1810 3554 Antonio&

463 3705 530 3771 Vll.
553 3707 596 3772 De
609 3706 712 3773 tritta
726 3707 879 3773 tonante
890 3713 1090 3788 percoctum
1104 3708 1294 3788 infamibus.
1311 3707 1377 3771 lna.
1395 3708 1470 3774 Tres
1484 3706 1730 3784 auctionarii,
1748 3708 1808 3769 etc.

379 3894 437 3961 Vel
450 3913 491 3959 ex
504 3896 573 3978 ipso
584 3895 731 3978 opusculi
743 3895 836 3960 titulo
847 3914 913 3960 non
925 3896 1032 3962 levem
1046 3896 1226 3980 suspicandi
1240 3915 1351 3961 ansam
1365 3896 1555 3980 accipimus,
1571 3896 1777 3979 negandique
1788 3895 1922 3960 lucubra

338 4003 517 4067 tiunculam
528 4003 612 4067 hanc
623 4023 642 4066 a
655 4003 880 4093 Bonaventura
893 4005 1087 4069 elaboratam
1106 4005 1215 4068 fnisse.
1236 4005 1272 4068 ln
1281 4080 1283 4084 ¹
1291 4024 1356 4088 qua
1369 4005 1505 4092 quidem
1517 4005 1675 4068 sententia
1684 4021 1723 4068 eo
1738 4002 1841 4084 magis
1854 4019 1919 4084 per·

339 4111 498 4190 sistimus,
513 4111 599 4193 quod
612 4111 716 4175 multa
729 4112 810 4190 sint,
825 4131 898 4195 quae
913 4112 1149 4176 bonaventurae
1162 4113 1354 4194 gravitatem
1368 4130 1433 4176 non
1446 4130 1513 4195 prae
1529 4132 1562 4175 se
1576 4113 1687 4176 terant.
1703 4110 1793 4175 Hanc
1805 4108 1918 4193 potissi-

339 4238 430 4283 mum
444 4219 659 4302 decerpsimus
673 4237 714 4283 ex
727 4238 796 4302 cap.
813 4224 828 4283 t
846 4243 854 4283 :
872 4219 1070 4284 «Peccatum
1088 4203 1213 4295 veniale
1231 4224 1277 4284 est
1296 4220 1331 4283 iu
1351 4220 1476 4298 anima,
1494 4220 1577 4282 sicut
1594 4222 1753 4301 punctura
1771 4219 1877 4301 pulicis
1888 4217 1918 4278 in

339 4347 489 4410 corpore,
511 4346 585 4410 qnae
599 4328 761 4391 modicum
776 4328 873 4409 laedit.
889 4349 903 4387 a
918 4327 1002 4392 'lum
1021 4346 1091 4410 cap.
1113 4348 1148 4391 ur
1165 4351 1171 4393 :
1190 4327 1477 4409 «Concupiscentia
1495 4332 1542 4390 est
1554 4327 1646 4409 quasi
1665 4326 1787 4390 vulnus
1802 4327 1918 4388 insana-

339 4436 421 4511 bile,
438 4435 524 4500 unde
539 4435 622 4499 miro
638 4434 733 4498 modo
746 4434 931 4499 inimicatur
946 4435 1084 4499 animae:
1101 4436 1172 4500 ideo
1183 4435 1379 4499 assimilatur
1392 4434 1518 4498 cuidam
1535 4434 1684 4508 animali,
1700 4433 1787 4515 quod
1800 4435 1919 4496 vocatur

339 4544 520 4625 enhydros,
543 4542 630 4625 quod
648 4543 836 4606 mirabiliter
854 4542 1039 4607 inimicatur
1059 4544 1231 4624 crocodilo,
1247 4547 1306 4607 etc.
1325 4540 1426 4605 »tarn
1443 4543 1566 4624 reliqua
1582 4559 1680 4624 penes
1700 4546 1861 4605 auctorem
1880 4539 1918 4601 le·

339 4670 417 4732 gere
431 4653 557 4733 poteris.
572 4650 707 4716 Videant
720 4651 815 4726 modo
833 4651 966 4731 eruditi,
985 4669 1066 4716 num
1086 4655 1171 4716 recte
1190 4651 1387 4723 dixerimus,
1406 4650 1492 4714 leves
1510 4650 1569 4714 has
1585 4648 1812 4713 similitudines
1827 4647 1919 4712 Bona·

341 4763 487 4823 venturae
501 4759 658 4839 gravitate
672 4758 823 4839 indignas
836 4748 914 4822 esse.
969 4816 972 4821 ,

567 5035 570 5041 ·
651 5045 653 5051 ·
709 4999 792 5066 Vlll.
810 5002 1052 5085 conluctantia.
1070 5003 1133 5067 lne.
1149 5005 1189 5068 ln
1201 5005 1261 5069 Dei
1275 5002 1491 5082 tabernaculo,
1506 5005 1565 5066 ete.

384 5191 451 5255 Mos
471 5210 637 5274 naamam
652 5190 849 5275 Scriptorum
863 5193 924 5256 init
940 5194 1038 5257 seculi
1052 5193 1139 5273 lllll,
1159 5198 1197 5257 ut
1210 5195 1262 5257 vel
1276 5194 1310 5257 in
1324 5194 1390 5258 suis
1408 5193 1588 5271 firmandis,
1608 5195 1666 5257 aut
1680 5192 1715 5255 in
1728 5190 1841 5254 alienis
1852 5188 1922 5267 dog·

344 5300 485 5364 metibus
505 5300 703 5377 evertendis,
718 5301 759 5364 ad
780 5300 851 5364 illos
865 5301 1091 5382 confugerent,
1107 5302 1299 5383 quibuscum
1321 5298 1385 5364 rina
1398 5292 1563 5365 visissent.
1586 5298 1619 5363 ld
1634 5286 1841 5382 comprobare
1859 5294 1922 5357 licet

376 5428 384 5457 ¹
396 5427 426 5483 ln
440 5420 625 5489 BiblssFrcac,
638 5429 701 5476 toni.
713 5428 738 5490 l,
753 5440 779 5490 p.
791 5429 843 5477 llio.
853 5452 885 5463 -
896 5426 988 5477 ’Tam
1001 5428 1025 5491 l,
1040 5441 1065 5489 p.
1080 5429 1133 5477 164.
