4100 6300
735 507 1024 576 ARGUMENTUM.
1654 521 1673 576 5

92 652 221 721 Litteris
239 650 394 741 scriptum
411 645 569 713 divinitus
589 644 650 711 sit¹
665 669 673 710 :
691 645 756 727 Qui
777 668 830 713 rue
842 645 1028 728 elucidant,
1045 647 1151 714 vitum
1172 660 1332 715 utentum
1354 647 1529 715 habebunt.
1547 649 1587 716 Et
1607 671 1674 739 quo

93 776 229 868 majores
250 773 422 855 utilitates,
446 777 478 837 et
499 767 665 837 uberiores
685 767 811 836 tructus
833 769 984 838 Ecclesiae
1002 771 1061 839 Dei
1075 773 1185 840 attulit
1197 781 1315 878 sanctae
1330 772 1499 861 theologia
1513 773 1671 858 studium,
1739 829 1743 836 .

91 924 129 970 eo
142 899 254 991 plures
265 898 357 968 omui
371 905 514 987 tempore
529 894 726 979 extiterunt,
741 894 800 984 qui
815 918 848 961 se
861 894 912 962 illi
925 896 1048 964 divina
1060 897 1201 965 scientia
1215 897 1351 984 darent(
1374 899 1398 986 ).

134 1022 312 1112 Theologia
333 1027 442 1089 autem
466 1019 609 1111 primum
630 1018 689 1086 illa
701 1041 721 1085 a
734 1018 854 1087 Graecis
867 1019 953 1089 dicte
964 1030 1023 1105 est,
1039 1043 1114 1111 quae
1129 1021 1179 1089 vel
1194 1020 1414 1104 sermonibus,
1430 1020 1482 1088 vel
1494 1020 1589 1087 libris
1604 1042 1674 1088 ver-

90 1149 223 1219 sabatur
236 1150 271 1216 in
285 1145 478 1237 explicanda
489 1152 616 1212 tantum
626 1143 773 1212 doctrina
785 1144 825 1211 de
838 1143 1007 1213 divinitate
1021 1144 1136 1214 Christi
1149 1146 1280 1214 Domini
1293 1169 1451 1237 :eamque
1465 1147 1507 1214 ob
1521 1168 1603 1230 rem,
1614 1148 1673 1238 qui

91 1274 127 1342 in
138 1280 383 1362 energumento
397 1271 543 1340 studium
558 1277 754 1362 posuerunt,
776 1268 918 1362 thoologi
931 1271 1085 1362 appellati
1099 1280 1187 1338 sunt.
1203 1272 1313 1361 Atque
1325 1271 1514 1362 sicquidem
1529 1270 1671 1360 primum

89 1401 125 1471 E
139 1398 282 1468 Joaunes
294 1396 518 1485 Evangeliste,
534 1395 624 1464 solus
637 1417 677 1462 ex
697 1394 849 1462 omnibus
862 1393 1034 1484 Evangelii
1049 1395 1278 1486 scriptoribus,
1296 1395 1482 1483 Theologns
1494 1394 1599 1462 dictus
1611 1403 1669 1481 est,

89 1532 261 1615 propterea
280 1520 387 1612 quod,
402 1543 477 1587 cum
498 1518 608 1588 caeteri
624 1522 660 1587 in
681 1521 872 1612 exponenda
890 1521 1035 1612 ejusdem
1050 1519 1170 1588 Christi
1190 1521 1318 1589 Domini
1331 1519 1550 1606 humanitate,
1567 1519 1673 1611 iisque

88 1649 201 1735 rebus,
216 1671 291 1741 quae
305 1648 510 1735 potissimum
524 1646 566 1714 ad
580 1668 652 1715 eam
667 1648 888 1737 pertinebant,
903 1670 1036 1740 operam
1051 1647 1234 1739 posuerint,
1249 1647 1349 1714 altius
1360 1645 1429 1737 ipse
1440 1668 1511 1713 sese
1521 1645 1671 1729 erexerit,

89 1775 249 1867 illiusque
271 1773 477 1843 divinitatem
501 1771 671 1861 Evangelii
689 1772 807 1840 litteris
820 1772 989 1864 explicarit
1000 1772 1039 1863 (b)
1056 1774 1209 1864 apertius.
1225 1773 1273 1841 Eo
1287 1772 1365 1842 item
1380 1770 1513 1840 nomine
1525 1769 1675 1860 deinceps

88 1924 225 1974 summa
241 1899 391 1968 omnium
413 1898 549 1965 Petrum
569 1896 780 1965 consensione
802 1904 933 1966 vocatus
950 1907 998 1967 est
1010 1898 1238 1967 Nazianzenus
1250 1897 1447 1986 Gregorius,
1461 1895 1619 1988 quoniam
1632 1918 1672 1963 ex

88 2025 244 2098 Patribus
260 2023 397 2108 Graecis,
419 2045 490 2091 eam
504 2023 544 2090 de
558 2021 679 2091 Christi
693 2022 825 2089 Domini
838 2021 1009 2091 divinitate
1023 2024 1193 2096 materiam
1206 2022 1340 2113 gravius
1355 2044 1396 2090 ao
1404 2020 1579 2090 sublimius
1591 2030 1676 2088 trac«

89 2151 176 2219 terit.
201 2150 307 2234 Immo
329 2150 398 2241 ipse
412 2147 574 2214 orationes
587 2168 652 2232 eas,
667 2144 703 2214 in
718 2147 840 2238 quibus
852 2149 1015 2240 precipue
1029 2149 1069 2217 de
1082 2148 1201 2236 Patris,
1217 2158 1250 2216 et
1262 2147 1352 2234 Filii,
1367 2156 1401 2217 et
1414 2148 1556 2239 Spiritus
1570 2147 1675 2216 sancti>

87 2274 260 2344 divinitate
281 2274 449 2354 disseruit,
472 2272 640 2364 theologice
659 2272 792 2341 nomine
811 2271 985 2366 inscripsit.
1001 2273 1115 2365 Itaque
1127 2296 1204 2342 cum
1217 2273 1257 2341 de
1271 2273 1391 2342 Christi
1405 2272 1536 2341 Domini
1551 2272 1674 2340 divini·

88 2411 152 2470 tate
172 2400 304 2493 antiqui
326 2398 430 2469 Greci
449 2398 562 2467 Patres
583 2398 765 2465 institutam
783 2397 963 2466 orationem
982 2397 1119 2484 habent,
1134 2399 1169 2466 in
1185 2398 1346 2487 theologia
1360 2399 1482 2467 versari
1495 2398 1669 2482 dicuntum

87 2549 163 2594 cum
183 2532 297 2593 antem
317 2524 357 2593 de
370 2523 515 2615 ejusdem
528 2521 732 2590 humanitate
749 2529 781 2589 et
801 2521 1024 2594 incarnatione
1045 2523 1268 2592 tractationem
1282 2524 1479 2616 suscipiunt,
1494 2523 1530 2591 in
1545 2545 1672 2592 recono-

89 2651 166 2720 mia.
196 2647 428 2719 OEconomiam
449 2647 536 2715 enim
568 2644 687 2715 Christi
708 2646 861 2737 quamvis
881 2647 1043 2715 Eusebius
1060 2650 1072 2686 ²
1095 2655 1126 2715 et
1144 2647 1368 2717 Nazianzenus
1384 2648 1576 2738 8duplicem
1596 2669 1672 2714 cou-

87 2773 242 2862 stituant,
257 2797 402 2866 quarum
421 2796 492 2842 aaa
510 2772 551 2840 ad
573 2770 811 2863 providentiam
833 2772 925 2842 ihlam
947 2773 1121 2859 referatur,
1144 2795 1213 2865 qua
1233 2772 1320 2841 Dens
1341 2782 1417 2840 ante
1434 2772 1670 2841 humanitatem

87 2908 308 2991 assumptam,
323 2899 516 2968 mortalium·
523 2894 701 2966 commodis
717 2904 748 2963 et
761 2896 861 2964 saluti
875 2897 1085 2984 consulebat,
1099 2898 1201 2964 altera
1214 2896 1255 2964 ad
1269 2919 1308 2965 ea
1320 2903 1457 2987 spectet,
1472 2917 1547 2986 quae
1561 2903 1673 2962 nostra

88 3047 183 3093 musa
204 3024 243 3092 in
261 3045 396 3116 corpore
416 3022 535 3112 gessit3
558 3030 669 3090 nmen
690 3021 803 3089 Patres
820 3022 897 3114 qui,
920 3022 1056 3092 llorente
1074 3022 1109 3089 in
1130 3021 1255 3090 Gracia
1268 3020 1349 3104 fide,
1366 3019 1537 3108 theologia
1554 3027 1586 3086 et
1604 3017 1671 3086 elo·

88 3151 238 3242 quentia>
247 3148 345 3222 laude
359 3148 556 3234 floruerunt,
570 3169 646 3216 cum
660 3146 701 3216 de
714 3145 839 3218 Christo
852 3145 994 3215 Domino
1008 3145 1186 3215 orationem
1200 3145 1417 3237 haberentle),
1431 3155 1469 3214 ut
1481 3143 1671 3223 acunumiae

89 3273 222 3342 nomine
235 3272 492 3342 incarnationem
504 3283 539 3340 et
549 3272 786 3342 humanitatem
800 3271 919 3341 Christi
932 3272 1154 3363 explicarunt,
1170 3272 1216 3341 sic
1228 3271 1405 3360 theologia
1413 3293 1492 3340 voce
1505 3269 1673 3337 intellexe-

85 3407 163 3466 rant
183 3397 435 3489 explicationem
448 3422 471 3466 a
480 3421 521 3467 se.
534 3407 715 3489 susceptam
730 3399 773 3466 de
786 3397 938 3490 ejusdem
944 3396 1126 3465 divinitate.
1141 3398 1268 3467 Verum
1281 3396 1433 3487 deinceps
1446 3395 1481 3463 id
1498 3393 1670 3482 theologia

87 3543 206 3590 nomen
226 3520 327 3590 latius
344 3521 470 3612 patuit,
485 3523 526 3591 ad
540 3545 718 3615 omnesque
731 3522 905 3615 pertinuit,
922 3523 983 3615 qui
997 3520 1338 3613 sacram-Scripturam
1352 3530 1438 3588 reete
1450 3519 1670 3610 omnibusque

88 3647 235 3737 partibus
248 3646 472 3735 elucidarunt,
487 3647 522 3715 in
536 3671 767 3740 sacrarumque
780 3649 977 3717 Litterarum
991 3648 1103 3716 studio
1114 3648 1232 3716 versati
1244 3656 1333 3715 sunt.
1346 3647 1460 3738 ltaque
1473 3644 1671 3732 theologiam

87 3771 183 3839 etiam
205 3769 271 3839 dici
292 3780 455 3863 perpetuo.
471 3796 535 3841 usu
556 3783 721 3864 receptum
745 3781 813 3860 est,
829 3795 908 3864 quae
918 3795 958 3841 ex
972 3771 1161 3841 scholastica
1179 3770 1411 3862 umbratilique
1430 3767 1668 3852 exercitatione,

88 3904 184 3989 atque
204 3921 223 3967 e
243 3896 431 3966 divinarum
444 3897 641 3966 Litterarum
661 3898 887 3983 tabernaculo,
910 3906 943 3966 et
965 3920 983 3966 e
1004 3905 1191 3964 sanctorum
1214 3894 1351 3962 Petrum
1374 3891 1588 3978 umbraculis,
1605 3914 1671 3957 non

88 4021 183 4089 modo
205 4021 241 4088 in
265 4019 384 4106 solem,
407 4020 464 4089 sed
487 4021 522 4087 in
544 4022 644 4089 aciem
662 4021 931 4110 gravissimarum
943 4020 1203 4110 disputationum
1218 4017 1390 4111 perducta,
1404 4018 1517 4085 inanes
1530 4016 1673 4107 pbiloso-

88 4142 249 4233 phorum,
273 4143 358 4211 male
379 4145 610 4232 sentientium,
631 4146 801 4236 opiniones
820 4148 973 4240 explosit,
989 4155 1022 4215 et
1040 4146 1266 4214 hereticorum
1285 4144 1366 4212 falsa
1378 4144 1531 4231 dogmata
1543 4142 1669 4226 evertit,

88 4290 228 4360 quaque
248 4268 411 4338 caelestem
423 4268 623 4355 doctrinam,
639 4270 728 4339 varie
742 4270 784 4362 (d)
805 4272 846 4339 ab
859 4272 1006 4340 hostibus
1019 4279 1261 4362 oppugnatam,
1276 4268 1463 4337 certissimis
1475 4267 1668 4349 rationibus,

89 4393 180 4484 quasi
194 4393 393 4463 firmissimis
404 4396 563 4486 presidiis
574 4396 610 4464 in
623 4403 819 4487 perpetuum
831 4395 1060 4465 communivit.

130 4518 235 4589 Nemo
248 4527 297 4588 est
316 4519 377 4612 qui
394 4521 525 4605 nesciat,
541 4521 662 4613 quibus
675 4522 802 4590 artibus
817 4516 969 4590 v'ersutus
981 4529 1017 4589 et
1026 4520 1165 4589 callidus
1177 4520 1400 4604 adversarius,
1416 4518 1587 4586 hominum
1603 4517 1674 4584 ani-

90 4665 158 4712 mos
179 4644 334 4731 tentant3
358 4667 440 4735 quas
461 4647 573 4735 generi
594 4646 741 4716 humano
764 4645 935 4715 tetenderit
954 4645 1110 4731 iusidias;
1126 4666 1209 4736 quos
1228 4644 1265 4735 (e)
1281 4642 1435 4712 satellites
1452 4651 1484 4710 et
1507 4640 1673 4708 ministros

90 4765 257 4836 hereticos
273 4767 445 4837 immiserit
463 4770 504 4837 ad
521 4770 671 4840 Ecclesia
692 4781 837 4860 segetem·
849 4793 976 4841 veneno
992 4770 1216 4841 iniciendam.
1238 4773 1271 4839 ls
1284 4769 1447 4853 veritatis,
1464 4766 1673 4857 nominisque

90 4890 257 4973 christiani
269 4893 433 4980 inimicus,
448 4917 524 4962 cum
538 4904 633 4965 antea
645 4917 772 4986 semper
785 4896 980 4984 emissarios,
996 4906 1028 4966 et
1040 4918 1228 4967 excursores
1236 4920 1312 4965 suos
1320 4893 1489 4964 hereticos
1498 4889 1674 4959 mendaciis

91 5016 301 5101 instruxerit,
314 5026 353 5085 ut
373 5042 449 5111 quas
462 5041 538 5087 vere
552 5027 725 5111 sancteque
746 5020 782 5088 in
795 5020 936 5090 Ecclesia
948 5021 1008 5090 Dei
1021 5021 1252 5105 tradebantur,
1266 5023 1488 5107 corrumperet
1506 5037 1542 5082 ac
1559 5013 1674 5104 depra-

92 5149 201 5226 varet3
226 5149 297 5210 tum
319 5143 477 5233 proximis
498 5146 722 5236 superioribus
742 5147 854 5234 annis,
874 5146 1056 5217 Lutherum
1076 5148 1221 5239 aliosque
1243 5147 1277 5215 id
1295 5145 1424 5237 generis
1442 5142 1675 5236 perditissimos

127 5367 134 5395 ¹
146 5364 240 5427 Ereti,
252 5377 322 5431 mr,
336 5369 376 5418 ar.
394 5392 424 5405 -
438 5367 450 5402 ¹
462 5369 566 5434 Enoch,
580 5369 610 5420 de
622 5371 734 5437 Proepar.
748 5370 793 5422 lib.
805 5373 832 5436 1,
845 5387 868 5423 c.
882 5384 901 5423 1.
911 5399 938 5410 -
950 5371 1046 5438 ⁸Greg.
1061 5372 1188 5437 Nazianz,
1198 5375 1263 5422 orat.
1278 5382 1308 5422 11.
1322 5370 1353 5421 de
1366 5370 1444 5421 Filio.

127 5479 158 5543 (a)
174 5481 302 5546 llzrurqoc
323 5481 451 5546 tegebatur
464 5485 624 5537 dediderunt.
638 5513 669 5525 -
686 5487 717 5552 (t)
733 5487 802 5539 Edit.
817 5490 895 5556 baud.
911 5491 1084 5556 explicaverit.
1098 5517 1129 5529 -
1144 5491 1174 5556 (c)
1190 5491 1317 5555 llaerequc
1338 5487 1467 5554 tegebatur
1480 5488 1631 5538 babuerunt.
1645 5510 1675 5521 -

99 5550 133 5616 ld)
147 5552 217 5602 nait.
229 5553 306 5617 Laud.
319 5554 398 5605 vario.
411 5582 438 5592 -
452 5555 483 5619 (c)
495 5560 567 5621 quot.
