4100 6300
780 498 969 567 ursitum.
991 499 1073 567 VIII.
1658 520 1713 581 m

134 626 298 719 labilitas,
317 630 373 701 sed
385 632 525 726 perlecta
537 630 740 725 simplicitas,
751 628 892 698 ostendit
903 627 1123 718 Augustinus,
1137 627 1174 697 in
1187 627 1272 699 libre
1288 631 1404 724 quinto
1417 632 1458 704 de
1473 636 1646 723 Itiuitute,
1662 642 1712 711 di·
1730 662 1775 707 ιιι.
1784 666 1837 710 sm-

1745 726 1829 782 pttctts·
1934 748 1936 753 ¹

132 766 211 815 oens
224 752 234 789 ¹
250 771 259 815 :
277 748 534 841 «intelligamus
546 750 671 835 Deum,
686 754 849 841 quantum
870 766 1061 837 possumus,
1076 745 1146 814 sine
1168 746 1325 838 qualitate
1342 749 1484 840 bonum,
1499 744 1570 824 sine
1583 757 1716 849 quanti·
1730 791 1838 843 assiu

132 867 200 931 tate
214 885 386 955 magnum,
400 867 470 936 sine
482 865 663 958 indigentia
675 864 872 949 Creatorem,
886 861 958 929 sine
969 861 1035 931 situ
1050 861 1288 953 presidentem,
1299 865 1369 934 sine
1382 865 1496 938 habitu
1513 872 1625 942 omnis
1639 897 1716 944 con-
1736 851 1838 958 ᾞξῗ

96 968 101 975 ’
131 977 306 1069 menum,
321 982 391 1052 sine
402 983 473 1055 loco
487 982 608 1076 ubique
628 988 752 1067 totum,
768 979 838 1048 sine
851 985 997 1067 tempore
1014 978 1270 1070 sempiternum,
1285 983 1353 1051 sine
1371 984 1442 1053 ullu
1461 986 1515 1056 s'ui
1535 990 1717 1061 mutatione
1728 976 1840 1092 ,ml

131 1096 308 1166 mutabilia
321 1098 507 1187 facientem,
522 1099 674 1190 nihilque
686 1094 874 1189 patientem.
898 1093 1056 1185 Quisquis
1077 1093 1182 1165 Deum
1200 1096 1247 1166 ita
1266 1099 1402 1189 cogitat,
1418 1102 1478 1171 etsi
1490 1104 1639 1175 nondum
1658 1130 1718 1200 po·

132 1219 198 1292 test
211 1214 347 1284 omnino
360 1214 509 1287 invenire
522 1214 603 1308 quid
611 1214 653 1283 sit
665 1214 746 1305 ipse,
756 1212 810 1303 pie
822 1219 932 1280 tamen
945 1218 1068 1297 caveat,
1079 1219 1240 1303 quantum
1251 1222 1366 1307 potest,
1377 1217 1504 1310 aliquid
1517 1220 1557 1290 de
1569 1222 1629 1291 illo
1643 1245 1716 1293 sen-

130 1329 208 1418 tire,
224 1332 313 1423 quod
326 1354 393 1402 non
407 1332 458 1403 sit.
476 1332 596 1419 choe,
610 1331 638 1400 si
650 1329 813 1399 subtiliter
826 1326 988 1414 intendas,
1003 1327 1372 1422 exhisatquepraedictis
1385 1335 1542 1425 aperitur,
1558 1336 1617 1407 illa
1629 1361 1715 1431 prse-

129 1445 315 1517 dicamenta
335 1450 416 1520 artis
434 1448 610 1519 dialecticae
631 1447 691 1517 Dei
712 1453 840 1516 naturas
854 1444 990 1514 minime
1002 1445 1188 1532 convenire,
1204 1469 1280 1539 quae
1293 1448 1395 1518 nullis
1408 1457 1457 1519 est
1468 1450 1614 1542 subjecta
1632 1455 1715 1523 acci·

129 1560 296 1633 dentibus.

176 1679 272 1749 Unde
284 1692 345 1750 nee
356 1682 487 1774 proprie
499 1680 619 1751 dicitnr
631 1678 828 1767 substantia,
843 1686 882 1747 ut
897 1677 1105 1768 Augustinus
1118 1677 1258 1748 ostendit
1271 1679 1306 1748 iu
1319 1680 1405 1750 libro
1422 1682 1559 1776 septimo
1581 1683 1622 1755 de
1642 1686 1715 1754 Tri·
1745 1707 1837 1760 uuas-

115 1796 281 1866 'nitate'z
298 1823 317 1865 c
333 1796 425 1869 Sicut
437 1798 479 1867 eb
495 1820 546 1887 eo,
561 1796 650 1890 quod
663 1803 800 1875 estesse,
815 1794 999 1887 appellatur
1011 1797 1149 1865 essentia
1160 1823 1169 1884 3
1184 1796 1230 1865 ita
1243 1797 1284 1866 ab
1297 1819 1348 1884 eo,
1363 1798 1451 1891 quod
1465 1808 1510 1869 est
1522 1801 1708 1887 subsistere,
1732 1773 1841 1892 iiiii

128 1912 349 1983 substantiam
361 1913 500 1984 dicimus
514 1939 522 1982 t
538 1914 566 1983 si
579 1921 689 1983 tarum
702 1913 841 2001 dignum
862 1917 909 1980 est
927 1919 964 1981 ut
977 1910 1066 1980 Deus
1077 1911 1205 1981 dicatur
1218 1912 1404 1983 subsistere.
1420 1916 1490 1985 Hoc
1503 1918 1592 1987 enim
1608 1918 1647 1989 de
1661 1920 1717 1989 his
1732 1900 1840 2006 ⁹322?ss

127 2028 230 2098 rebus
250 2038 337 2101 recte
353 2030 562 2121 intelligitur,
576 2030 613 2099 in
625 2029 759 2123 quibus,
774 2034 812 2097 ut
825 2026 989 2119 subjectis,
1005 2035 1083 2097 suut
1096 2051 1134 2097 ea
1146 2050 1221 2121 quae
1234 2029 1270 2097 in
1288 2030 1400 2124 aliquo
1417 2032 1564 2125 subjecto
1582 2058 1651 2105 esse
1664 2035 1715 2105 di·
1739 2024 1839 2129 m,

127 2153 267 2234 cuntur,
281 2146 366 2216 sicut
384 2146 420 2215 in
438 2168 572 2239 corpore
591 2146 692 2231 color,
710 2151 767 2214 aut
780 2144 898 2214 forma.
913 2142 1040 2236 Corpus
1053 2145 1141 2213 enim
1153 2145 1310 2228 subsistit,
1321 2154 1353 2216 et
1367 2147 1441 2218 ideo
1454 2149 1635 2222 substantia
1653 2161 1712 2223 est.
1741 2149 1779 2192 ¹⁵¹·

126 2259 195 2330 Res
208 2284 286 2332 vero
298 2261 493 2350 mutabiles,
509 2285 617 2356 nequa
635 2260 820 2356 simplices,
845 2258 976 2353 proprie
993 2261 1150 2331 dicuntur
1169 2260 1400 2333 substantiae...
1416 2262 1527 2335 ’Dens
1548 2277 1673 2358 auum,
1688 2273 1717 2341 si

126 2376 296 2465 subsistit,
313 2387 351 2447 ut
362 2377 543 2449 substantia
555 2378 685 2472 proprie
697 2377 761 2447 dici
774 2376 889 2470 possit,
906 2376 989 2446 inest
1007 2377 1045 2446 in
1067 2400 1105 2447 eo
1125 2377 1250 2471 aliquid
1276 2385 1434 2473 tauquam
1457 2381 1494 2451 in
1511 2383 1671 2477 subjecto,
1686 2395 1719 2457 et

125 2515 197 2562 non
210 2501 257 2562 est
269 2492 450 2587 simplex...
464 2494 562 2564 Nefas
574 2502 621 2563 est
635 2503 745 2564 autem
759 2493 865 2563 dicere
877 2500 917 2562 ut
928 2492 1082 2562 subsistat
1094 2492 1195 2581 Deus,
1205 2501 1238 2563 et
1251 2495 1355 2565 subsit
1369 2497 1509 2567 bonitati
1519 2521 1588 2570 sue
1596 2527 1606 2588 ;
1620 2509 1720 2594 atque
1846 2497 1856 2519 ⁶

124 2606 188 2676 illa
199 2609 328 2679 bonitas
340 2634 409 2681 non
421 2611 602 2681 substantia
614 2610 668 2698 sit,
682 2610 732 2683 rel
745 2610 855 2703 potius
872 2609 1020 2698 essentia,
1031 2633 1139 2703 neque
1148 2610 1217 2704 ipse
1227 2611 1315 2681 Deus
1327 2612 1370 2683 sit
1382 2614 1511 2684 bonitas
1527 2640 1599 2705 sua,
1613 2617 1720 2688 sedin

124 2712 187 2794 illo
200 2725 242 2794 sit
254 2716 412 2820 tanquam
427 2727 463 2797 in
475 2727 631 2819 subjecto.
646 2727 741 2798 Unde
756 2726 964 2795 manifestum
984 2734 1054 2814 est,
1078 2726 1185 2796 Deum
1204 2728 1340 2801 abusive
1359 2730 1577 2803 substantiam
1596 2735 1718 2822 vocari,

125 2847 167 2910 ut
179 2843 313 2913 nomine
327 2843 488 2914 usitatiori
508 2844 713 2935 intelligatur
734 2841 889 2930 essentia,
908 2842 999 2936 quod
1019 2865 1097 2914 vere
1110 2867 1147 2913 ac
1164 2845 1294 2938 proprie
1311 2846 1448 2930 dicitur,
1463 2848 1510 2919 ita
1529 2856 1567 2918 ut
1584 2850 1720 2922 fortuma

125 2959 236 3028 solum
249 2938 355 3030 θειιιι
369 2960 433 3030 dici
445 2967 591 3053 oporteat
601 2961 785 3030 essentiam.
802 2959 859 3029 Est
871 2959 960 3028 enim
978 2981 1055 3029 vere
1069 2959 1178 3047 solus,
1194 2962 1273 3054 quia
1286 2961 1563 3035 incommutabilis
1577 2974 1636 3036 est.
1652 2994 1671 3034 s

171 3074 281 3168 Hujus
293 3084 404 3146 autem
417 3077 563 3154 essentiae
585 3076 792 3172 simplicitas,
813 3098 850 3145 ac
863 3075 1029 3145 sinceritas
1042 3082 1132 3145 tante
1148 3083 1216 3164 est,
1232 3078 1321 3171 quod
1334 3101 1402 3150 non
1415 3081 1511 3151 estin
1525 3104 1563 3153 ea
1577 3083 1718 3178 aliquid,
1747 3117 1795 3165 14„
1807 3128 1840 3167 „2

125 3192 217 3284 quod
230 3213 297 3262 non
310 3192 352 3262 sit
365 3193 453 3287 ipsa;
469 3194 525 3264 sed
537 3193 625 3264 idem
639 3202 687 3264 est
700 3193 832 3282 habens,
844 3202 876 3263 et
888 3193 977 3285 quod
990 3192 1141 3262 habetur.
1150 3192 1245 3262 Unde
1258 3194 1418 3283 Hilarius,
1434 3197 1470 3265 in
1483 3198 1620 3290 septimo
1633 3201 1719 3272 lihro
1742 3181 1838 3300 ffl,

125 3304 170 3376 de
183 3307 358 3397 Triuitutc,
368 3308 455 3379 ait⁸z
470 3309 570 3379 «Non
585 3333 625 3379 ex
638 3309 823 3403 compositis
835 3313 932 3396 Deus,
943 3307 1003 3402 qui
1014 3308 1083 3377 vita
1096 3316 1155 3395 est,
1166 3308 1330 3397 subsistit3
1342 3333 1449 3404 neque
1462 3314 1522 3406 qui
1534 3315 1641 3386 virtus
1654 3326 1714 3406 est,
1734 3307 1839 3416 ffffi‘

125 3443 170 3491 ex
180 3422 324 3494 infirmis
335 3425 542 3514 mutinetur3
557 3449 665 3519 neque
679 3425 739 3518 qui
750 3426 811 3495 lux
824 3432 884 3513 est,
906 3447 948 3494 ex
960 3423 1107 3493 obscuris
1119 3431 1309 3517 coaptatur;
1328 3429 1642 3523 usquequispiritus
1655 3442 1716 3522 est,

125 3561 170 3607 ex
182 3538 367 3631 disparibus
380 3541 529 3612 formulis
541 3550 589 3612 est
604 3568 612 3611 :
628 3551 750 3630 totum,
764 3542 853 3635 quod
867 3541 902 3610 in
917 3563 955 3610 eo
969 3546 1031 3627 est,
1045 3562 1152 3609 unum
1166 3547 1225 3609 est.
1241 3565 1259 3605 s
1275 3540 1383 3629 Idem,
1398 3542 1435 3611 in
1452 3552 1566 3617 octavo
1579 3547 1665 3620 libro
1677 3549 1718 3620 de

128 3655 333 3725 Trinitate⁸s
352 3657 457 3729 «Non
470 3658 616 3729 humano
636 3657 734 3729 modo
754 3680 795 3727 ex
811 3657 998 3750 compositis
1021 3656 1109 3725 Deus
1127 3662 1186 3744 cst,
1201 3655 1340 3727 utinen
1354 3658 1448 3728 uliud
1463 3660 1607 3755 sitquod
1624 3665 1667 3735 ab
1680 3689 1719 3736 eo

124 3769 278 3862 habetur,
295 3781 328 3842 et
339 3774 432 3844 uliud
444 3774 487 3844 sit
499 3776 568 3867 ipse
587 3774 646 3869 qni
665 3774 799 3860 habeat3
815 3772 870 3842 sed
886 3779 993 3842 totum
1007 3795 1075 3841 una
1088 3778 1136 3841 est
1149 3779 1279 3860 natura,
1297 3773 1419 3844 seilicet
1431 3776 1572 3867 perlecta
1589 3788 1623 3849 et
1640 3781 1719 3851 infi-

124 3886 197 3957 nita
212 3911 221 3954 ε
236 3896 269 3956 ct
281 3911 350 3959 non
362 3913 404 3960 ex
415 3890 600 3984 disparibus
613 3890 804 3978 constitute,
821 3888 877 3958 sed
896 3888 1011 3959 vivens
1033 3911 1092 3981 per
1111 3895 1217 3959 totum
1231 3888 1312 3982 ipse.
1328 3915 1346 3956 r>
1365 3889 1413 3960 De
1430 3890 1492 3961 hoc
1509 3894 1623 3965 eodem
1635 3896 1719 3968 Boe·

124 4002 210 4090 tius,
232 4004 268 4073 in
282 4004 390 4099 primo
409 4006 495 4078 libro
514 4006 555 4076 dc
578 4007 740 4077 Trinitate
751 4004 777 4094 ⁸,
793 4004 840 4074 ait
855 4028 863 4073 ι
881 4032 900 4072 u
921 4003 1081 4087 Quocirca
1101 4003 1163 4074 hoe
1182 4027 1259 4075 vere
1273 4028 1379 4076 unum
1393 4013 1457 4094 est,
1473 4009 1508 4077 in
1522 4034 1589 4104 quo
1602 4013 1718 4083 nullus

124 4141 297 4209 uumerus,
313 4123 447 4193 nullum
460 4124 496 4192 in
512 4146 550 4193 eo
564 4122 655 4194 aliud
668 4130 788 4216 prater
798 4121 832 4192 id
846 4121 935 4213 quod
948 4121 984 4189 in
999 4142 1038 4190 eo
1052 4128 1099 4189 cst
1115 4146 1124 4188 ι
1140 4143 1248 4213 neque
1261 4121 1350 4190 euim
1363 4122 1548 4216 subjectum
1568 4127 1641 4198 fieri
1658 4151 1716 4222 po-

125 4242 199 4305 test.
215 4262 234 4302 »
249 4238 456 4329 Augustinus
467 4262 612 4334 quoque,
627 4240 664 4309 in
676 4239 762 4309 libro
775 4236 817 4308 de
829 4235 912 4306 Fide
924 4248 956 4307 et
968 4236 1123 4329 Symbola
1131 4238 1154 4321 ⁷,
1171 4236 1250 4306 dicit
1267 4262 1275 4305 :
1292 4238 1364 4307 «In
1378 4239 1438 4308 Dei
1452 4241 1635 4312 substantia
1648 4266 1716 4315 non

129 4359 179 4421 est
199 4352 324 4447 aliquid
346 4355 436 4447 quod
455 4379 522 4425 non
545 4355 589 4424 sit
606 4354 808 4441 substantie,
823 4353 920 4447 qussi
942 4352 1034 4423 aliud
1055 4352 1097 4421 sit
1118 4352 1167 4422 ibi
1183 4353 1383 4442 substantia,
1411 4355 1504 4425 aliud
1520 4358 1610 4449 quod
1632 4360 1718 4428 aeci·
1742 4353 1744 4360 ’

125 4466 185 4536 dat
214 4469 423 4558 substantiae3
449 4471 506 4540 sed
528 4469 691 4564 quidquid
715 4469 762 4539 ibi
788 4466 932 4559 intelligi
957 4474 1081 4561 potest,
1105 4468 1285 4538 substantia
1311 4477 1370 4538 est.
1399 4470 1527 4540 Verum
1553 4471 1624 4542 haec
1650 4474 1715 4543 dici

124 4590 263 4677 possunt
287 4585 381 4655 facile
407 4592 440 4656 et
460 4578 571 4673 medi,
594 4585 700 4656 videri
722 4591 855 4673 autem,
876 4583 941 4653 nisi
953 4605 1039 4676 puro
1056 4584 1171 4672 corde,
1193 4584 1329 4654 omnino
1349 4607 1418 4654 non
1436 4594 1584 4678 possunt.
1600 4614 1618 4656 u
1635 4590 1716 4660 Item

125 4700 351 4790 Augustinus,
377 4701 495 4794 quinto
517 4701 643 4772 decimo
665 4700 751 4770 libro
776 4700 817 4770 de
841 4699 1003 4769 Trinitate
1020 4698 1057 4767 ⁸:
1078 4724 1095 4765 r<
1118 4698 1173 4768 Sic
1194 4697 1335 4769 habetur
1360 4701 1398 4770 in
1420 4708 1538 4771 natura
1557 4704 1714 4775 uuiuscu-

121 4813 246 4909 jusque
259 4817 375 4905 trium,
390 4818 478 4911 quod
492 4817 552 4910 qui
564 4818 675 4904 habet,
699 4816 761 4887 hoo
774 4816 817 4886 sit
834 4814 924 4910 quod
938 4815 1057 4904 habet,
1079 4814 1163 4886 sicut
1180 4816 1396 4887 immutabilis
1413 4816 1619 4913 simplexque
1641 4823 1718 4891 sub-

125 4933 258 5002 stantia.
287 4958 306 5000 a
331 4933 427 5004 Unde
449 4933 594 5004 Isidorus
615 4933 710 5002 ait⁹:
735 4932 853 5002 «Deus
878 4932 1019 5025 simplex
1046 4930 1178 5020 dicitur,
1193 4931 1262 5003 sive
1281 4954 1349 5001 non
1362 4932 1541 5005 amittendo
1555 4933 1645 5028 quod
1661 4936 1721 5007 ha·

124 5047 203 5137 bet,
225 5073 284 5121 sen
305 5050 395 5145 quod
411 5050 502 5121 aliud
523 5073 592 5121 non
612 5059 661 5120 est
683 5049 771 5142 ipse,
787 5056 819 5118 et
832 5048 924 5118 aliud
937 5048 1028 5143 quod
1038 5049 1075 5117 in
1088 5050 1159 5141 ipso
1172 5055 1232 5118 est.
1247 5047 1377 5118 Etcum
1391 5055 1490 5119 tantae
1503 5051 1719 5144 simplicitatis

160 5291 171 5329 ¹
184 5294 301 5359 August,
313 5292 345 5344 rte
360 5293 462 5357 Trtntt„
473 5293 520 5346 lib.
533 5293 565 5357 V,
578 5308 602 5345 c.
612 5305 638 5359 1,
651 5307 679 5346 n.
688 5297 714 5347 2.
727 5294 863 5360 num,
876 5294 923 5347 lib.
936 5295 998 5359 vu,
1012 5309 1037 5346 c.
1049 5306 1085 5360 rr,
1098 5307 1127 5344 n.
1137 5296 1162 5345 9.
1174 5289 1306 5355 -ttdid,
1316 5307 1345 5348 n.
1359 5294 1558 5361 lt.-⁸ffllur.,
1571 5296 1602 5347 de
1616 5297 1719 5365 Triuia,

127 5361 176 5414 lib.
188 5364 234 5416 Vll
242 5401 251 5430 ,
264 5365 343 5431 paulo
355 5368 415 5430 post
423 5365 545 5417 medinm.
554 5365 690 5428 -tlbr'd,
703 5366 748 5419 lib.
759 5366 835 5433 VIII,
849 5366 925 5431 paulo
938 5370 998 5418 ante
1013 5365 1102 5416 finem.
1111 5364 1163 5403 -l
1179 5366 1263 5430 Boot,
1276 5363 1307 5415 de
1321 5365 1400 5429 Irim,
1412 5365 1457 5417 lib.
1470 5367 1479 5417 l
1487 5404 1496 5431 ,
1511 5381 1535 5418 c.
1545 5379 1585 5419 ur.
1600 5369 1651 5407 -l
1669 5372 1719 5421 Au-

128 5437 208 5501 gust,
221 5434 251 5486 de
263 5436 329 5488 Fide
341 5437 366 5486 et
380 5435 506 5500 Symboto,
520 5451 544 5488 c.
560 5447 603 5502 ιι,
616 5450 643 5488 n.
658 5439 738 5489 20.-
751 5437 762 5475 ⁸
775 5440 892 5504 August,
907 5436 937 5488 dc
951 5437 1054 5502 Triuia,
1067 5436 1111 5491 lib.
1127 5437 1184 5503 XV,
1198 5452 1222 5488 c.
1233 5448 1296 5502 rvrr,
1310 5451 1337 5489 n.
1349 5439 1389 5489 28.
1399 5437 1450 5476 -t
1463 5437 1564 5503 isidor,
1576 5438 1607 5490 de
1617 5440 1719 5494 Summo

129 5505 206 5569 aoso,
220 5521 244 5559 e.
257 5516 281 5574 r,
296 5508 324 5557 et
337 5504 480 5572 Eturucth.
491 5506 536 5558 lib.
547 5506 608 5572 vu,
618 5521 641 5561 c.
651 5519 670 5561 1.
