4100 6300
561 432 749 499 HlSTlNCT.
769 432 820 498 IX.
842 431 932 499 AHT.
956 434 981 500 l.
1004 434 1153 515 QUAEST.
1176 439 1201 504 1.
1620 450 1679 511 rra

79 572 169 650 tem,
188 568 241 633 sed
261 567 473 651 privationem
486 568 651 652 principii,
663 573 695 633 at
707 587 764 653 per
776 569 850 648 hoc,
907 588 982 635 cum
999 591 1145 656 persona.
1161 573 1250 640 Unde
1265 575 1356 641 nulla
1369 577 1405 640 ut
1426 579 1562 645 mutatio
1577 580 1610 643 in
1625 582 1679 646 illa

79 676 531 759 summamprincipalitatem.
907 684 1035 747 natura.
1106 745 1112 758 ,

395 865 462 911 m„
487 866 543 912 x,
1142 820 1389 891 larrcunus
1411 822 1438 890 1.

351 981 424 1042 ouou
438 982 470 1033 u>
481 984 587 1033 ³³101110·
946 995 995 1060 Ad
1014 996 1260 1080 intelligentiam
1279 1018 1393 1064 eorum
1412 1018 1486 1082 qnae
1509 1001 1585 1066 dicit
1609 1001 1677 1067 Ma-

119 1104 230 1170 Innuit
245 1103 384 1171 Hilarius
397 1105 450 1170 hic
462 1106 525 1171 tale
539 1107 770 1188 argumentum
788 1122 797 1167 z
817 1103 850 1168 Si
906 1102 1005 1183 gister
1028 1104 1067 1169 de
1086 1108 1292 1188 generatione
1313 1111 1452 1186 aterna,
1474 1109 1509 1172 in
1529 1112 1679 1193 praesenti

77 1211 178 1277 Filius
217 1230 283 1277 non
311 1215 359 1277 est
380 1217 571 1295 generatus,
599 1213 668 1276 sive
688 1214 784 1276 nutus
810 1211 851 1274 ab
905 1209 1105 1278 distinctione
1125 1218 1264 1297 quatuor
1283 1215 1500 1298 principaliter
1521 1236 1679 1300 quaerun-

77 1322 210 1397 aeterno,
232 1319 397 1401 generatio
413 1322 484 1404 ejus
495 1338 560 1385 non
584 1323 631 1384 est
648 1324 796 1383 aeterna:
819 1321 850 1383 et
904 1322 978 1383 tur:
995 1321 1099 1402 primo
1120 1323 1295 1404 quaeritur,
1318 1327 1431 1388 utrum
1450 1324 1485 1388 in
1511 1325 1679 1391 divinissit

76 1428 194 1504 sihoc,
210 1426 304 1492 Pater
318 1447 385 1494 non
400 1431 533 1510 generat
545 1427 586 1491 ab
602 1431 723 1492 zetenm
740 1449 749 1488 ι
771 1444 850 1509 ergo
904 1428 1052 1509 ponenda
1069 1430 1235 1511 generatio
1247 1450 1255 1509 ;
1268 1431 1419 1509 secundo,
1434 1430 1508 1495 dato
1522 1433 1608 1515 quod
1621 1435 1675 1514 sit,

77 1535 169 1600 Pater
190 1554 259 1600 non
275 1538 323 1600 est
341 1541 481 1601 eternus
502 1554 511 1598 ε
534 1553 613 1617 ergo
638 1534 694 1619 qui
717 1535 850 1617 derogat
904 1537 1016 1599 utrum
1029 1537 1193 1617 generatio
1205 1537 1240 1600 in
1253 1537 1369 1601 divinis
1385 1539 1426 1602 sit
1438 1541 1586 1621 ponenda
1599 1560 1676 1624 per-

77 1643 246 1708 aeternitati
269 1642 364 1723 Filii,
390 1644 523 1725 derogat
547 1643 717 1707 aeternitati
735 1641 847 1708 Patris.
903 1640 1555 1724 sonarumdisctinctiva3tertioquaeritur,
1564 1648 1675 1709 utrum

77 1750 136 1816 Sed
148 1752 210 1816 ista
225 1752 307 1817 ratio
321 1770 388 1816 non
399 1752 526 1816 videtur
539 1752 657 1826 valere,
671 1751 848 1834 quiaslmi-
902 1746 957 1810 illa
970 1748 1142 1842 'generatio
1163 1749 1204 1812 sit
1221 1753 1357 1827 tatemer,
1377 1754 1490 1832 quarto
1512 1755 1543 1814 et
1561 1752 1677 1819 ultimo

76 1859 147 1923 liter
165 1877 231 1941 ego
243 1878 381 1942 arguam
393 1878 435 1923 ax
447 1863 535 1942 parte
551 1858 707 1924 Creatoris
718 1864 750 1923 et
762 1878 849 1924 crea·
903 1855 1078 1937 queritur,
1102 1858 1213 1920 utrum
1235 1856 1290 1920 illa
1314 1856 1478 1938 generatio
1501 1857 1542 1921 sit
1564 1860 1677 1923 termi-

77 1970 179 2031 turae:
198 1968 257 2032 sed
280 1971 426 2032 creatura
448 1986 514 2031 non
541 1970 588 2031 est
610 1971 758 2046 aetema3
783 1986 848 2032 non
904 1966 991 2027 nata.
1195 2049 1202 2063 .

78 2076 161 2139 enim
174 2076 216 2138 ab
231 2078 351 2140 aeterno
365 2075 484 2140 creavit
496 2074 649 2140 Deustet
663 2074 707 2138 ita
719 2093 785 2139 nou
802 2079 849 2140 est
1176 2108 1361 2187 QUAESTIO·
1381 2110 1406 2175 l·

78 2181 202 2247 Creator
216 2186 370 2247 aeternus.
1356 2172 1362 2191 ‘

114 2289 205 2372 Hesp.
222 2289 399 2354 Dicendum
412 2288 498 2370 quod
517 2306 584 2353 non
599 2291 646 2352 est
658 2287 779 2365 simile,
801 2288 846 2352 si-

78 2400 129 2461 cut
150 2400 240 2479 patet
263 2414 304 2461 ex
331 2395 477 2478 sequenti
501 2397 571 2477 ejus
594 2396 679 2477 quod
708 2394 847 2459 Hilarius
942 2392 1033 2470 Quod
1054 2396 1220 2476 generatio
1236 2396 1277 2459 sit
1293 2398 1328 2460 in
1348 2396 1483 2477 divinis,
1498 2400 1674 2465 ostenditur
1731 2440 1760 2470 un

997 2244 1044 2299 Aa
1057 2245 1089 2300 ia
1102 2242 1205 2300 ἅῖυίπίε
1216 2248 1352 2315 qcuuatio
1363 2245 1489 2317 ponendo
1502 2248 1540 2302 stt
1556 2247 1577 2302 ¹.

78 2505 239 2587 supponit,
254 2503 339 2586 quod
352 2522 421 2567 esse
438 2506 562 2585 patrem
575 2502 616 2566 sit
630 2503 755 2585 proprie
767 2521 846 2585 pro·
901 2501 1007 2584 primo
1019 2520 1040 2565 a
1051 2501 1179 2567 minori.
1192 2502 1291 2568 Multo
1306 2504 1418 2569 lortius
1429 2505 1522 2570 dehet
1533 2523 1600 2570 esse
1616 2525 1674 2588 ge·
1690 2502 1738 2532 ⁰²²¹
1762 2523 1768 2534 ’

78 2612 181 2693 prium
198 2611 287 2675 illius
307 2628 451 2695 personae
466 2632 473 2674 :
487 2628 578 2692 ergo,
595 2616 670 2673 cunt
683 2611 746 2675 tale
764 2628 846 2675 sem·
901 2609 1023 2673 naratio
1036 2609 1072 2673 in
1084 2629 1121 2674 eo
1132 2610 1188 2693 qui
1210 2613 1449 2692 generationem
1462 2612 1532 2677 aliis
1543 2614 1668 2692 tribuit,

78 2736 131 2801 per
142 2719 323 2797 conveniat,
337 2721 394 2783 aut
408 2718 499 2782 aliter
515 2735 566 2781 res
583 2736 649 2781 nou
667 2718 847 2783 hebetasse
901 2734 1000 2799 quam
1025 2717 1061 2780 in
1077 2718 1128 2781 his
1148 2736 1222 2799 quaa
1244 2719 1423 2801 recipiunt:
1438 2721 1493 2784 sed
1507 2723 1672 2802 generatio

78 2825 262 2907 perlectum,
277 2825 423 2908 sequitur
446 2826 485 2889 da
503 2825 703 2905 necessitate,
719 2830 776 2889 aut
788 2824 846 2890 Hi·
901 2824 994 2888 estin
1007 2825 1161 2889 creaturis
1176 2844 1186 2888 :
1201 2843 1280 2907 ergo
1293 2825 1371 2888 etin
1391 2826 1453 2891 Deo
1474 2829 1532 2911 qui
1548 2829 1672 2892 tribuit.

77 2932 135 2996 lius
147 2937 195 2996 est
210 2937 371 3012 aemmus,
384 2936 440 2997 aut
460 2929 553 2995 Pater
574 2933 614 2996 ab
637 2936 759 2997 aterno
780 2952 846 2998 non
901 2930 939 2994 Et
947 2932 1154 3014 hocestquod
1164 2932 1282 2996 dicitur
1292 2932 1327 2994 in
1340 2931 1420 2996 lsaia
1432 2940 1464 2996 ¹:
1480 2932 1521 2998 St
1537 2950 1591 3014 eqo
1608 2936 1667 3016 qut

77 3039 167 3104 habet
187 3060 257 3106 asse
281 3042 456 3124 perlectum
468 3063 475 3105 :
488 3058 596 3105 creare
607 3058 705 3117 vero,
724 3040 783 3105 etsi
796 3059 846 3106 so-
899 3040 1137 3120 rescrationem
1147 3040 1225 3105 ultis
1235 3039 1352 3117 tribuo,
1365 3040 1487 3107 sterilis
1497 3040 1575 3108 e'ro?
1588 3040 1672 3109 dieu

78 3147 136 3214 lius
158 3147 210 3215 llei
235 3150 297 3230 sit,
321 3153 429 3214 tamen
443 3147 565 3213 ratione
578 3148 737 3213 connotati
750 3147 847 3213 habet
902 3146 1361 3230 Dominamquasidicataoa.

80 3258 846 3342 imperletionemconjunotam,secundumquam
940 3255 1035 3337 llam,
1050 3257 1226 3321 ostenditur
1247 3257 1327 3321 illud
1349 3257 1473 3322 iduma
1492 3259 1670 3341 posteriori.

79 3386 139 3433 uon
150 3373 276 3434 tantum
296 3368 504 3452 impossibile,
520 3368 576 3432 sed
596 3368 692 3432 etiruu
711 3387 777 3434 non
791 3370 846 3434 in·
901 3361 961 3428 Per
974 3364 1064 3447 prius
1081 3364 1168 3428 euim
1187 3367 1234 3426 est
1251 3364 1423 3445 paternitas
1440 3363 1475 3426 in
1496 3362 1560 3428 lleo
1574 3382 1673 3447 quam

79 3474 235 3557 telligibile
249 3481 298 3541 est
311 3474 430 3558 aliquid
441 3474 482 3538 ab
494 3479 616 3540 aetemo
631 3475 743 3539 meari.
899 3475 934 3539 in
946 3479 1110 3539 creatura:
1123 3474 1178 3538 sad
1190 3475 1362 3557 paternitas
1374 3478 1406 3538 at
1416 3476 1581 3555 generatio
1596 3494 1671 3541 vere

899 3584 994 3648 estin
1008 3585 1174 3647 creatura:
1190 3585 1314 3663 ergoet
1329 3582 1363 3645 in
1378 3580 1451 3646 Deo.
1471 3579 1563 3659 Quod
1579 3584 1670 3665 prius

898 3691 938 3755 sit
951 3690 1008 3770 ibi,
1023 3690 1101 3755 dicit
1112 3689 1282 3772 Apostolus
1291 3694 1302 3728 ³
1312 3688 1513 3771 adllphesios
1523 3712 1531 3753 :
1542 3689 1599 3755 Etr
1607 3706 1671 3772 quo

216 3776 269 3828 ⁸0⁶
281 3776 395 3842 capsum
408 3776 540 3827 demuma
552 3774 694 3826 amando.
897 3801 1002 3866 omnis
1020 3799 1202 3881 poardus
1215 3800 1254 3862 ia
1267 3797 1354 3875 caelo,
1368 3803 1399 3863 ct
1410 3798 1448 3861 to
1461 3804 1548 3863 terro
1562 3800 1667 3865 uomi-

117 3897 226 3964 Contra
242 3923 250 3965 :
269 3899 349 3978 Quia
366 3901 543 3965 secundum
563 3900 635 3977 hoc,
652 3918 727 3964 cum
741 3897 842 3963 Filius
899 3912 1014 3974 mur,

81 4002 130 4070 llei
142 4009 230 4091 prius
244 4013 337 4089 esset,
359 4013 391 4073 et
412 4013 521 4092 postea
535 4026 577 4073 ex
598 4007 725 4089 virgine
736 4011 842 4087 natus,
938 4013 1029 4091 ltem,
1046 4012 1224 4077 ostenditur
1239 4011 1301 4077 hoc
1316 4012 1423 4096 ipsum
1435 4031 1455 4077 a
1468 4012 1579 4093 simili;
1594 4014 1671 4097 quia

82 4111 121 4176 sic
133 4122 298 4197 ergoesset
309 4120 464 4182 mutatus.
898 4139 995 4186 omne
1014 4120 1102 4203 quod
1122 4119 1322 4202 perfectionis
1344 4123 1391 4184 est
1403 4169 1412 4200 ,
1426 4119 1669 4184 attribuendum

118 4219 205 4305 Hesp.
226 4223 418 4304 Dicendum,
434 4224 519 4308 quod
534 4222 675 4288 Hilarius
695 4220 845 4302 intelligit
898 4231 946 4292 ast
957 4228 1031 4307 lleo,
1052 4227 1165 4309 inquo
1179 4231 1367 4291 estsumma
1380 4226 1485 4290 omnis
1504 4226 1670 4309 perfectio·

81 4329 248 4396 ucundum
282 4332 428 4397 eamdem
462 4337 636 4410 naturam,
666 4329 844 4394 secundum
897 4331 948 4397 nis
963 4354 970 4396 :
987 4331 1042 4396 sed
1058 4330 1222 4413 generatio
1244 4335 1291 4395 est
1313 4331 1516 4414 perfectionis
1529 4332 1564 4394 in
1578 4349 1669 4396 crea-

81 4439 358 4520 quampriuserat3
372 4440 399 4504 si
412 4439 500 4503 anim
508 4438 686 4503 secundum
697 4437 841 4503 eamdam
896 4445 982 4517 tura,
994 4442 1031 4503 ut
1048 4438 1119 4502 vult
1138 4437 1352 4519 Philosophus
1366 4438 1474 4521 ⁸,quia
1492 4439 1669 4520 perlectum
1701 4449 1704 4454 ·

81 4555 220 4654 naturum
237 4557 328 4639 prius
343 4560 470 4632 crat,.et
483 4559 592 4639 postea
606 4557 771 4632 natusest,
785 4572 844 4619 ne-
897 4552 944 4612 ast
973 4546 1060 4629 quod
1094 4549 1198 4628 potest
1239 4562 1394 4626 generare
1436 4544 1531 4627 quale
1561 4544 1669 4626 ipsum

84 4677 161 4726 casse
186 4667 232 4728 est
259 4665 346 4749 quod
374 4665 553 4730 secundum
578 4664 667 4727 illam
690 4669 842 4728 naturam
897 4659 945 4720 ast
960 4677 967 4719 :
981 4672 1072 4736 ergo,
1087 4657 1150 4717 etc.

83 4772 213 4835 mutatus
230 4772 294 4836 sit:
318 4773 373 4839 aad
392 4773 419 4837 si
437 4771 613 4837 secundum
633 4771 730 4835 aliam
743 4776 843 4836 natu·
936 4763 1037 4843 Item,
1052 4760 1131 4826 illud
1149 4759 1233 4825 idem
1252 4759 1428 4825 ostenditur
1451 4759 1506 4823 illa
1520 4760 1666 4825 ratione:

82 4891 157 4953 ram,
168 4884 288 4962 oportet
297 4881 507 4946 mutationem
517 4880 587 4943 fieri
598 4880 632 4943 in
642 4879 697 4943 illa
708 4883 839 4945 natura:
896 4873 1011 4939 Divina
1032 4874 1150 4936 natura
1161 4874 1208 4935 est
1220 4887 1346 4933 summe
1358 4869 1454 4949 bona,
1470 4873 1502 4934 et
1514 4869 1668 4934 actualis·

84 4982 206 5050 sednon
218 4987 253 5051 in
265 5006 412 5071 persona,
425 5006 502 5052 cum
518 4987 699 5052 illsnatura
711 4986 843 5051 nondi-
895 4982 977 5048 sima
994 5003 1002 5045 :
1018 4999 1098 5062 ergo
1111 4996 1237 5043 summo
1249 4981 1366 5061 potest,
1383 4980 1417 5041 et
1433 4978 1505 5043 vult
1524 4995 1558 5042 sa
1579 4995 1669 5043 oom-

83 5092 128 5152 out
148 5092 263 5176 aliquid
286 5097 321 5159 in
342 5113 489 5178 persona,
519 5095 573 5159 sed
596 5093 701 5175 magis
722 5093 843 5176 aliquid
896 5089 1060 5155 municare
1073 5108 1081 5152 :
1096 5087 1149 5153 sad
1167 5086 1273 5170 prima
1290 5089 1322 5150 et
1335 5103 1464 5149 summa
1485 5085 1567 5149 ratio
1577 5103 1667 5150 oom-

112 5221 168 5287 ¹Cf.
180 5225 250 5276 Alex.
261 5227 356 5291 Alana,
368 5242 395 5293 p.
406 5230 427 5291 l,
438 5242 464 5292 q.
477 5225 648 5291 xn11,memb.
660 5230 671 5276 l
677 5241 687 5289 ;
700 5229 727 5278 S.
736 5225 840 5289 Thom„
896 5238 921 5289 q.
932 5229 960 5287 15
974 5222 1114 5274 hithardus
1119 5259 1128 5286 ‚
1145 5222 1151 5270 l
1167 5221 1247 5283 seat,
1260 5219 1319 5270 dist.
1330 5231 1374 5281 rx,
1389 5233 1414 5284 q.
1426 5231 1450 5283 ¹3
1471 5218 1621 5270 Franciscus
1633 5220 1666 5271 de

83 5304 107 5355 l·
120 5295 145 5359 l,
158 5310 183 5361 q.
192 5311 280 5364 nvn,
294 5305 353 5356 ortt
372 5305 399 5352 et
414 5305 445 5364 23
460 5305 486 5351 at
504 5303 511 5351 l
528 5303 608 5352 sent..
623 5299 682 5350 dist.
695 5311 760 5362 xru,
776 5312 803 5363 q.
816 5309 840 5363 1,
895 5296 987 5360 Meyr,
1008 5295 1017 5344 l
1035 5293 1243 5355 Sent.,dist.1v,
1264 5305 1291 5356 q.
1304 5303 1331 5354 r;
1353 5291 1445 5342 Thom.
1461 5294 1532 5357 arg,
1554 5292 1565 5342 l
1583 5291 1666 5355 sena,

83 5366 126 5416 itt.
136 5371 148 5417 l
156 5383 165 5430 ;
185 5371 287 5436 scotus,
310 5374 320 5423 l
334 5374 414 5435 seut,
428 5372 487 5425 dist.
497 5384 534 5436 11,
549 5386 574 5437 q.
585 5383 611 5422 vr
618 5385 628 5435 ς
642 5371 737 5436 AEgld,
751 5372 839 5434 Hom„
893 5368 952 5419 dist.
961 5379 996 5431 rv,
1008 5381 1034 5432 q.
1044 5378 1063 5426 ι,
1075 5369 1124 5416 ert.
1133 5365 1285 5426 l.-²lsoi.,
1294 5375 1366 5428 nxvr,
1375 5363 1449 5415 9.-³
1459 5364 1560 5429 Epiros,
1569 5374 1610 5427 111,
1623 5367 1663 5416 lt.

85 5434 183 5500 ¹⁸nt,
202 5440 313 5508 aaa,
326 5455 387 5509 q.1;
403 5444 544 5508 uenum,
557 5444 585 5495 in
599 5443 719 5507 somna,
732 5446 837 5505 uun,
892 5439 1037 5502 -tuna,
1050 5437 1201 5498 sauma,
1215 5435 1260 5486 na.
1273 5435 1314 5499 u,
1328 5439 1399 5487 cont.
1408 5436 1448 5487 ss.

380 3659 450 3705 ΗΠΒ.
468 3659 537 3706 XVI.
