<?xml version="1.0" encoding="UTF-8"?>
<!DOCTYPE html PUBLIC "-//W3C//DTD XHTML 1.0 Transitional//EN"
    "http://www.w3.org/TR/xhtml1/DTD/xhtml1-transitional.dtd">
<html xmlns="http://www.w3.org/1999/xhtml" xml:lang="en" lang="en">
 <head>
  <title>
</title>
<meta http-equiv="Content-Type" content="text/html;charset=utf-8" />
  <meta name='ocr-system' content='tesseract 3.04.00' />
  <meta name='ocr-capabilities' content='ocr_page ocr_carea ocr_par ocr_line ocrx_word'/>
</head>
<body>
  <div class='ocr_page' id='page_1' title='image "./srecardinalissb00peltgoog_0616.png"; bbox 0 0 4100 6300; ppageno 0'>
   <div class='ocr_carea' id='block_1_1' title="bbox 421 425 1443 495">
    <p class='ocr_par' dir='ltr' id='par_1_1' title="bbox 421 425 1443 495">
     <span class='ocr_line' id='line_1_1' title="bbox 421 425 1443 495; baseline -0.005 0"><span class='ocrx_word' id='word_1_1' title='bbox 421 435 481 495; x_wconf 70' lang='lat' dir='ltr'><strong>m</strong></span> <span class='ocrx_word' id='word_1_2' title='bbox 991 425 1303 493; x_wconf 72' lang='lat' dir='ltr'><strong>SENTENTIARUM</strong></span> <span class='ocrx_word' id='word_1_3' title='bbox 1322 427 1398 494; x_wconf 80' lang='lat' dir='ltr'><strong>uta.</strong></span> <span class='ocrx_word' id='word_1_4' title='bbox 1418 427 1443 492; x_wconf 87' lang='grc' dir='ltr'><strong>Ι.</strong></span> 
     </span>
    </p>
   </div>
   <div class='ocr_carea' id='block_1_2' title="bbox 366 561 1906 4388">
    <p class='ocr_par' dir='ltr' id='par_1_2' title="bbox 366 561 1904 2563">
     <span class='ocr_line' id='line_1_2' title="bbox 422 561 1888 649; baseline 0 -20"><span class='ocrx_word' id='word_1_5' title='bbox 422 564 505 630; x_wconf 89' lang='lat' dir='ltr'><strong>eadit</strong></span> <span class='ocrx_word' id='word_1_6' title='bbox 516 562 646 647; x_wconf 76' lang='lat' dir='ltr'><strong>aliquod</strong></span> <span class='ocrx_word' id='word_1_7' title='bbox 658 561 802 628; x_wconf 88' lang='lat' dir='ltr'><strong>medium</strong></span> <span class='ocrx_word' id='word_1_8' title='bbox 814 561 902 645; x_wconf 90' lang='lat' dir='ltr'><strong>quod</strong></span> <span class='ocrx_word' id='word_1_9' title='bbox 919 580 986 627; x_wconf 88' lang='lat' dir='ltr'><strong>non</strong></span> <span class='ocrx_word' id='word_1_10' title='bbox 999 563 1040 626; x_wconf 91' lang='lat' dir='ltr'><strong>sit</strong></span> <span class='ocrx_word' id='word_1_11' title='bbox 1052 562 1190 627; x_wconf 85' lang='lat' dir='ltr'><strong>alterum</strong></span> <span class='ocrx_word' id='word_1_12' title='bbox 1246 562 1435 645; x_wconf 79' lang='lat' dir='ltr'>magnitudo</span> <span class='ocrx_word' id='word_1_13' title='bbox 1458 561 1629 646; x_wconf 74' lang='lat' dir='ltr'><strong>quantitas,</strong></span> <span class='ocrx_word' id='word_1_14' title='bbox 1647 565 1676 625; x_wconf 92' lang='lat' dir='ltr'><strong>et</strong></span> <span class='ocrx_word' id='word_1_15' title='bbox 1694 564 1790 629; x_wconf 77' lang='lat' dir='ltr'><strong>bontas</strong></span> <span class='ocrx_word' id='word_1_16' title='bbox 1804 570 1888 649; x_wconf 64' lang='lat' dir='ltr'><strong>quiae,</strong></span> 
     </span>
     <span class='ocr_line' id='line_1_3' title="bbox 421 667 1891 754; baseline 0.003 -18"><span class='ocrx_word' id='word_1_17' title='bbox 421 671 552 736; x_wconf 90' lang='lat' dir='ltr'><strong>illorum</strong></span> <span class='ocrx_word' id='word_1_18' title='bbox 565 691 573 734; x_wconf 80' lang='lat' dir='ltr'><em>z</em></span> <span class='ocrx_word' id='word_1_19' title='bbox 588 674 620 735; x_wconf 92' lang='lat' dir='ltr'><strong>et</strong></span> <span class='ocrx_word' id='word_1_20' title='bbox 633 669 678 734; x_wconf 82' lang='lat' dir='ltr'><strong>sia</strong></span> <span class='ocrx_word' id='word_1_21' title='bbox 694 667 788 734; x_wconf 86' lang='lat' dir='ltr'><strong>Pater</strong></span> <span class='ocrx_word' id='word_1_22' title='bbox 807 669 944 734; x_wconf 87' lang='lat' dir='ltr'><strong>retertur</strong></span> <span class='ocrx_word' id='word_1_23' title='bbox 956 668 1059 753; x_wconf 90' lang='lat' dir='ltr'><strong>seipso</strong></span> <span class='ocrx_word' id='word_1_24' title='bbox 1072 669 1113 734; x_wconf 88' lang='lat' dir='ltr'><strong>ad</strong></span> <span class='ocrx_word' id='word_1_25' title='bbox 1135 668 1188 734; x_wconf 84' lang='lat' dir='ltr'><strong>Fi·</strong></span> <span class='ocrx_word' id='word_1_26' title='bbox 1244 669 1299 734; x_wconf 92' lang='lat' dir='ltr'><strong>sed</strong></span> <span class='ocrx_word' id='word_1_27' title='bbox 1319 671 1510 753; x_wconf 79' lang='lat' dir='ltr'><strong>magnitudo</strong></span> <span class='ocrx_word' id='word_1_28' title='bbox 1531 669 1587 734; x_wconf 84' lang='lat' dir='ltr'><strong>llei</strong></span> <span class='ocrx_word' id='word_1_29' title='bbox 1607 687 1670 734; x_wconf 91' lang='lat' dir='ltr'><strong>non</strong></span> <span class='ocrx_word' id='word_1_30' title='bbox 1690 673 1891 754; x_wconf 59' lang='lat' dir='ltr'><strong>atquinium</strong></span> 
     </span>
     <span class='ocr_line' id='line_1_4' title="bbox 419 774 1892 861; baseline 0.001 -18"><span class='ocrx_word' id='word_1_31' title='bbox 419 778 513 858; x_wconf 91' lang='lat' dir='ltr'><strong>lium,</strong></span> <span class='ocrx_word' id='word_1_32' title='bbox 529 781 592 842; x_wconf 89' lang='lat' dir='ltr'><strong>ete</strong></span> <span class='ocrx_word' id='word_1_33' title='bbox 607 793 772 841; x_wconf 83' lang='lat' dir='ltr'><strong>converso.</strong></span> <span class='ocrx_word' id='word_1_34' title='bbox 794 775 877 840; x_wconf 86' lang='lat' dir='ltr'><strong>Nam</strong></span> <span class='ocrx_word' id='word_1_35' title='bbox 889 774 981 841; x_wconf 89' lang='lat' dir='ltr'><strong>Pater</strong></span> <span class='ocrx_word' id='word_1_36' title='bbox 996 781 1043 840; x_wconf 87' lang='lat' dir='ltr'><strong>est</strong></span> <span class='ocrx_word' id='word_1_37' title='bbox 1057 795 1116 842; x_wconf 91' lang='lat' dir='ltr'><strong>sua</strong></span> <span class='ocrx_word' id='word_1_38' title='bbox 1130 796 1189 860; x_wconf 86' lang='lat' dir='ltr'><strong>pa·</strong></span> <span class='ocrx_word' id='word_1_39' title='bbox 1243 776 1368 841; x_wconf 87' lang='lat' dir='ltr'><strong>bonitas</strong></span> <span class='ocrx_word' id='word_1_40' title='bbox 1389 777 1526 861; x_wconf 76' lang='lat' dir='ltr'><strong>qualitas</strong></span> <span class='ocrx_word' id='word_1_41' title='bbox 1552 800 1559 837; x_wconf 94' lang='lat'><strong>:</strong></span> <span class='ocrx_word' id='word_1_42' title='bbox 1581 776 1677 858; x_wconf 74' lang='lat' dir='ltr'><strong>igitur</strong></span> <span class='ocrx_word' id='word_1_43' title='bbox 1691 795 1740 841; x_wconf 87' lang='lat' dir='ltr'><strong>nea</strong></span> <span class='ocrx_word' id='word_1_44' title='bbox 1753 783 1892 860; x_wconf 73' lang='lat' dir='ltr'><strong>pansa</strong></span> 
     </span>
     <span class='ocr_line' id='line_1_5' title="bbox 366 883 1892 973; baseline 0.001 -23"><span class='ocrx_word' id='word_1_45' title='bbox 366 889 369 896; x_wconf 86' lang='grc'><strong>“</strong></span> <span class='ocrx_word' id='word_1_46' title='bbox 420 886 565 962; x_wconf 82' lang='lat' dir='ltr'><strong>tennitas,</strong></span> <span class='ocrx_word' id='word_1_47' title='bbox 579 888 611 949; x_wconf 90' lang='lat' dir='ltr'><strong>et</strong></span> <span class='ocrx_word' id='word_1_48' title='bbox 623 883 684 947; x_wconf 84' lang='lat' dir='ltr'><strong>hoe</strong></span> <span class='ocrx_word' id='word_1_49' title='bbox 697 886 826 966; x_wconf 87' lang='lat' dir='ltr'><strong>propter</strong></span> <span class='ocrx_word' id='word_1_50' title='bbox 846 901 1009 948; x_wconf 89' lang='lat' dir='ltr'><strong>summam</strong></span> <span class='ocrx_word' id='word_1_51' title='bbox 1031 883 1189 968; x_wconf 83' lang='lat' dir='ltr'><strong>simpliei—</strong></span> <span class='ocrx_word' id='word_1_52' title='bbox 1243 883 1354 949; x_wconf 87' lang='lat' dir='ltr'><strong>relatio</strong></span> <span class='ocrx_word' id='word_1_53' title='bbox 1371 906 1379 948; x_wconf 90' lang='lat'><strong>:</strong></span> <span class='ocrx_word' id='word_1_54' title='bbox 1395 884 1450 949; x_wconf 83' lang='lat' dir='ltr'><strong>sed</strong></span> <span class='ocrx_word' id='word_1_55' title='bbox 1470 884 1644 967; x_wconf 86' lang='lat' dir='ltr'><strong>paternitas</strong></span> <span class='ocrx_word' id='word_1_56' title='bbox 1662 887 1704 948; x_wconf 78' lang='lat' dir='ltr'><strong>est</strong></span> <span class='ocrx_word' id='word_1_57' title='bbox 1720 887 1892 973; x_wconf 82' lang='lat' dir='ltr'><strong>proprietazip&#39;-</strong></span> 
     </span>
     <span class='ocr_line' id='line_1_6' title="bbox 418 989 1385 1075; baseline -0.003 -18"><span class='ocrx_word' id='word_1_58' title='bbox 418 996 527 1058; x_wconf 86' lang='lat' dir='ltr'><strong>tatem.</strong></span> <span class='ocrx_word' id='word_1_59' title='bbox 542 990 648 1056; x_wconf 88' lang='lat' dir='ltr'><strong>Tertio</strong></span> <span class='ocrx_word' id='word_1_60' title='bbox 661 990 756 1054; x_wconf 91' lang='lat' dir='ltr'><strong>modo</strong></span> <span class='ocrx_word' id='word_1_61' title='bbox 778 989 890 1054; x_wconf 85' lang='lat' dir='ltr'><strong>referri</strong></span> <span class='ocrx_word' id='word_1_62' title='bbox 911 992 1013 1074; x_wconf 90' lang='lat' dir='ltr'><strong>seipso</strong></span> <span class='ocrx_word' id='word_1_63' title='bbox 1027 994 1089 1068; x_wconf 86' lang='lat' dir='ltr'><strong>est,</strong></span> <span class='ocrx_word' id='word_1_64' title='bbox 1112 992 1189 1075; x_wconf 89' lang='lat' dir='ltr'><strong>quia</strong></span> <span class='ocrx_word' id='word_1_65' title='bbox 1241 994 1310 1071; x_wconf 91' lang='lat' dir='ltr'><strong>tur,</strong></span> <span class='ocrx_word' id='word_1_66' title='bbox 1326 996 1385 1056; x_wconf 84' lang='lat' dir='ltr'><strong>eta.</strong></span> 
     </span>
     <span class='ocr_line' id='line_1_7' title="bbox 418 1097 1893 1185; baseline 0.001 -20"><span class='ocrx_word' id='word_1_67' title='bbox 418 1102 525 1185; x_wconf 90' lang='lat' dir='ltr'><strong>ipsum</strong></span> <span class='ocrx_word' id='word_1_68' title='bbox 544 1099 778 1184; x_wconf 86' lang='lat' dir='ltr'><strong>quadrelertur</strong></span> <span class='ocrx_word' id='word_1_69' title='bbox 790 1116 857 1163; x_wconf 90' lang='lat' dir='ltr'><strong>non</strong></span> <span class='ocrx_word' id='word_1_70' title='bbox 877 1103 925 1163; x_wconf 91' lang='lat' dir='ltr'><strong>est</strong></span> <span class='ocrx_word' id='word_1_71' title='bbox 944 1099 1007 1164; x_wconf 91' lang='lat' dir='ltr'><strong>nisi</strong></span> <span class='ocrx_word' id='word_1_72' title='bbox 1020 1099 1141 1180; x_wconf 87' lang='lat' dir='ltr'><strong>relatio,</strong></span> <span class='ocrx_word' id='word_1_73' title='bbox 1156 1104 1189 1165; x_wconf 90' lang='lat' dir='ltr'><strong>et</strong></span> <span class='ocrx_word' id='word_1_74' title='bbox 1282 1097 1318 1162; x_wconf 88' lang='lat' dir='ltr'><strong>Si</strong></span> <span class='ocrx_word' id='word_1_75' title='bbox 1335 1098 1420 1163; x_wconf 89' lang='lat' dir='ltr'><strong>dicas</strong></span> <span class='ocrx_word' id='word_1_76' title='bbox 1438 1099 1527 1183; x_wconf 91' lang='lat' dir='ltr'><strong>quod</strong></span> <span class='ocrx_word' id='word_1_77' title='bbox 1553 1116 1619 1163; x_wconf 93' lang='lat' dir='ltr'><strong>non</strong></span> <span class='ocrx_word' id='word_1_78' title='bbox 1641 1103 1685 1163; x_wconf 86' lang='lat' dir='ltr'><strong>eat</strong></span> <span class='ocrx_word' id='word_1_79' title='bbox 1701 1101 1793 1180; x_wconf 90' lang='lat' dir='ltr'><strong>simile,</strong></span> <span class='ocrx_word' id='word_1_80' title='bbox 1810 1105 1893 1184; x_wconf 74' lang='lat' dir='ltr'><strong>pith</strong></span> 
     </span>
     <span class='ocr_line' id='line_1_8' title="bbox 416 1205 1893 1290; baseline 0 -17"><span class='ocrx_word' id='word_1_81' title='bbox 416 1211 578 1290; x_wconf 81' lang='lat' dir='ltr'><strong>respectus</strong></span> <span class='ocrx_word' id='word_1_82' title='bbox 589 1223 690 1289; x_wconf 91' lang='lat' dir='ltr'><strong>purus</strong></span> <span class='ocrx_word' id='word_1_83' title='bbox 704 1228 711 1270; x_wconf 91' lang='lat'>:</span> <span class='ocrx_word' id='word_1_84' title='bbox 727 1210 759 1270; x_wconf 92' lang='lat' dir='ltr'><strong>et</strong></span> <span class='ocrx_word' id='word_1_85' title='bbox 772 1205 833 1270; x_wconf 91' lang='lat' dir='ltr'><strong>hoe</strong></span> <span class='ocrx_word' id='word_1_86' title='bbox 846 1210 893 1270; x_wconf 81' lang='lat' dir='ltr'><strong>est</strong></span> <span class='ocrx_word' id='word_1_87' title='bbox 911 1206 1107 1290; x_wconf 90' lang='lat' dir='ltr'><strong>impossibile</strong></span> <span class='ocrx_word' id='word_1_88' title='bbox 1119 1225 1188 1272; x_wconf 88' lang='lat' dir='ltr'><strong>esse</strong></span> <span class='ocrx_word' id='word_1_89' title='bbox 1241 1208 1407 1270; x_wconf 85' lang='lat' dir='ltr'><strong>transeunt</strong></span> <span class='ocrx_word' id='word_1_90' title='bbox 1420 1206 1455 1269; x_wconf 90' lang='lat' dir='ltr'><strong>in</strong></span> <span class='ocrx_word' id='word_1_91' title='bbox 1467 1205 1689 1283; x_wconf 88' lang='lat' dir='ltr'><strong>substantiam,</strong></span> <span class='ocrx_word' id='word_1_92' title='bbox 1700 1206 1893 1286; x_wconf 63' lang='lat' dir='ltr'><strong>rabiosum</strong></span> 
     </span>
     <span class='ocr_line' id='line_1_9' title="bbox 416 1312 1895 1399; baseline -0.001 -20"><span class='ocrx_word' id='word_1_93' title='bbox 416 1333 522 1399; x_wconf 89' lang='lat' dir='ltr'><strong>neque</strong></span> <span class='ocrx_word' id='word_1_94' title='bbox 534 1313 570 1379; x_wconf 91' lang='lat' dir='ltr'><strong>in</strong></span> <span class='ocrx_word' id='word_1_95' title='bbox 582 1313 657 1393; x_wconf 86' lang='lat' dir='ltr'><strong>Deo,</strong></span> <span class='ocrx_word' id='word_1_96' title='bbox 666 1312 815 1395; x_wconf 90' lang='lat' dir='ltr'><strong>nequein</strong></span> <span class='ocrx_word' id='word_1_97' title='bbox 828 1317 974 1378; x_wconf 85' lang='lat' dir='ltr'><strong>ereatura</strong></span> <span class='ocrx_word' id='word_1_98' title='bbox 986 1337 994 1393; x_wconf 91' lang='lat'>;</span> <span class='ocrx_word' id='word_1_99' title='bbox 1007 1314 1095 1397; x_wconf 89' lang='lat' dir='ltr'><strong>quia,</strong></span> <span class='ocrx_word' id='word_1_100' title='bbox 1105 1313 1188 1379; x_wconf 87' lang='lat' dir='ltr'><strong>sieut</strong></span> <span class='ocrx_word' id='word_1_101' title='bbox 1240 1313 1377 1377; x_wconf 81' lang='lat' dir='ltr'><strong>uarium</strong></span> <span class='ocrx_word' id='word_1_102' title='bbox 1392 1314 1571 1378; x_wconf 80' lang='lat' dir='ltr'><strong>ostenditur</strong></span> <span class='ocrx_word' id='word_1_103' title='bbox 1582 1315 1682 1396; x_wconf 89' lang='lat' dir='ltr'><strong>primo</strong></span> <span class='ocrx_word' id='word_1_104' title='bbox 1693 1314 1731 1377; x_wconf 83' lang='lat' dir='ltr'><strong>air</strong></span> <span class='ocrx_word' id='word_1_105' title='bbox 1742 1336 1750 1377; x_wconf 76' lang='grc' dir='ltr'>ι</span> <span class='ocrx_word' id='word_1_106' title='bbox 1761 1313 1895 1397; x_wconf 80' lang='lat' dir='ltr'><strong>Siodqmd</strong></span> 
     </span>
     <span class='ocr_line' id='line_1_10' title="bbox 416 1420 1894 1505; baseline -0.002 -18"><span class='ocrx_word' id='word_1_107' title='bbox 416 1423 491 1488; x_wconf 86' lang='lat' dir='ltr'><strong>dicit</strong></span> <span class='ocrx_word' id='word_1_108' title='bbox 512 1422 732 1504; x_wconf 67' lang='lat' dir='ltr'><strong>tagininus,</strong></span> <span class='ocrx_word' id='word_1_109' title='bbox 755 1438 851 1486; x_wconf 89' lang='lat' dir='ltr'><strong>omne</strong></span> <span class='ocrx_word' id='word_1_110' title='bbox 872 1421 958 1505; x_wconf 92' lang='lat' dir='ltr'><strong>quod</strong></span> <span class='ocrx_word' id='word_1_111' title='bbox 980 1421 1118 1485; x_wconf 90' lang='lat' dir='ltr'><strong>retertur</strong></span> <span class='ocrx_word' id='word_1_112' title='bbox 1139 1425 1188 1487; x_wconf 90' lang='lat' dir='ltr'><strong>est</strong></span> <span class='ocrx_word' id='word_1_113' title='bbox 1239 1422 1288 1482; x_wconf 86' lang='lat' dir='ltr'><strong>tas</strong></span> <span class='ocrx_word' id='word_1_114' title='bbox 1301 1423 1349 1485; x_wconf 91' lang='lat' dir='ltr'><strong>est</strong></span> <span class='ocrx_word' id='word_1_115' title='bbox 1359 1439 1463 1484; x_wconf 92' lang='lat' dir='ltr'><strong>unum</strong></span> <span class='ocrx_word' id='word_1_116' title='bbox 1472 1438 1581 1502; x_wconf 82' lang='lat' dir='ltr'><strong>genus</strong></span> <span class='ocrx_word' id='word_1_117' title='bbox 1593 1420 1894 1499; x_wconf 78' lang='lat' dir='ltr'><strong>distinetumasutstota</strong></span> 
     </span>
     <span class='ocr_line' id='line_1_11' title="bbox 415 1525 1897 1613; baseline -0.003 -19"><span class='ocrx_word' id='word_1_118' title='bbox 415 1529 551 1613; x_wconf 89' lang='lat' dir='ltr'><strong>aliquid,</strong></span> <span class='ocrx_word' id='word_1_119' title='bbox 568 1531 700 1611; x_wconf 84' lang='lat' dir='ltr'><strong>exeepto</strong></span> <span class='ocrx_word' id='word_1_120' title='bbox 721 1546 759 1592; x_wconf 87' lang='lat' dir='ltr'><strong>eo</strong></span> <span class='ocrx_word' id='word_1_121' title='bbox 779 1528 864 1611; x_wconf 91' lang='lat' dir='ltr'><strong>quod</strong></span> <span class='ocrx_word' id='word_1_122' title='bbox 888 1527 1019 1593; x_wconf 87' lang='lat' dir='ltr'><strong>relative</strong></span> <span class='ocrx_word' id='word_1_123' title='bbox 1044 1527 1183 1593; x_wconf 85' lang='lat' dir='ltr'><strong>dieitur:</strong></span> <span class='ocrx_word' id='word_1_124' title='bbox 1241 1525 1285 1589; x_wconf 90' lang='lat' dir='ltr'><strong>ita</strong></span> <span class='ocrx_word' id='word_1_125' title='bbox 1298 1526 1450 1591; x_wconf 88' lang='lat' dir='ltr'><strong>etrelatio</strong></span> <span class='ocrx_word' id='word_1_126' title='bbox 1464 1547 1472 1590; x_wconf 80' lang='lat' dir='ltr'><strong><em>z</em></strong></span> <span class='ocrx_word' id='word_1_127' title='bbox 1488 1526 1740 1610; x_wconf 86' lang='lat' dir='ltr'><strong>sedquiainlleo</strong></span> <span class='ocrx_word' id='word_1_128' title='bbox 1756 1529 1897 1590; x_wconf 80' lang='lat' dir='ltr'><strong>nonadtd</strong></span> 
     </span>
     <span class='ocr_line' id='line_1_12' title="bbox 415 1634 1899 1724; baseline -0.005 -19"><span class='ocrx_word' id='word_1_129' title='bbox 415 1640 560 1724; x_wconf 88' lang='lat' dir='ltr'><strong>alioquin</strong></span> <span class='ocrx_word' id='word_1_130' title='bbox 578 1637 739 1704; x_wconf 86' lang='lat' dir='ltr'><strong>relationis</strong></span> <span class='ocrx_word' id='word_1_131' title='bbox 760 1642 842 1703; x_wconf 88' lang='lat' dir='ltr'><strong>esset</strong></span> <span class='ocrx_word' id='word_1_132' title='bbox 851 1639 974 1704; x_wconf 88' lang='lat' dir='ltr'><strong>relatio.</strong></span> <span class='ocrx_word' id='word_1_133' title='bbox 990 1638 1031 1704; x_wconf 80' lang='lat' dir='ltr'><strong>ut</strong></span> <span class='ocrx_word' id='word_1_134' title='bbox 1043 1642 1089 1705; x_wconf 89' lang='lat' dir='ltr'><strong>sia</strong></span> <span class='ocrx_word' id='word_1_135' title='bbox 1101 1645 1187 1724; x_wconf 88' lang='lat' dir='ltr'><strong>patet</strong></span> <span class='ocrx_word' id='word_1_136' title='bbox 1239 1636 1389 1715; x_wconf 86' lang='lat' dir='ltr'><strong>versitas,</strong></span> <span class='ocrx_word' id='word_1_137' title='bbox 1408 1636 1479 1700; x_wconf 88' lang='lat' dir='ltr'><strong>ideo</strong></span> <span class='ocrx_word' id='word_1_138' title='bbox 1500 1634 1676 1700; x_wconf 81' lang='lat' dir='ltr'><strong>necessario</strong></span> <span class='ocrx_word' id='word_1_139' title='bbox 1695 1653 1779 1717; x_wconf 58' lang='lat' dir='ltr'><strong>pons</strong></span> <span class='ocrx_word' id='word_1_140' title='bbox 1792 1636 1899 1718; x_wconf 74' lang='lat' dir='ltr'><strong>quut&#39;td</strong></span> 
     </span>
     <span class='ocr_line' id='line_1_13' title="bbox 415 1743 1900 1831; baseline -0.005 -18"><span class='ocrx_word' id='word_1_141' title='bbox 415 1748 502 1831; x_wconf 92' lang='lat' dir='ltr'><strong>quod</strong></span> <span class='ocrx_word' id='word_1_142' title='bbox 521 1747 626 1811; x_wconf 88' lang='lat' dir='ltr'><strong>omnis</strong></span> <span class='ocrx_word' id='word_1_143' title='bbox 645 1747 821 1830; x_wconf 83' lang='lat' dir='ltr'><strong>proprietas</strong></span> <span class='ocrx_word' id='word_1_144' title='bbox 835 1745 983 1825; x_wconf 85' lang='lat' dir='ltr'><strong>relativa,</strong></span> <span class='ocrx_word' id='word_1_145' title='bbox 999 1747 1067 1813; x_wconf 83' lang='lat' dir='ltr'><strong>sive</strong></span> <span class='ocrx_word' id='word_1_146' title='bbox 1089 1750 1129 1813; x_wconf 86' lang='lat' dir='ltr'><strong>sit</strong></span> <span class='ocrx_word' id='word_1_147' title='bbox 1151 1751 1186 1814; x_wconf 89' lang='lat' dir='ltr'><strong>in</strong></span> <span class='ocrx_word' id='word_1_148' title='bbox 1239 1743 1352 1807; x_wconf 85' lang='lat' dir='ltr'><strong>transit</strong></span> <span class='ocrx_word' id='word_1_149' title='bbox 1365 1745 1400 1807; x_wconf 90' lang='lat' dir='ltr'><strong>in</strong></span> <span class='ocrx_word' id='word_1_150' title='bbox 1413 1744 1637 1823; x_wconf 85' lang='lat' dir='ltr'><strong>substantiam,</strong></span> <span class='ocrx_word' id='word_1_151' title='bbox 1649 1744 1900 1807; x_wconf 81' lang='lat' dir='ltr'><strong>eumibinoas&#39;tad</strong></span> 
     </span>
     <span class='ocr_line' id='line_1_14' title="bbox 415 1851 1900 1935; baseline -0.003 -16"><span class='ocrx_word' id='word_1_152' title='bbox 415 1854 491 1932; x_wconf 85' lang='lat' dir='ltr'><strong>Deo,</strong></span> <span class='ocrx_word' id='word_1_153' title='bbox 505 1854 621 1920; x_wconf 80' lang='lat' dir='ltr'><strong>sivein</strong></span> <span class='ocrx_word' id='word_1_154' title='bbox 634 1855 799 1931; x_wconf 85' lang='lat' dir='ltr'><strong>creaturis,</strong></span> <span class='ocrx_word' id='word_1_155' title='bbox 813 1855 1110 1921; x_wconf 85' lang='lat' dir='ltr'><strong>necessarioditlert</strong></span> <span class='ocrx_word' id='word_1_156' title='bbox 1127 1857 1187 1921; x_wconf 89' lang='lat' dir='ltr'><strong>ali-</strong></span> <span class='ocrx_word' id='word_1_157' title='bbox 1239 1853 1334 1928; x_wconf 87' lang='lat' dir='ltr'><strong>dens,</strong></span> <span class='ocrx_word' id='word_1_158' title='bbox 1352 1872 1412 1918; x_wconf 89' lang='lat' dir='ltr'><strong>nea</strong></span> <span class='ocrx_word' id='word_1_159' title='bbox 1431 1853 1599 1919; x_wconf 81' lang='lat' dir='ltr'><strong>diversitas</strong></span> <span class='ocrx_word' id='word_1_160' title='bbox 1618 1871 1777 1935; x_wconf 71' lang='lat' dir='ltr'><strong>generum</strong></span> <span class='ocrx_word' id='word_1_161' title='bbox 1790 1851 1900 1933; x_wconf 77' lang='lat' dir='ltr'><strong>igihrpd</strong></span> 
     </span>
     <span class='ocr_line' id='line_1_15' title="bbox 415 1959 1497 2047; baseline -0.002 -20"><span class='ocrx_word' id='word_1_162' title='bbox 415 1981 480 2047; x_wconf 95' lang='lat' dir='ltr'><strong>quo</strong></span> <span class='ocrx_word' id='word_1_163' title='bbox 495 1963 591 2027; x_wconf 93' lang='lat' dir='ltr'><strong>modo</strong></span> <span class='ocrx_word' id='word_1_164' title='bbox 603 1963 645 2026; x_wconf 92' lang='lat' dir='ltr'><strong>ab</strong></span> <span class='ocrx_word' id='word_1_165' title='bbox 658 1980 696 2027; x_wconf 93' lang='lat' dir='ltr'><strong>eo</strong></span> <span class='ocrx_word' id='word_1_166' title='bbox 710 1964 804 2045; x_wconf 81' lang='lat' dir='ltr'><strong>euJ&#39;us</strong></span> <span class='ocrx_word' id='word_1_167' title='bbox 814 1967 861 2026; x_wconf 76' lang='lat' dir='ltr'><strong>eat</strong></span> <span class='ocrx_word' id='word_1_168' title='bbox 872 1963 1058 2046; x_wconf 87' lang='lat' dir='ltr'><strong>proprietas,</strong></span> <span class='ocrx_word' id='word_1_169' title='bbox 1072 1969 1105 2029; x_wconf 91' lang='lat' dir='ltr'><strong>et</strong></span> <span class='ocrx_word' id='word_1_170' title='bbox 1115 1984 1186 2032; x_wconf 90' lang='lat' dir='ltr'><strong>ma·</strong></span> <span class='ocrx_word' id='word_1_171' title='bbox 1239 1959 1363 2026; x_wconf 77' lang='lat' dir='ltr'><strong>radone</strong></span> <span class='ocrx_word' id='word_1_172' title='bbox 1376 1961 1497 2025; x_wconf 87' lang='lat' dir='ltr'><strong>relatio.</strong></span> 
     </span>
     <span class='ocr_line' id='line_1_16' title="bbox 416 2065 1902 2152; baseline -0.004 -20"><span class='ocrx_word' id='word_1_173' title='bbox 416 2069 515 2151; x_wconf 79' lang='lat' dir='ltr'><strong>gisia</strong></span> <span class='ocrx_word' id='word_1_174' title='bbox 530 2073 675 2134; x_wconf 86' lang='lat' dir='ltr'><strong>creatura</strong></span> <span class='ocrx_word' id='word_1_175' title='bbox 689 2088 788 2152; x_wconf 89' lang='lat' dir='ltr'><strong>quam</strong></span> <span class='ocrx_word' id='word_1_176' title='bbox 800 2069 834 2133; x_wconf 91' lang='lat' dir='ltr'><strong>in</strong></span> <span class='ocrx_word' id='word_1_177' title='bbox 848 2070 1004 2136; x_wconf 70' lang='lat' dir='ltr'><strong>creatore.</strong></span> <span class='ocrx_word' id='word_1_178' title='bbox 1020 2071 1060 2136; x_wconf 86' lang='lat' dir='ltr'><strong>Et</strong></span> <span class='ocrx_word' id='word_1_179' title='bbox 1072 2073 1185 2137; x_wconf 88' lang='lat' dir='ltr'><strong>intelli·</strong></span> <span class='ocrx_word' id='word_1_180' title='bbox 1279 2072 1309 2132; x_wconf 74' lang='lat'><strong>2.</strong></span> <span class='ocrx_word' id='word_1_181' title='bbox 1324 2068 1415 2149; x_wconf 89' lang='lat' dir='ltr'><strong>ltem,</strong></span> <span class='ocrx_word' id='word_1_182' title='bbox 1430 2069 1511 2133; x_wconf 87' lang='lat' dir='ltr'><strong>sient</strong></span> <span class='ocrx_word' id='word_1_183' title='bbox 1525 2069 1610 2133; x_wconf 85' lang='lat' dir='ltr'><strong>Deus</strong></span> <span class='ocrx_word' id='word_1_184' title='bbox 1622 2074 1666 2133; x_wconf 86' lang='lat' dir='ltr'><strong>est</strong></span> <span class='ocrx_word' id='word_1_185' title='bbox 1678 2065 1902 2147; x_wconf 74' lang='lat' dir='ltr'><strong>suamagnindqita</strong></span> 
     </span>
     <span class='ocr_line' id='line_1_17' title="bbox 415 2171 1903 2263; baseline -0.002 -22"><span class='ocrx_word' id='word_1_186' title='bbox 415 2181 536 2259; x_wconf 80' lang='lat' dir='ltr'><strong>gantur</strong></span> <span class='ocrx_word' id='word_1_187' title='bbox 556 2177 666 2242; x_wconf 84' lang='lat' dir='ltr'><strong>omnia</strong></span> <span class='ocrx_word' id='word_1_188' title='bbox 678 2177 764 2257; x_wconf 83' lang='lat' dir='ltr'><strong>haee,</strong></span> <span class='ocrx_word' id='word_1_189' title='bbox 778 2177 860 2242; x_wconf 79' lang='lat' dir='ltr'><strong>siud</strong></span> <span class='ocrx_word' id='word_1_190' title='bbox 873 2178 962 2262; x_wconf 89' lang='lat' dir='ltr'><strong>prius</strong></span> <span class='ocrx_word' id='word_1_191' title='bbox 983 2180 1186 2263; x_wconf 80' lang='lat' dir='ltr'><strong>assignatum</strong></span> <span class='ocrx_word' id='word_1_192' title='bbox 1238 2172 1322 2237; x_wconf 75' lang='lat' dir='ltr'><strong>Deus</strong></span> <span class='ocrx_word' id='word_1_193' title='bbox 1341 2177 1459 2239; x_wconf 76' lang='lat' dir='ltr'><strong>estana</strong></span> <span class='ocrx_word' id='word_1_194' title='bbox 1477 2176 1672 2259; x_wconf 86' lang='lat' dir='ltr'><strong>paternitas:</strong></span> <span class='ocrx_word' id='word_1_195' title='bbox 1686 2174 1733 2239; x_wconf 88' lang='lat' dir='ltr'><strong>sed</strong></span> <span class='ocrx_word' id='word_1_196' title='bbox 1750 2171 1903 2256; x_wconf 71' lang='lat' dir='ltr'><strong>quialaod</strong></span> 
     </span>
     <span class='ocr_line' id='line_1_18' title="bbox 414 2279 1903 2368; baseline -0.007 -19"><span class='ocrx_word' id='word_1_197' title='bbox 414 2288 472 2364; x_wconf 89' lang='lat' dir='ltr'><strong>est,</strong></span> <span class='ocrx_word' id='word_1_198' title='bbox 499 2285 652 2368; x_wconf 90' lang='lat' dir='ltr'><strong>quoniam</strong></span> <span class='ocrx_word' id='word_1_199' title='bbox 674 2303 770 2349; x_wconf 89' lang='lat' dir='ltr'><strong>omne</strong></span> <span class='ocrx_word' id='word_1_200' title='bbox 792 2285 1007 2367; x_wconf 81' lang='lat' dir='ltr'><strong>respectivum</strong></span> <span class='ocrx_word' id='word_1_201' title='bbox 1030 2287 1185 2352; x_wconf 88' lang='lat' dir='ltr'><strong>tundatur</strong></span> <span class='ocrx_word' id='word_1_202' title='bbox 1238 2299 1297 2346; x_wconf 89' lang='lat' dir='ltr'><strong>sua</strong></span> <span class='ocrx_word' id='word_1_203' title='bbox 1310 2282 1510 2364; x_wconf 75' lang='lat' dir='ltr'><strong>magnitudo,</strong></span> <span class='ocrx_word' id='word_1_204' title='bbox 1526 2283 1600 2348; x_wconf 88' lang='lat' dir='ltr'><strong>ideo</strong></span> <span class='ocrx_word' id='word_1_205' title='bbox 1613 2284 1756 2365; x_wconf 84' lang='lat' dir='ltr'><strong>quantitas</strong></span> <span class='ocrx_word' id='word_1_206' title='bbox 1764 2298 1814 2342; x_wconf 91' lang='lat' dir='ltr'><strong>uon</strong></span> <span class='ocrx_word' id='word_1_207' title='bbox 1826 2279 1903 2342; x_wconf 77' lang='lat' dir='ltr'><strong>ditata</strong></span> 
     </span>
     <span class='ocr_line' id='line_1_19' title="bbox 414 2389 1904 2474; baseline -0.005 -19"><span class='ocrx_word' id='word_1_208' title='bbox 414 2408 511 2474; x_wconf 90' lang='lat' dir='ltr'><strong>super</strong></span> <span class='ocrx_word' id='word_1_209' title='bbox 523 2389 653 2474; x_wconf 90' lang='lat' dir='ltr'><strong>aliquod</strong></span> <span class='ocrx_word' id='word_1_210' title='bbox 665 2391 858 2455; x_wconf 89' lang='lat' dir='ltr'><strong>absolutum.</strong></span> <span class='ocrx_word' id='word_1_211' title='bbox 1238 2389 1424 2469; x_wconf 80' lang='lat' dir='ltr'><strong>substando,</strong></span> <span class='ocrx_word' id='word_1_212' title='bbox 1440 2390 1546 2454; x_wconf 90' lang='lat' dir='ltr'><strong>sedin</strong></span> <span class='ocrx_word' id='word_1_213' title='bbox 1557 2409 1629 2455; x_wconf 87' lang='lat' dir='ltr'><strong>eam</strong></span> <span class='ocrx_word' id='word_1_214' title='bbox 1648 2389 1748 2454; x_wconf 88' lang='lat' dir='ltr'><strong>transit</strong></span> <span class='ocrx_word' id='word_1_215' title='bbox 1758 2407 1765 2448; x_wconf 94' lang='lat'>:</span> <span class='ocrx_word' id='word_1_216' title='bbox 1777 2405 1833 2468; x_wconf 78' lang='lat' dir='ltr'><strong>argo</strong></span> <span class='ocrx_word' id='word_1_217' title='bbox 1846 2390 1904 2466; x_wconf 71' lang='lat' dir='ltr'><strong>etp</strong></span> 
     </span>
     <span class='ocr_line' id='line_1_20' title="bbox 1237 2497 1541 2563; baseline 0.003 -2"><span class='ocrx_word' id='word_1_218' title='bbox 1237 2497 1370 2561; x_wconf 71' lang='lat' dir='ltr'><strong>ternitm</strong></span> <span class='ocrx_word' id='word_1_219' title='bbox 1382 2497 1541 2563; x_wconf 85' lang='lat' dir='ltr'><strong>similiter.</strong></span> 
     </span>
    </p>

    <p class='ocr_par' dir='ltr' id='par_1_3' title="bbox 367 2600 1906 3337">
     <span class='ocr_line' id='line_1_21' title="bbox 676 2600 1905 2693; baseline -0.007 -23"><span class='ocrx_word' id='word_1_220' title='bbox 676 2613 855 2693; x_wconf 78' lang='lat' dir='ltr'>QUAESTIO</span> <span class='ocrx_word' id='word_1_221' title='bbox 877 2614 916 2682; x_wconf 82' lang='grc' dir='ltr'><strong>ΙΙ,</strong></span> <span class='ocrx_word' id='word_1_222' title='bbox 1277 2609 1307 2669; x_wconf 85' lang='grc'><strong>3.</strong></span> <span class='ocrx_word' id='word_1_223' title='bbox 1323 2605 1402 2669; x_wconf 91' lang='lat' dir='ltr'><strong>ltem</strong></span> <span class='ocrx_word' id='word_1_224' title='bbox 1414 2604 1544 2669; x_wconf 89' lang='lat' dir='ltr'><strong>videtur</strong></span> <span class='ocrx_word' id='word_1_225' title='bbox 1557 2604 1643 2688; x_wconf 89' lang='lat' dir='ltr'><strong>quod</strong></span> <span class='ocrx_word' id='word_1_226' title='bbox 1660 2602 1762 2680; x_wconf 76' lang='lat' dir='ltr'><strong>adsto</strong></span> <span class='ocrx_word' id='word_1_227' title='bbox 1772 2600 1846 2681; x_wconf 74' lang='lat' dir='ltr'><strong>magis</strong></span> <span class='ocrx_word' id='word_1_228' title='bbox 1856 2603 1905 2661; x_wconf 75' lang='lat' dir='ltr'><strong>aaa</strong></span> 
     </span>
     <span class='ocr_line' id='line_1_22' title="bbox 1236 2703 1906 2795; baseline -0.01 -20"><span class='ocrx_word' id='word_1_229' title='bbox 1236 2711 1296 2791; x_wconf 90' lang='lat' dir='ltr'><strong>sit,</strong></span> <span class='ocrx_word' id='word_1_230' title='bbox 1332 2712 1427 2795; x_wconf 90' lang='lat' dir='ltr'><strong>qnia,</strong></span> <span class='ocrx_word' id='word_1_231' title='bbox 1461 2712 1547 2776; x_wconf 89' lang='lat' dir='ltr'><strong>inter</strong></span> <span class='ocrx_word' id='word_1_232' title='bbox 1578 2712 1685 2776; x_wconf 90' lang='lat' dir='ltr'><strong>omnia</strong></span> <span class='ocrx_word' id='word_1_233' title='bbox 1709 2725 1805 2791; x_wconf 81' lang='lat' dir='ltr'><strong>genera</strong></span> <span class='ocrx_word' id='word_1_234' title='bbox 1822 2703 1906 2768; x_wconf 62' lang='lat' dir='ltr'><strong>eodm</strong></span> 
     </span>
     <span class='ocr_line' id='line_1_23' title="bbox 1235 2810 1906 2902; baseline -0.004 -20"><span class='ocrx_word' id='word_1_235' title='bbox 1235 2818 1334 2899; x_wconf 78' lang='lat' dir='ltr'><strong>hum,</strong></span> <span class='ocrx_word' id='word_1_236' title='bbox 1349 2819 1459 2883; x_wconf 90' lang='lat' dir='ltr'><strong>relatio</strong></span> <span class='ocrx_word' id='word_1_237' title='bbox 1471 2819 1627 2902; x_wconf 85' lang='lat' dir='ltr'><strong>importat</strong></span> <span class='ocrx_word' id='word_1_238' title='bbox 1647 2819 1781 2900; x_wconf 85' lang='lat' dir='ltr'><strong>majorem</strong></span> <span class='ocrx_word' id='word_1_239' title='bbox 1794 2810 1906 2894; x_wconf 72' lang='lat' dir='ltr'><strong>(testula¹</strong></span> 
     </span>
     <span class='ocr_line' id='line_1_24' title="bbox 367 2914 1906 3015; baseline 0.01 -26"><span class='ocrx_word' id='word_1_240' title='bbox 367 2974 397 3006; x_wconf 52' lang='grc' dir='ltr'><strong>ω,</strong></span> <span class='ocrx_word' id='word_1_241' title='bbox 451 2925 771 3011; x_wconf 66' lang='lat' dir='ltr'><strong>heptaphonon,</strong></span> <span class='ocrx_word' id='word_1_242' title='bbox 786 2930 864 3012; x_wconf 77' lang='lat' dir='ltr'><strong>quaa</strong></span> <span class='ocrx_word' id='word_1_243' title='bbox 878 2931 959 3010; x_wconf 55' lang='lat' dir='ltr'><strong>aas</strong></span> <span class='ocrx_word' id='word_1_244' title='bbox 974 2933 1105 3015; x_wconf 74' lang='lat' dir='ltr'><strong>equos</strong></span> <span class='ocrx_word' id='word_1_245' title='bbox 1118 2934 1183 2999; x_wconf 79' lang='lat' dir='ltr'><strong>sint</strong></span> <span class='ocrx_word' id='word_1_246' title='bbox 1235 2925 1332 3002; x_wconf 75' lang='lat' dir='ltr'><strong>tiam.</strong></span> <span class='ocrx_word' id='word_1_247' title='bbox 1347 2925 1425 3009; x_wconf 79' lang='lat' dir='ltr'><strong>quia</strong></span> <span class='ocrx_word' id='word_1_248' title='bbox 1439 2926 1479 2990; x_wconf 79' lang='lat' dir='ltr'><strong>ad</strong></span> <span class='ocrx_word' id='word_1_249' title='bbox 1500 2926 1664 3009; x_wconf 79' lang='lat' dir='ltr'><strong>objectum</strong></span> <span class='ocrx_word' id='word_1_250' title='bbox 1681 2914 1906 3003; x_wconf 59' lang='lat' dir='ltr'><strong>transponam</strong></span> 
     </span>
     <span class='ocr_line' id='line_1_25' title="bbox 410 3029 1906 3121; baseline 0.009 -23"><span class='ocrx_word' id='word_1_251' title='bbox 410 3033 594 3115; x_wconf 78' lang='lat' dir='ltr'><strong>relationes,</strong></span> <span class='ocrx_word' id='word_1_252' title='bbox 608 3036 745 3118; x_wconf 73' lang='lat' dir='ltr'><strong>videtin,</strong></span> <span class='ocrx_word' id='word_1_253' title='bbox 759 3037 838 3120; x_wconf 91' lang='lat' dir='ltr'><strong>quia</strong></span> <span class='ocrx_word' id='word_1_254' title='bbox 858 3038 933 3103; x_wconf 84' lang='lat' dir='ltr'><strong>dicit</strong></span> <span class='ocrx_word' id='word_1_255' title='bbox 945 3038 1096 3121; x_wconf 86' lang='lat' dir='ltr'><strong>Hilarius,</strong></span> <span class='ocrx_word' id='word_1_256' title='bbox 1111 3040 1179 3119; x_wconf 82' lang='lat' dir='ltr'><strong>xli,</strong></span> <span class='ocrx_word' id='word_1_257' title='bbox 1235 3033 1319 3099; x_wconf 84' lang='lat' dir='ltr'><strong>Deus</strong></span> <span class='ocrx_word' id='word_1_258' title='bbox 1331 3035 1464 3099; x_wconf 90' lang='lat' dir='ltr'><strong>omnino</strong></span> <span class='ocrx_word' id='word_1_259' title='bbox 1475 3039 1524 3098; x_wconf 87' lang='lat' dir='ltr'><strong>est</strong></span> <span class='ocrx_word' id='word_1_260' title='bbox 1535 3033 1742 3117; x_wconf 68' lang='lat' dir='ltr'><strong>independens</strong></span> <span class='ocrx_word' id='word_1_261' title='bbox 1754 3029 1906 3110; x_wconf 62' lang='lat' dir='ltr'><strong>²185th</strong></span> 
     </span>
     <span class='ocr_line' id='line_1_26' title="bbox 409 3140 1709 3228; baseline 0.005 -20"><span class='ocrx_word' id='word_1_262' title='bbox 409 3140 449 3218; x_wconf 76' lang='lat' dir='ltr'><strong>de</strong></span> <span class='ocrx_word' id='word_1_263' title='bbox 466 3142 663 3210; x_wconf 72' lang='grc' dir='ltr'><strong>Ττὶηἰτατεέ</strong></span> <span class='ocrx_word' id='word_1_264' title='bbox 680 3169 696 3207; x_wconf 79' lang='lat' dir='ltr'><strong>a</strong></span> <span class='ocrx_word' id='word_1_265' title='bbox 708 3142 879 3228; x_wconf 85' lang='lat' dir='ltr'><strong>Proprium</strong></span> <span class='ocrx_word' id='word_1_266' title='bbox 891 3148 939 3210; x_wconf 84' lang='lat' dir='ltr'><strong>est</strong></span> <span class='ocrx_word' id='word_1_267' title='bbox 950 3144 1014 3212; x_wconf 83' lang='lat' dir='ltr'><strong>Deo</strong></span> <span class='ocrx_word' id='word_1_268' title='bbox 1025 3151 1100 3214; x_wconf 80' lang='lat' dir='ltr'><strong>nata</strong></span> <span class='ocrx_word' id='word_1_269' title='bbox 1112 3168 1181 3215; x_wconf 83' lang='lat' dir='ltr'><strong>esse</strong></span> <span class='ocrx_word' id='word_1_270' title='bbox 1234 3140 1310 3207; x_wconf 86' lang='lat' dir='ltr'><strong>latio</strong></span> <span class='ocrx_word' id='word_1_271' title='bbox 1323 3141 1457 3207; x_wconf 84' lang='lat' dir='ltr'><strong>minime</strong></span> <span class='ocrx_word' id='word_1_272' title='bbox 1468 3147 1581 3208; x_wconf 81' lang='lat' dir='ltr'><strong>manet</strong></span> <span class='ocrx_word' id='word_1_273' title='bbox 1592 3142 1627 3206; x_wconf 88' lang='lat' dir='ltr'><strong>in</strong></span> <span class='ocrx_word' id='word_1_274' title='bbox 1641 3140 1709 3207; x_wconf 84' lang='lat' dir='ltr'><strong>beo.</strong></span> 
     </span>
     <span class='ocr_line' id='line_1_27' title="bbox 407 3245 1906 3337; baseline -0.009 -24"><span class='ocrx_word' id='word_1_275' title='bbox 407 3249 513 3315; x_wconf 88' lang='lat' dir='ltr'><strong>fllium</strong></span> <span class='ocrx_word' id='word_1_276' title='bbox 528 3273 566 3315; x_wconf 83' lang='lat' dir='ltr'><strong>:a</strong></span> <span class='ocrx_word' id='word_1_277' title='bbox 584 3252 638 3317; x_wconf 87' lang='lat' dir='ltr'><strong>sed</strong></span> <span class='ocrx_word' id='word_1_278' title='bbox 652 3252 761 3318; x_wconf 87' lang='lat' dir='ltr'><strong>filiatio</strong></span> <span class='ocrx_word' id='word_1_279' title='bbox 775 3256 822 3317; x_wconf 91' lang='lat' dir='ltr'><strong>est</strong></span> <span class='ocrx_word' id='word_1_280' title='bbox 834 3253 945 3319; x_wconf 89' lang='lat' dir='ltr'><strong>relatio</strong></span> <span class='ocrx_word' id='word_1_281' title='bbox 960 3273 969 3318; x_wconf 74' lang='lat' dir='ltr'><strong>t</strong></span> <span class='ocrx_word' id='word_1_282' title='bbox 985 3255 1102 3337; x_wconf 84' lang='lat' dir='ltr'><strong>igitur,</strong></span> <span class='ocrx_word' id='word_1_283' title='bbox 1117 3262 1177 3322; x_wconf 84' lang='lat' dir='ltr'><strong>ete.</strong></span> <span class='ocrx_word' id='word_1_284' title='bbox 1273 3254 1302 3315; x_wconf 80' lang='lat' dir='ltr'><strong>t.</strong></span> <span class='ocrx_word' id='word_1_285' title='bbox 1321 3249 1417 3328; x_wconf 88' lang='lat' dir='ltr'><strong>ltem,</strong></span> <span class='ocrx_word' id='word_1_286' title='bbox 1432 3250 1515 3314; x_wconf 88' lang='lat' dir='ltr'><strong>inter</strong></span> <span class='ocrx_word' id='word_1_287' title='bbox 1536 3251 1646 3315; x_wconf 90' lang='lat' dir='ltr'><strong>omnia</strong></span> <span class='ocrx_word' id='word_1_288' title='bbox 1657 3266 1762 3332; x_wconf 81' lang='lat' dir='ltr'><strong>genera</strong></span> <span class='ocrx_word' id='word_1_289' title='bbox 1775 3245 1906 3315; x_wconf 60' lang='lat' dir='ltr'><strong>anianae·</strong></span> 
     </span>
    </p>

    <p class='ocr_par' dir='ltr' id='par_1_4' title="bbox 405 3345 1906 3871">
     <span class='ocr_line' id='line_1_28' title="bbox 448 3345 1906 3435; baseline -0.002 -15"><span class='ocrx_word' id='word_1_290' title='bbox 448 3355 528 3421; x_wconf 86' lang='lat' dir='ltr'><strong>Item</strong></span> <span class='ocrx_word' id='word_1_291' title='bbox 550 3355 806 3424; x_wconf 78' lang='lat' dir='ltr'><strong>damascenus⁸2</strong></span> <span class='ocrx_word' id='word_1_292' title='bbox 832 3359 1015 3425; x_wconf 73' lang='lat' dir='ltr'><strong>allidamus</strong></span> <span class='ocrx_word' id='word_1_293' title='bbox 1037 3361 1180 3428; x_wconf 86' lang='lat' dir='ltr'><strong>divinam</strong></span> <span class='ocrx_word' id='word_1_294' title='bbox 1232 3358 1309 3422; x_wconf 88' lang='lat' dir='ltr'><strong>latio</strong></span> <span class='ocrx_word' id='word_1_295' title='bbox 1320 3357 1428 3423; x_wconf 87' lang='lat' dir='ltr'><strong>minus</strong></span> <span class='ocrx_word' id='word_1_296' title='bbox 1438 3357 1536 3422; x_wconf 85' lang='lat' dir='ltr'><strong>habet</strong></span> <span class='ocrx_word' id='word_1_297' title='bbox 1546 3359 1586 3422; x_wconf 92' lang='lat' dir='ltr'><strong>de</strong></span> <span class='ocrx_word' id='word_1_298' title='bbox 1600 3345 1906 3435; x_wconf 59' lang='lat' dir='ltr'><strong>eurimedontem</strong></span> 
     </span>
     <span class='ocr_line' id='line_1_29' title="bbox 407 3450 1905 3546; baseline -0.001 -24"><span class='ocrx_word' id='word_1_299' title='bbox 407 3457 503 3523; x_wconf 83' lang='lat' dir='ltr'><strong>Verbi</strong></span> <span class='ocrx_word' id='word_1_300' title='bbox 515 3459 711 3543; x_wconf 88' lang='lat' dir='ltr'><strong>hypostasim</strong></span> <span class='ocrx_word' id='word_1_301' title='bbox 724 3460 898 3525; x_wconf 86' lang='lat' dir='ltr'><strong>nativitatis</strong></span> <span class='ocrx_word' id='word_1_302' title='bbox 915 3463 1011 3527; x_wconf 89' lang='lat' dir='ltr'><strong>modo</strong></span> <span class='ocrx_word' id='word_1_303' title='bbox 1034 3470 1066 3527; x_wconf 89' lang='lat' dir='ltr'><strong>et</strong></span> <span class='ocrx_word' id='word_1_304' title='bbox 1085 3463 1179 3529; x_wconf 87' lang='lat' dir='ltr'><strong>habi·</strong></span> <span class='ocrx_word' id='word_1_305' title='bbox 1232 3467 1372 3546; x_wconf 84' lang='lat' dir='ltr'><strong>advenit,</strong></span> <span class='ocrx_word' id='word_1_306' title='bbox 1384 3467 1554 3545; x_wconf 87' lang='lat' dir='ltr'><strong>etreoedit,</strong></span> <span class='ocrx_word' id='word_1_307' title='bbox 1565 3450 1905 3537; x_wconf 82' lang='lat' dir='ltr'><strong>sinemutationeiltinsqad</strong></span> 
     </span>
     <span class='ocr_line' id='line_1_30' title="bbox 407 3560 1905 3654; baseline -0.003 -20"><span class='ocrx_word' id='word_1_308' title='bbox 407 3569 517 3635; x_wconf 89' lang='lat' dir='ltr'><strong>tudine</strong></span> <span class='ocrx_word' id='word_1_309' title='bbox 532 3589 552 3635; x_wconf 91' lang='lat' dir='ltr'><strong>a</strong></span> <span class='ocrx_word' id='word_1_310' title='bbox 565 3571 718 3653; x_wconf 87' lang='lat' dir='ltr'><strong>paternali</strong></span> <span class='ocrx_word' id='word_1_311' title='bbox 732 3571 896 3654; x_wconf 89' lang='lat' dir='ltr'><strong>hypostasi</strong></span> <span class='ocrx_word' id='word_1_312' title='bbox 915 3572 1117 3639; x_wconf 83' lang='lat' dir='ltr'><strong>differentem</strong></span> <span class='ocrx_word' id='word_1_313' title='bbox 1135 3597 1142 3638; x_wconf 75' lang='grc' dir='ltr'>ε</span> <span class='ocrx_word' id='word_1_314' title='bbox 1157 3598 1173 3636; x_wconf 82' lang='lat' dir='ltr'><strong>a</strong></span> <span class='ocrx_word' id='word_1_315' title='bbox 1232 3574 1389 3638; x_wconf 71' lang='lat' dir='ltr'><strong>refertur·</strong></span> <span class='ocrx_word' id='word_1_316' title='bbox 1411 3596 1419 3638; x_wconf 77' lang='grc' dir='ltr'>ι</span> <span class='ocrx_word' id='word_1_317' title='bbox 1443 3574 1498 3639; x_wconf 89' lang='lat' dir='ltr'><strong>sed</strong></span> <span class='ocrx_word' id='word_1_318' title='bbox 1520 3574 1557 3638; x_wconf 92' lang='lat' dir='ltr'><strong>in</strong></span> <span class='ocrx_word' id='word_1_319' title='bbox 1579 3591 1701 3639; x_wconf 90' lang='lat' dir='ltr'><strong>summo</strong></span> <span class='ocrx_word' id='word_1_320' title='bbox 1719 3570 1784 3634; x_wconf 85' lang='lat' dir='ltr'><strong>Ente</strong></span> <span class='ocrx_word' id='word_1_321' title='bbox 1797 3584 1843 3629; x_wconf 88' lang='lat' dir='ltr'><strong>non</strong></span> <span class='ocrx_word' id='word_1_322' title='bbox 1856 3560 1905 3625; x_wconf 66' lang='lat' dir='ltr'><strong>dalet</strong></span> 
     </span>
     <span class='ocr_line' id='line_1_31' title="bbox 406 3669 1903 3765; baseline -0.005 -25"><span class='ocrx_word' id='word_1_323' title='bbox 406 3677 462 3741; x_wconf 90' lang='lat' dir='ltr'><strong>sed</strong></span> <span class='ocrx_word' id='word_1_324' title='bbox 483 3677 599 3742; x_wconf 89' lang='lat' dir='ltr'><strong>modus</strong></span> <span class='ocrx_word' id='word_1_325' title='bbox 618 3678 816 3743; x_wconf 89' lang='lat' dir='ltr'><strong>habitudinis</strong></span> <span class='ocrx_word' id='word_1_326' title='bbox 837 3682 884 3744; x_wconf 92' lang='lat' dir='ltr'><strong>est</strong></span> <span class='ocrx_word' id='word_1_327' title='bbox 899 3680 1032 3746; x_wconf 89' lang='lat' dir='ltr'><strong>relatio:</strong></span> <span class='ocrx_word' id='word_1_328' title='bbox 1054 3681 1175 3763; x_wconf 79' lang='lat' dir='ltr'><strong>igitur,</strong></span> <span class='ocrx_word' id='word_1_329' title='bbox 1231 3682 1308 3765; x_wconf 91' lang='lat' dir='ltr'><strong>poni</strong></span> <span class='ocrx_word' id='word_1_330' title='bbox 1321 3682 1382 3745; x_wconf 89' lang='lat' dir='ltr'><strong>nisi</strong></span> <span class='ocrx_word' id='word_1_331' title='bbox 1401 3681 1488 3765; x_wconf 90' lang='lat' dir='ltr'><strong>quod</strong></span> <span class='ocrx_word' id='word_1_332' title='bbox 1508 3682 1651 3746; x_wconf 87' lang='lat' dir='ltr'><strong>multum</strong></span> <span class='ocrx_word' id='word_1_333' title='bbox 1667 3678 1753 3743; x_wconf 85' lang='lat' dir='ltr'><strong>habet</strong></span> <span class='ocrx_word' id='word_1_334' title='bbox 1769 3675 1800 3740; x_wconf 86' lang='lat' dir='ltr'><strong>de</strong></span> <span class='ocrx_word' id='word_1_335' title='bbox 1815 3669 1903 3736; x_wconf 75' lang='lat' dir='ltr'><strong>otu:</strong></span> 
     </span>
     <span class='ocr_line' id='line_1_32' title="bbox 405 3772 1417 3871; baseline 0.005 -25"><span class='ocrx_word' id='word_1_336' title='bbox 405 3786 465 3848; x_wconf 87' lang='lat' dir='ltr'><strong>ete.</strong></span> <span class='ocrx_word' id='word_1_337' title='bbox 1231 3772 1344 3871; x_wconf 57' lang='lat' dir='ltr'><strong>ipitur,</strong></span> <span class='ocrx_word' id='word_1_338' title='bbox 1356 3794 1417 3854; x_wconf 85' lang='lat' dir='ltr'><strong>ete.</strong></span> 
     </span>
    </p>

    <p class='ocr_par' dir='ltr' id='par_1_5' title="bbox 402 3888 1905 4388">
     <span class='ocr_line' id='line_1_33' title="bbox 444 3888 1712 4007; baseline 0.007 -53"><span class='ocrx_word' id='word_1_339' title='bbox 444 3888 524 3955; x_wconf 89' lang='lat' dir='ltr'><strong>Item</strong></span> <span class='ocrx_word' id='word_1_340' title='bbox 538 3891 1175 3975; x_wconf 65' lang='lat' dir='ltr'><strong>mohadusdesmctotictoreinlmro</strong></span> <span class='ocrx_word' id='word_1_341' title='bbox 1500 3937 1712 4007; x_wconf 64' lang='lat' dir='ltr'>CONCLUSIO</span> 
     </span>
     <span class='ocr_line' id='line_1_34' title="bbox 403 3985 1860 4093; baseline 0.003 -27"><span class='ocrx_word' id='word_1_342' title='bbox 403 3999 443 4066; x_wconf 72' lang='lat' dir='ltr'><strong>aa</strong></span> <span class='ocrx_word' id='word_1_343' title='bbox 469 4000 641 4082; x_wconf 70' lang='lat' dir='ltr'><strong>santae,</strong></span> <span class='ocrx_word' id='word_1_344' title='bbox 667 4002 762 4068; x_wconf 76' lang='lat' dir='ltr'><strong>arear·</strong></span> <span class='ocrx_word' id='word_1_345' title='bbox 783 4004 869 4087; x_wconf 80' lang='lat' dir='ltr'><strong>quoa</strong></span> <span class='ocrx_word' id='word_1_346' title='bbox 891 4023 1038 4087; x_wconf 75' lang='lat' dir='ltr'><strong>persona</strong></span> <span class='ocrx_word' id='word_1_347' title='bbox 1061 4006 1174 4073; x_wconf 84' lang='lat' dir='ltr'><strong>distin-</strong></span> <span class='ocrx_word' id='word_1_348' title='bbox 1715 3985 1722 4002; x_wconf 87' lang='lat'>&#39;</span> <span class='ocrx_word' id='word_1_349' title='bbox 1856 4083 1860 4093; x_wconf 51' lang='grc'>,</span> 
     </span>
     <span class='ocr_line' id='line_1_35' title="bbox 402 4090 1905 4196; baseline 0.005 -24"><span class='ocrx_word' id='word_1_350' title='bbox 402 4111 552 4189; x_wconf 78' lang='lat' dir='ltr'><strong>guantur</strong></span> <span class='ocrx_word' id='word_1_351' title='bbox 571 4109 763 4192; x_wconf 85' lang='lat' dir='ltr'><strong>proprietate</strong></span> <span class='ocrx_word' id='word_1_352' title='bbox 781 4111 918 4193; x_wconf 78' lang='lat' dir='ltr'><strong>originis</strong></span> <span class='ocrx_word' id='word_1_353' title='bbox 934 4133 942 4176; x_wconf 91' lang='lat'>:</span> <span class='ocrx_word' id='word_1_354' title='bbox 958 4113 1013 4177; x_wconf 88' lang='lat' dir='ltr'><strong>sed</strong></span> <span class='ocrx_word' id='word_1_355' title='bbox 1034 4114 1127 4196; x_wconf 79' lang='lat' dir='ltr'><strong>origo</strong></span> <span class='ocrx_word' id='word_1_356' title='bbox 1140 4114 1175 4180; x_wconf 91' lang='lat' dir='ltr'><strong>in</strong></span> <span class='ocrx_word' id='word_1_357' title='bbox 1233 4096 1411 4167; x_wconf 45' lang='lat' dir='ltr'><strong>mimum</strong></span> <span class='ocrx_word' id='word_1_358' title='bbox 1421 4095 1578 4167; x_wconf 54' lang='lat' dir='ltr'><strong>dmm</strong></span> <span class='ocrx_word' id='word_1_359' title='bbox 1590 4098 1652 4152; x_wconf 59' lang='lat' dir='ltr'><strong>”W</strong></span> <span class='ocrx_word' id='word_1_360' title='bbox 1664 4092 1795 4194; x_wconf 55' lang='lat' dir='ltr'><strong>&#39;‘W&#39;‘</strong></span> <span class='ocrx_word' id='word_1_361' title='bbox 1803 4090 1905 4180; x_wconf 42' lang='grc' dir='ltr'><strong>ΜΨ</strong></span> 
     </span>
     <span class='ocr_line' id='line_1_36' title="bbox 402 4169 1904 4346; baseline 0.006 -68"><span class='ocrx_word' id='word_1_362' title='bbox 402 4214 520 4279; x_wconf 88' lang='lat' dir='ltr'><strong>divinis</strong></span> <span class='ocrx_word' id='word_1_363' title='bbox 530 4234 597 4280; x_wconf 90' lang='lat' dir='ltr'><strong>non</strong></span> <span class='ocrx_word' id='word_1_364' title='bbox 618 4222 665 4282; x_wconf 88' lang='lat' dir='ltr'><strong>est</strong></span> <span class='ocrx_word' id='word_1_365' title='bbox 679 4222 800 4295; x_wconf 88' lang='lat' dir='ltr'><strong>motus,</strong></span> <span class='ocrx_word' id='word_1_366' title='bbox 823 4218 877 4283; x_wconf 89' lang='lat' dir='ltr'><strong>sed</strong></span> <span class='ocrx_word' id='word_1_367' title='bbox 898 4218 1054 4285; x_wconf 85' lang='lat' dir='ltr'><strong>hebitudo</strong></span> <span class='ocrx_word' id='word_1_368' title='bbox 1070 4244 1077 4285; x_wconf 94' lang='lat'><strong>:</strong></span> <span class='ocrx_word' id='word_1_369' title='bbox 1094 4239 1174 4304; x_wconf 81' lang='lat' dir='ltr'><strong>ergo</strong></span> <span class='ocrx_word' id='word_1_370' title='bbox 1264 4184 1440 4346; x_wconf 45' lang='lat' dir='ltr'><strong>mma&amp;</strong></span> <span class='ocrx_word' id='word_1_371' title='bbox 1452 4187 1519 4256; x_wconf 48' lang='grc' dir='ltr'><strong>Μ’</strong></span> <span class='ocrx_word' id='word_1_372' title='bbox 1534 4186 1638 4256; x_wconf 50' lang='grc' dir='ltr'><strong>ΜΨ</strong></span> <span class='ocrx_word' id='word_1_373' title='bbox 1656 4182 1805 4242; x_wconf 54' lang='lat' dir='ltr'><strong>mm</strong></span> <span class='ocrx_word' id='word_1_374' title='bbox 1816 4169 1904 4230; x_wconf 55' lang='lat' dir='ltr'><strong><em>m</em></strong></span> 
     </span>
     <span class='ocr_line' id='line_1_37' title="bbox 402 4316 1405 4388; baseline 0 -2"><span class='ocrx_word' id='word_1_375' title='bbox 402 4323 568 4388; x_wconf 87' lang='lat' dir='ltr'><strong>etrelatio.</strong></span> <span class='ocrx_word' id='word_1_376' title='bbox 1398 4316 1405 4330; x_wconf 83' lang='lat'>&#39;</span> 
     </span>
    </p>
   </div>
   <div class='ocr_carea' id='block_1_3' title="bbox 448 2767 1145 2845">
    <p class='ocr_par' dir='ltr' id='par_1_6' title="bbox 448 2767 1145 2845">
     <span class='ocr_line' id='line_1_38' title="bbox 448 2767 1145 2845; baseline 0.01 -22"><span class='ocrx_word' id='word_1_377' title='bbox 448 2767 520 2837; x_wconf 77' lang='lat' dir='ltr'><strong>Quid</strong></span> <span class='ocrx_word' id='word_1_378' title='bbox 531 2770 589 2825; x_wconf 72' lang='lat' dir='ltr'><strong>sim</strong></span> <span class='ocrx_word' id='word_1_379' title='bbox 604 2771 637 2825; x_wconf 81' lang='lat' dir='ltr'><strong>ia</strong></span> <span class='ocrx_word' id='word_1_380' title='bbox 653 2768 756 2826; x_wconf 62' lang='lat' dir='ltr'><strong>&amp;aas</strong></span> <span class='ocrx_word' id='word_1_381' title='bbox 769 2773 952 2844; x_wconf 76' lang='lat' dir='ltr'><strong>proprietates</strong></span> <span class='ocrx_word' id='word_1_382' title='bbox 961 2773 1115 2845; x_wconf 68' lang='lat' dir='ltr'><strong>pmoaales</strong></span> <span class='ocrx_word' id='word_1_383' title='bbox 1125 2775 1145 2830; x_wconf 91' lang='lat'><strong>¹.</strong></span> 
     </span>
    </p>
   </div>
   <div class='ocr_carea' id='block_1_4' title="bbox 400 4422 1903 4947">
    <p class='ocr_par' dir='ltr' id='par_1_7' title="bbox 400 4422 1903 4947">
     <span class='ocr_line' id='line_1_39' title="bbox 442 4422 1903 4520; baseline 0.01 -25"><span class='ocrx_word' id='word_1_384' title='bbox 442 4430 522 4495; x_wconf 86' lang='lat' dir='ltr'><strong>ltem</strong></span> <span class='ocrx_word' id='word_1_385' title='bbox 535 4431 596 4496; x_wconf 87' lang='lat' dir='ltr'><strong>hoa</strong></span> <span class='ocrx_word' id='word_1_386' title='bbox 608 4431 715 4514; x_wconf 89' lang='lat' dir='ltr'><strong>ipsum</strong></span> <span class='ocrx_word' id='word_1_387' title='bbox 728 4433 856 4498; x_wconf 87' lang='lat' dir='ltr'><strong>videtur</strong></span> <span class='ocrx_word' id='word_1_388' title='bbox 865 4434 999 4515; x_wconf 84' lang='lat' dir='ltr'><strong>ratione,</strong></span> <span class='ocrx_word' id='word_1_389' title='bbox 1010 4436 1087 4520; x_wconf 88' lang='lat' dir='ltr'><strong>quia</strong></span> <span class='ocrx_word' id='word_1_390' title='bbox 1100 4457 1174 4520; x_wconf 91' lang='lat' dir='ltr'><strong>pro·</strong></span> <span class='ocrx_word' id='word_1_391' title='bbox 1268 4435 1361 4520; x_wconf 86' lang='lat' dir='ltr'><strong>Resp.</strong></span> <span class='ocrx_word' id='word_1_392' title='bbox 1376 4436 1416 4501; x_wconf 88' lang='lat' dir='ltr'><strong>ad</strong></span> <span class='ocrx_word' id='word_1_393' title='bbox 1428 4436 1509 4519; x_wconf 83' lang='lat' dir='ltr'><strong>Arg.</strong></span> <span class='ocrx_word' id='word_1_394' title='bbox 1524 4436 1695 4502; x_wconf 81' lang='lat' dir='ltr'><strong>direndum</strong></span> <span class='ocrx_word' id='word_1_395' title='bbox 1710 4431 1781 4518; x_wconf 87' lang='lat' dir='ltr'><strong>quod</strong></span> <span class='ocrx_word' id='word_1_396' title='bbox 1795 4422 1903 4512; x_wconf 51' lang='lat' dir='ltr'><strong>pilli*</strong></span> 
     </span>
     <span class='ocr_line' id='line_1_40' title="bbox 401 4528 1903 4627; baseline 0 -23"><span class='ocrx_word' id='word_1_397' title='bbox 401 4540 510 4623; x_wconf 90' lang='lat' dir='ltr'><strong>prium</strong></span> <span class='ocrx_word' id='word_1_398' title='bbox 522 4540 667 4624; x_wconf 89' lang='lat' dir='ltr'><strong>estquod</strong></span> <span class='ocrx_word' id='word_1_399' title='bbox 680 4542 830 4606; x_wconf 82' lang='lat' dir='ltr'><strong>convenit</strong></span> <span class='ocrx_word' id='word_1_400' title='bbox 843 4541 902 4607; x_wconf 90' lang='lat' dir='ltr'><strong>soli</strong></span> <span class='ocrx_word' id='word_1_401' title='bbox 918 4561 927 4605; x_wconf 78' lang='lat' dir='ltr'><em>z</em></span> <span class='ocrx_word' id='word_1_402' title='bbox 941 4543 996 4607; x_wconf 88' lang='lat' dir='ltr'><strong>sed</strong></span> <span class='ocrx_word' id='word_1_403' title='bbox 1015 4543 1096 4608; x_wconf 89' lang='lat' dir='ltr'><strong>nihil</strong></span> <span class='ocrx_word' id='word_1_404' title='bbox 1115 4545 1173 4609; x_wconf 90' lang='lat' dir='ltr'><strong>ab-</strong></span> <span class='ocrx_word' id='word_1_405' title='bbox 1227 4549 1275 4609; x_wconf 88' lang='lat' dir='ltr'><strong>tes</strong></span> <span class='ocrx_word' id='word_1_406' title='bbox 1288 4545 1468 4627; x_wconf 88' lang='lat' dir='ltr'><strong>personales</strong></span> <span class='ocrx_word' id='word_1_407' title='bbox 1481 4563 1611 4609; x_wconf 85' lang='lat' dir='ltr'><strong>neeesse</strong></span> <span class='ocrx_word' id='word_1_408' title='bbox 1622 4550 1669 4609; x_wconf 87' lang='lat' dir='ltr'><strong>est</strong></span> <span class='ocrx_word' id='word_1_409' title='bbox 1680 4561 1742 4608; x_wconf 84' lang='lat' dir='ltr'><strong>esse</strong></span> <span class='ocrx_word' id='word_1_410' title='bbox 1754 4528 1903 4604; x_wconf 65' lang='lat' dir='ltr'><strong>mannos</strong></span> 
     </span>
     <span class='ocr_line' id='line_1_41' title="bbox 400 4640 1902 4734; baseline 0 -23"><span class='ocrx_word' id='word_1_411' title='bbox 400 4647 544 4712; x_wconf 88' lang='lat' dir='ltr'><strong>solutum</strong></span> <span class='ocrx_word' id='word_1_412' title='bbox 557 4651 606 4712; x_wconf 90' lang='lat' dir='ltr'><strong>est</strong></span> <span class='ocrx_word' id='word_1_413' title='bbox 618 4647 916 4714; x_wconf 85' lang='lat' dir='ltr'><strong>iueommunicabile</strong></span> <span class='ocrx_word' id='word_1_414' title='bbox 932 4650 967 4714; x_wconf 90' lang='lat' dir='ltr'><strong>in</strong></span> <span class='ocrx_word' id='word_1_415' title='bbox 989 4650 1125 4731; x_wconf 85' lang='lat' dir='ltr'><strong>divinis,</strong></span> <span class='ocrx_word' id='word_1_416' title='bbox 1141 4656 1173 4717; x_wconf 90' lang='lat' dir='ltr'><strong>et</strong></span> <span class='ocrx_word' id='word_1_417' title='bbox 1227 4650 1288 4715; x_wconf 86' lang='lat' dir='ltr'><strong>hoe</strong></span> <span class='ocrx_word' id='word_1_418' title='bbox 1299 4651 1418 4734; x_wconf 82' lang='lat' dir='ltr'><strong>duplici</strong></span> <span class='ocrx_word' id='word_1_419' title='bbox 1431 4651 1554 4716; x_wconf 87' lang='lat' dir='ltr'><strong>ratione</strong></span> <span class='ocrx_word' id='word_1_420' title='bbox 1568 4670 1577 4714; x_wconf 74' lang='grc' dir='ltr'><strong>ε</strong></span> <span class='ocrx_word' id='word_1_421' title='bbox 1592 4655 1662 4716; x_wconf 89' lang='lat' dir='ltr'><strong>tum</strong></span> <span class='ocrx_word' id='word_1_422' title='bbox 1678 4649 1747 4733; x_wconf 89' lang='lat' dir='ltr'><strong>quia</strong></span> <span class='ocrx_word' id='word_1_423' title='bbox 1762 4646 1820 4710; x_wconf 82' lang='lat' dir='ltr'><strong>suat</strong></span> <span class='ocrx_word' id='word_1_424' title='bbox 1833 4640 1902 4702; x_wconf 61' lang='lat' dir='ltr'><strong>&#39;111⁰td</strong></span> 
     </span>
     <span class='ocr_line' id='line_1_42' title="bbox 400 4742 1902 4842; baseline 0 -23"><span class='ocrx_word' id='word_1_425' title='bbox 400 4755 594 4820; x_wconf 84' lang='lat' dir='ltr'><strong>conveniens</strong></span> <span class='ocrx_word' id='word_1_426' title='bbox 620 4756 680 4820; x_wconf 92' lang='lat' dir='ltr'><strong>soli</strong></span> <span class='ocrx_word' id='word_1_427' title='bbox 705 4756 838 4838; x_wconf 81' lang='lat' dir='ltr'><strong>:igitur</strong></span> <span class='ocrx_word' id='word_1_428' title='bbox 863 4756 970 4822; x_wconf 90' lang='lat' dir='ltr'><strong>omnis</strong></span> <span class='ocrx_word' id='word_1_429' title='bbox 995 4758 1173 4842; x_wconf 84' lang='lat' dir='ltr'><strong>proprietas</strong></span> <span class='ocrx_word' id='word_1_430' title='bbox 1228 4757 1448 4833; x_wconf 85' lang='lat' dir='ltr'><strong>munieabites,</strong></span> <span class='ocrx_word' id='word_1_431' title='bbox 1461 4761 1494 4822; x_wconf 89' lang='lat' dir='ltr'><strong>et</strong></span> <span class='ocrx_word' id='word_1_432' title='bbox 1510 4758 1571 4822; x_wconf 89' lang='lat' dir='ltr'><strong>soli</strong></span> <span class='ocrx_word' id='word_1_433' title='bbox 1587 4742 1902 4828; x_wconf 56' lang='lat' dir='ltr'><strong>mundoburde</strong></span> 
     </span>
     <span class='ocr_line' id='line_1_43' title="bbox 400 4848 1902 4947; baseline -0.001 -20"><span class='ocrx_word' id='word_1_434' title='bbox 400 4862 576 4946; x_wconf 90' lang='lat' dir='ltr'><strong>personalis</strong></span> <span class='ocrx_word' id='word_1_435' title='bbox 586 4868 633 4929; x_wconf 89' lang='lat' dir='ltr'><strong>est</strong></span> <span class='ocrx_word' id='word_1_436' title='bbox 648 4864 772 4930; x_wconf 90' lang='lat' dir='ltr'><strong>relatio.</strong></span> <span class='ocrx_word' id='word_1_437' title='bbox 1227 4864 1303 4947; x_wconf 91' lang='lat' dir='ltr'><strong>quia</strong></span> <span class='ocrx_word' id='word_1_438' title='bbox 1333 4864 1459 4929; x_wconf 74' lang='lat' dir='ltr'><strong>matites</strong></span> <span class='ocrx_word' id='word_1_439' title='bbox 1489 4864 1663 4945; x_wconf 85' lang='lat' dir='ltr'><strong>differunt,</strong></span> <span class='ocrx_word' id='word_1_440' title='bbox 1688 4867 1721 4928; x_wconf 89' lang='lat' dir='ltr'><strong>nt</strong></span> <span class='ocrx_word' id='word_1_441' title='bbox 1745 4848 1902 4925; x_wconf 58' lang='lat' dir='ltr'><strong>mamad</strong></span> 
     </span>
    </p>
   </div>
   <div class='ocr_carea' id='block_1_5' title="bbox 281 4960 1888 5059">
    <p class='ocr_par' dir='ltr' id='par_1_8' title="bbox 281 4960 1888 5059">
     <span class='ocr_line' id='line_1_44' title="bbox 281 4960 1888 5059; baseline -0.004 -22"><span class='ocrx_word' id='word_1_442' title='bbox 281 4991 316 5037; x_wconf 83' lang='lat' dir='ltr'><strong>aa</strong></span> <span class='ocrx_word' id='word_1_443' title='bbox 325 5006 377 5052; x_wconf 66' lang='lat' dir='ltr'><strong>app.</strong></span> <span class='ocrx_word' id='word_1_444' title='bbox 440 4971 556 5037; x_wconf 83' lang='lat' dir='ltr'><strong>Contra</strong></span> <span class='ocrx_word' id='word_1_445' title='bbox 570 4979 622 5038; x_wconf 74' lang='lat'><strong>21.</strong></span> <span class='ocrx_word' id='word_1_446' title='bbox 638 4972 728 5039; x_wconf 87' lang='lat' dir='ltr'><strong>Sient</strong></span> <span class='ocrx_word' id='word_1_447' title='bbox 738 4975 912 5058; x_wconf 85' lang='lat' dir='ltr'><strong>paternitas</strong></span> <span class='ocrx_word' id='word_1_448' title='bbox 923 4979 970 5039; x_wconf 90' lang='lat' dir='ltr'><strong>est</strong></span> <span class='ocrx_word' id='word_1_449' title='bbox 984 4973 1108 5053; x_wconf 88' lang='lat' dir='ltr'><strong>relatio,</strong></span> <span class='ocrx_word' id='word_1_450' title='bbox 1127 4973 1172 5039; x_wconf 85' lang='lat' dir='ltr'><strong>sie</strong></span> <span class='ocrx_word' id='word_1_451' title='bbox 1226 4977 1316 5059; x_wconf 90' lang='lat' dir='ltr'><strong>prius</strong></span> <span class='ocrx_word' id='word_1_452' title='bbox 1330 4999 1337 5040; x_wconf 77' lang='grc' dir='ltr'>ε</span> <span class='ocrx_word' id='word_1_453' title='bbox 1353 4976 1420 5042; x_wconf 91' lang='lat' dir='ltr'><strong>sola</strong></span> <span class='ocrx_word' id='word_1_454' title='bbox 1430 4980 1540 5041; x_wconf 87' lang='lat' dir='ltr'><strong>autem</strong></span> <span class='ocrx_word' id='word_1_455' title='bbox 1551 4976 1662 5042; x_wconf 79' lang='lat' dir='ltr'><strong>relatio</strong></span> <span class='ocrx_word' id='word_1_456' title='bbox 1673 4976 1766 5039; x_wconf 88' lang='lat' dir='ltr'><strong>manet</strong></span> <span class='ocrx_word' id='word_1_457' title='bbox 1775 4960 1888 5033; x_wconf 73' lang='lat' dir='ltr'><strong>inhiat</strong></span> 
     </span>
    </p>
   </div>
   <div class='ocr_carea' id='block_1_6' title="bbox 432 5058 1900 5201">
    <p class='ocr_par' dir='ltr' id='par_1_9' title="bbox 432 5058 1900 5201">
     <span class='ocr_line' id='line_1_45' title="bbox 432 5058 1900 5201; baseline -0.021 -34"><span class='ocrx_word' id='word_1_458' title='bbox 432 5132 490 5196; x_wconf 60' lang='lat' dir='ltr'><strong>rof,</strong></span> <span class='ocrx_word' id='word_1_459' title='bbox 505 5132 578 5184; x_wconf 51' lang='lat' dir='ltr'><strong>pu,</strong></span> <span class='ocrx_word' id='word_1_460' title='bbox 591 5133 701 5198; x_wconf 54' lang='lat' dir='ltr'><strong>mm,</strong></span> <span class='ocrx_word' id='word_1_461' title='bbox 713 5148 740 5199; x_wconf 40' lang='grc' dir='ltr'><strong>Ρ,</strong></span> <span class='ocrx_word' id='word_1_462' title='bbox 752 5137 773 5200; x_wconf 87' lang='lat'><strong>1,</strong></span> <span class='ocrx_word' id='word_1_463' title='bbox 788 5150 814 5201; x_wconf 82' lang='lat' dir='ltr'><strong>q.</strong></span> <span class='ocrx_word' id='word_1_464' title='bbox 825 5147 901 5200; x_wconf 47' lang='lat' dir='ltr'><strong>mn,</strong></span> <span class='ocrx_word' id='word_1_465' title='bbox 914 5135 1048 5199; x_wconf 80' lang='lat' dir='ltr'><strong>mema.a;</strong></span> <span class='ocrx_word' id='word_1_466' title='bbox 1062 5136 1090 5187; x_wconf 38' lang='lat' dir='ltr'><strong>s.</strong></span> <span class='ocrx_word' id='word_1_467' title='bbox 1105 5134 1171 5185; x_wconf 80' lang='lat' dir='ltr'><strong>rao-</strong></span> <span class='ocrx_word' id='word_1_468' title='bbox 1266 5084 1316 5148; x_wconf 87' lang='lat' dir='ltr'><strong>Ad</strong></span> <span class='ocrx_word' id='word_1_469' title='bbox 1335 5086 1428 5168; x_wconf 85' lang='lat' dir='ltr'><strong>eujus</strong></span> <span class='ocrx_word' id='word_1_470' title='bbox 1446 5083 1690 5166; x_wconf 82' lang='lat' dir='ltr'><strong>intelligentiam</strong></span> <span class='ocrx_word' id='word_1_471' title='bbox 1709 5076 1843 5146; x_wconf 74' lang='lat' dir='ltr'><strong>noandum</strong></span> <span class='ocrx_word' id='word_1_472' title='bbox 1854 5058 1900 5148; x_wconf 64' lang='lat' dir='ltr'><strong>ud</strong></span> 
     </span>
    </p>
   </div>
   <div class='ocr_carea' id='block_1_7' title="bbox 399 5194 1899 5492">
    <p class='ocr_par' dir='ltr' id='par_1_10' title="bbox 399 5194 1899 5492">
     <span class='ocr_line' id='line_1_46' title="bbox 400 5194 1899 5276; baseline 0.001 -23"><span class='ocrx_word' id='word_1_473' title='bbox 400 5216 467 5268; x_wconf 86' lang='lat' dir='ltr'><strong>mas,</strong></span> <span class='ocrx_word' id='word_1_474' title='bbox 479 5218 507 5269; x_wconf 88' lang='lat' dir='ltr'><strong>p.</strong></span> <span class='ocrx_word' id='word_1_475' title='bbox 520 5205 529 5255; x_wconf 91' lang='lat' dir='ltr'><strong>t</strong></span> <span class='ocrx_word' id='word_1_476' title='bbox 537 5242 547 5270; x_wconf 91' lang='lat'><strong>,</strong></span> <span class='ocrx_word' id='word_1_477' title='bbox 560 5219 586 5270; x_wconf 88' lang='lat' dir='ltr'><strong>q.</strong></span> <span class='ocrx_word' id='word_1_478' title='bbox 595 5217 680 5270; x_wconf 80' lang='lat' dir='ltr'><strong>xxxii,</strong></span> <span class='ocrx_word' id='word_1_479' title='bbox 694 5209 743 5257; x_wconf 86' lang='lat' dir='ltr'><strong>art.</strong></span> <span class='ocrx_word' id='word_1_480' title='bbox 752 5210 784 5272; x_wconf 76' lang='lat'><strong>25</strong></span> <span class='ocrx_word' id='word_1_481' title='bbox 798 5207 978 5273; x_wconf 79' lang='lat' dir='ltr'><strong>AEgid.Rom.,</strong></span> <span class='ocrx_word' id='word_1_482' title='bbox 995 5209 1005 5257; x_wconf 93' lang='lat' dir='ltr'><strong>l</strong></span> <span class='ocrx_word' id='word_1_483' title='bbox 1018 5206 1098 5267; x_wconf 80' lang='lat' dir='ltr'><strong>seat,</strong></span> <span class='ocrx_word' id='word_1_484' title='bbox 1110 5204 1169 5256; x_wconf 88' lang='lat' dir='ltr'><strong>dist.</strong></span> <span class='ocrx_word' id='word_1_485' title='bbox 1226 5223 1250 5260; x_wconf 83' lang='lat' dir='ltr'><strong>e.</strong></span> <span class='ocrx_word' id='word_1_486' title='bbox 1259 5220 1296 5261; x_wconf 85' lang='lat'><strong>11.</strong></span> <span class='ocrx_word' id='word_1_487' title='bbox 1305 5209 1438 5269; x_wconf 54' lang='lat' dir='ltr'><strong>-JJoan</strong></span> <span class='ocrx_word' id='word_1_488' title='bbox 1449 5211 1581 5276; x_wconf 73' lang='lat' dir='ltr'><strong>Damaso,</strong></span> <span class='ocrx_word' id='word_1_489' title='bbox 1592 5209 1623 5260; x_wconf 87' lang='lat' dir='ltr'><strong>de</strong></span> <span class='ocrx_word' id='word_1_490' title='bbox 1635 5200 1792 5264; x_wconf 59' lang='lat' dir='ltr'><strong>rabaam,</strong></span> <span class='ocrx_word' id='word_1_491' title='bbox 1801 5194 1899 5255; x_wconf 55' lang='lat' dir='ltr'><strong>littat-</strong></span> 
     </span>
     <span class='ocr_line' id='line_1_47' title="bbox 399 5262 1898 5346; baseline -0.002 -22"><span class='ocrx_word' id='word_1_492' title='bbox 399 5285 473 5339; x_wconf 82' lang='lat' dir='ltr'><strong>xxvr,</strong></span> <span class='ocrx_word' id='word_1_493' title='bbox 484 5289 511 5341; x_wconf 92' lang='lat' dir='ltr'><strong>q.</strong></span> <span class='ocrx_word' id='word_1_494' title='bbox 521 5288 557 5341; x_wconf 80' lang='lat'><strong>113</strong></span> <span class='ocrx_word' id='word_1_495' title='bbox 570 5278 700 5344; x_wconf 81' lang='lat' dir='ltr'><strong>Richard,</strong></span> <span class='ocrx_word' id='word_1_496' title='bbox 712 5279 722 5328; x_wconf 94' lang='lat' dir='ltr'><strong>t</strong></span> <span class='ocrx_word' id='word_1_497' title='bbox 732 5279 813 5345; x_wconf 78' lang='lat' dir='ltr'><strong>Sent,</strong></span> <span class='ocrx_word' id='word_1_498' title='bbox 827 5280 886 5331; x_wconf 87' lang='lat' dir='ltr'><strong>dist.</strong></span> <span class='ocrx_word' id='word_1_499' title='bbox 896 5291 969 5343; x_wconf 78' lang='lat' dir='ltr'><strong>xxvi,</strong></span> <span class='ocrx_word' id='word_1_500' title='bbox 984 5293 1011 5344; x_wconf 91' lang='lat' dir='ltr'><strong>q.</strong></span> <span class='ocrx_word' id='word_1_501' title='bbox 1022 5291 1041 5329; x_wconf 92' lang='lat'><strong>11</strong></span> <span class='ocrx_word' id='word_1_502' title='bbox 1049 5294 1059 5342; x_wconf 88' lang='lat'>;</span> <span class='ocrx_word' id='word_1_503' title='bbox 1073 5277 1169 5329; x_wconf 85' lang='lat' dir='ltr'><strong>llarsil.</strong></span> <span class='ocrx_word' id='word_1_504' title='bbox 1226 5303 1255 5317; x_wconf 91' lang='lat'><strong>·-</strong></span> <span class='ocrx_word' id='word_1_505' title='bbox 1265 5279 1401 5333; x_wconf 73' lang='lat' dir='ltr'><strong>iltialrard.</strong></span> <span class='ocrx_word' id='word_1_506' title='bbox 1410 5281 1442 5331; x_wconf 86' lang='lat' dir='ltr'><strong>de</strong></span> <span class='ocrx_word' id='word_1_507' title='bbox 1453 5283 1481 5332; x_wconf 85' lang='lat' dir='ltr'><strong>S.</strong></span> <span class='ocrx_word' id='word_1_508' title='bbox 1492 5281 1570 5346; x_wconf 82' lang='lat' dir='ltr'><strong>viat,</strong></span> <span class='ocrx_word' id='word_1_509' title='bbox 1581 5281 1613 5331; x_wconf 78' lang='lat' dir='ltr'><strong>de</strong></span> <span class='ocrx_word' id='word_1_510' title='bbox 1626 5282 1700 5340; x_wconf 68' lang='lat' dir='ltr'><strong>Tria„</strong></span> <span class='ocrx_word' id='word_1_511' title='bbox 1709 5278 1746 5328; x_wconf 85' lang='lat' dir='ltr'><strong>lib.</strong></span> <span class='ocrx_word' id='word_1_512' title='bbox 1755 5262 1898 5336; x_wconf 58' lang='lat' dir='ltr'><strong>[tamdi-</strong></span> 
     </span>
     <span class='ocr_line' id='line_1_48' title="bbox 401 5327 1899 5418; baseline -0.002 -20"><span class='ocrx_word' id='word_1_513' title='bbox 401 5346 518 5410; x_wconf 71' lang='lat' dir='ltr'><strong>uguen,</strong></span> <span class='ocrx_word' id='word_1_514' title='bbox 537 5350 874 5416; x_wconf 79' lang='lat' dir='ltr'><strong>lsent.,q.1xrx,arta;</strong></span> <span class='ocrx_word' id='word_1_515' title='bbox 896 5353 986 5403; x_wconf 71' lang='lat' dir='ltr'><strong>aeuus</strong></span> <span class='ocrx_word' id='word_1_516' title='bbox 1004 5351 1037 5401; x_wconf 77' lang='lat' dir='ltr'><strong>aa</strong></span> <span class='ocrx_word' id='word_1_517' title='bbox 1054 5351 1169 5412; x_wconf 70' lang='lat' dir='ltr'><strong>ruant,</strong></span> <span class='ocrx_word' id='word_1_518' title='bbox 1224 5353 1389 5416; x_wconf 53' lang='lat' dir='ltr'><strong>aaaron,</strong></span> <span class='ocrx_word' id='word_1_519' title='bbox 1408 5352 1548 5418; x_wconf 55' lang='lat' dir='ltr'><strong>neamus.</strong></span> <span class='ocrx_word' id='word_1_520' title='bbox 1569 5354 1614 5404; x_wconf 85' lang='lat' dir='ltr'><strong>m.</strong></span> <span class='ocrx_word' id='word_1_521' title='bbox 1628 5352 1687 5416; x_wconf 75' lang='lat' dir='ltr'><strong>aar,</strong></span> <span class='ocrx_word' id='word_1_522' title='bbox 1704 5347 1801 5401; x_wconf 71' lang='lat' dir='ltr'><strong>cantia</strong></span> <span class='ocrx_word' id='word_1_523' title='bbox 1815 5327 1899 5390; x_wconf 53' lang='lat' dir='ltr'><strong>baffi</strong></span> 
     </span>
     <span class='ocr_line' id='line_1_49' title="bbox 401 5419 1609 5492; baseline 0.004 -20"><span class='ocrx_word' id='word_1_524' title='bbox 401 5419 411 5468; x_wconf 91' lang='lat' dir='ltr'><strong>l</strong></span> <span class='ocrx_word' id='word_1_525' title='bbox 425 5419 506 5484; x_wconf 78' lang='lat' dir='ltr'><strong>Seat,</strong></span> <span class='ocrx_word' id='word_1_526' title='bbox 519 5420 660 5491; x_wconf 66' lang='lat' dir='ltr'><strong>diatxxrq</strong></span> <span class='ocrx_word' id='word_1_527' title='bbox 673 5438 699 5490; x_wconf 90' lang='lat' dir='ltr'><strong>q.</strong></span> <span class='ocrx_word' id='word_1_528' title='bbox 711 5435 741 5476; x_wconf 86' lang='lat' dir='ltr'><strong>u.</strong></span> <span class='ocrx_word' id='word_1_529' title='bbox 751 5424 902 5492; x_wconf 66' lang='lat' dir='ltr'><strong>-aauar,</strong></span> <span class='ocrx_word' id='word_1_530' title='bbox 916 5424 946 5475; x_wconf 82' lang='lat' dir='ltr'><strong>de</strong></span> <span class='ocrx_word' id='word_1_531' title='bbox 957 5424 1038 5487; x_wconf 75' lang='lat' dir='ltr'><strong>Tria,</strong></span> <span class='ocrx_word' id='word_1_532' title='bbox 1051 5422 1096 5475; x_wconf 91' lang='lat' dir='ltr'><strong>lib.</strong></span> <span class='ocrx_word' id='word_1_533' title='bbox 1107 5423 1169 5487; x_wconf 84' lang='lat' dir='ltr'><strong>llll,</strong></span> <span class='ocrx_word' id='word_1_534' title='bbox 1225 5424 1251 5475; x_wconf 88' lang='lat' dir='ltr'><strong>S.</strong></span> <span class='ocrx_word' id='word_1_535' title='bbox 1263 5423 1365 5489; x_wconf 79' lang='lat' dir='ltr'><strong>Thom,</strong></span> <span class='ocrx_word' id='word_1_536' title='bbox 1380 5425 1407 5489; x_wconf 90' lang='lat' dir='ltr'><strong>l,</strong></span> <span class='ocrx_word' id='word_1_537' title='bbox 1421 5437 1446 5488; x_wconf 91' lang='lat' dir='ltr'><strong>q.</strong></span> <span class='ocrx_word' id='word_1_538' title='bbox 1454 5435 1510 5489; x_wconf 81' lang='lat' dir='ltr'><strong>xm,</strong></span> <span class='ocrx_word' id='word_1_539' title='bbox 1524 5427 1573 5476; x_wconf 82' lang='lat' dir='ltr'><strong>art.</strong></span> <span class='ocrx_word' id='word_1_540' title='bbox 1585 5429 1609 5478; x_wconf 83' lang='lat' dir='ltr'><strong>t.</strong></span> 
     </span>
    </p>
   </div>
   <div class='ocr_carea' id='block_1_8' title="bbox 0 0 2054 6299">
    <p class='ocr_par' dir='ltr' id='par_1_11' title="bbox 0 0 2054 6299">
     <span class='ocr_line' id='line_1_50' title="bbox 0 0 2054 6299; baseline 0 0"><span class='ocrx_word' id='word_1_541' title='bbox 0 0 2054 6299; x_wconf 95' lang='lat' dir='ltr'><strong> </strong></span> 
     </span>
    </p>
   </div>
  </div>
 </body>
</html>
