4100 6300
981 398 1292 470 ssuruusttuuu
1310 400 1385 467 tis.
1408 401 1433 466 l.

705 578 818 655 Pffl.
841 578 856 653 Ι
1229 536 1384 620 inprime
1401 536 1515 618 probat
1533 537 1905 628 perussentieindiridun,

858 640 868 659 ·
1229 644 1297 708 sive
1306 643 1462 707 unitatem
1470 642 1907 728 ;iusecunda,perillamuueu

408 764 447 812 or
466 763 727 824 rnornmrururua
741 765 780 810 ur
800 762 1031 810 couorrroruaus
1051 760 1176 817 coortu
1230 749 1368 813 ostendit
1380 750 1907 840 esseinpersoniscircnmiooemiom

448 862 532 909 nouo
551 863 790 923 ESSENTIALIBUS,
805 863 843 907 ET
858 862 982 916 QUODAM
1002 860 1087 907 ΜΟΒΟ
1108 860 1177 904 PER·
1230 857 1297 921 ibi:
1313 859 1355 924 El
1375 858 1451 924 inde
1464 865 1509 925 egl
1526 859 1613 942 quod
1632 859 1723 928 Pater
1738 861 1910 934 dicsswmip

449 961 611 1008 senenses
630 960 812 1020 rutulum,
835 961 874 1006 ET
891 959 1040 1006 UNITATIS.
1230 965 1327 1032 Filio,

533 1177 539 1191 .
601 1130 804 1197 uxrosuro
825 1129 989 1195 rursus.
1466 1172 1539 1224 a„
1552 1066 1759 1238 ,mma

421 1274 494 1326 Nune
506 1277 643 1341 postquam
653 1275 822 1327 eternitatem
831 1273 910 1325 trium
918 1274 1099 1334 Personarum,
1112 1272 1162 1320 etc.
1271 1286 1308 1351 ln
1322 1291 1411 1369 pal-qe
1431 1287 1491 1353 1313
1501 1294 1578 1354 sung
1592 1289 1791 1354 dubimfionffi
1800 1291 1913 1358 cjmppp

319 1410 388 1454 uitio·
447 1398 637 1464 Terminatis
663 1399 787 1463 duabus
820 1397 981 1480 partibus,
1004 1396 1038 1459 in
1061 1395 1178 1477 quitum
1231 1412 1312 1459 ram.
1328 1393 1367 1458 Et
1379 1396 1483 1478 primo
1502 1396 1665 1460 dubitatur
1678 1397 1715 1461 de
1729 1399 1786 1462 situ
1795 1398 1914 1482 huiuspa·

408 1505 558 1588 Magister
571 1506 638 1587 egit
650 1506 751 1571 dehis
764 1523 838 1588 quae
850 1502 1056 1587 pertinentad
1070 1519 1175 1565 essen-
1231 1502 1287 1580 tis3
1312 1520 1386 1566 cum
1415 1503 1501 1567 enim
1519 1504 1626 1567 unitas
1644 1504 1680 1567 in
1703 1504 1848 1569 substantia
1865 1507 1915 1570 tal

408 1615 461 1680 tie
483 1615 654 1693 unitatem,
682 1617 713 1678 et
734 1630 942 1696 personarum
963 1609 1177 1693 pluralitatem
1231 1610 1446 1688 identitatem,
1462 1612 1568 1676 unitas
1581 1613 1618 1674 in
1637 1612 1799 1695 quantitate
1814 1614 1915 1696 equata

408 1723 586 1804 sigillatim3
601 1721 654 1785 hic
667 1721 779 1803 incipit
790 1720 882 1783 tertia
894 1735 978 1801 pars,
994 1717 1031 1781 in
1046 1734 1112 1798 qua
1123 1714 1177 1779 de·
1232 1722 1308 1798 tem,
1324 1720 1431 1783 unitas
1444 1719 1477 1782 in
1491 1718 1643 1801 qualitate
1655 1718 1916 1803 similitudinempri

407 1828 557 1893 terminat
578 1846 787 1910 personarum
807 1827 1031 1909 equalitatem,
1047 1840 1121 1905 que
1134 1821 1178 1886 si·
1231 1826 1354 1890 ratione
1365 1826 1493 1890 videtur
1503 1827 1588 1909 quod
1598 1826 1723 1892 deberet
1735 1827 1917 1892 determinaret

408 1936 477 2001 mul
487 1935 598 2019 recipit
610 1936 822 2019 pluralitatem
833 1939 864 1999 et
877 1933 1042 1999 unitatem.
1057 1930 1096 1995 Et
1107 1930 1178 1994 hec
1231 1932 1394 1996 identitate
1406 1935 1439 1997 et
1449 1933 1660 1998 similitudine
1671 1953 1680 1997 :
1693 1935 1794 2016 quiasi
1804 1934 1917 1998 deiism

407 2061 481 2125 pars
492 2042 589 2108 habet
599 2046 664 2108 tres
681 2047 788 2125 partes
800 2042 989 2125 principales
1003 2063 1010 2105 :
1023 2040 1059 2103 in
1073 2038 1178 2122 prima
1231 2038 1430 2119 determinat,
1446 2040 1572 2105 videtur
1584 2040 1671 2123 quod
1683 2059 1740 2106 nee
1756 2040 1789 2105 dc
1804 2040 1920 2123 moritu

407 2152 569 2234 proponit,
586 2151 621 2215 in
640 2152 757 2234 quibus
776 2150 925 2215 consistat
946 2148 1127 2231 equalitas3
1143 2146 1178 2208 iu
1230 2146 1359 2212 deberet
1370 2147 1472 2212 facere
1486 2146 1657 2230 specialem
1668 2152 1828 2212 uacuum.

407 2259 548 2324 secunda
560 2259 672 2342 probat
685 2257 873 2342 specialiter,
888 2256 951 2321 ibi:
966 2257 1058 2323 Nuus
1073 2254 1179 2337 iqttur
1272 2253 1364 2337 Resp.
1388 2254 1561 2319 Dicendum
1585 2255 1691 2337 quod,
1707 2260 1816 2320 ostensa
1838 2253 1920 2337 petru

408 2368 551 2447 superest
572 2363 743 2443 ostendere,
767 2368 840 2444 etc.;
862 2365 897 2427 in
917 2364 1020 2442 tertia,
1041 2361 1127 2443 quia,
1143 2359 1178 2424 in
1231 2363 1427 2446 equalitate,
1449 2363 1627 2428 ostenditur
1647 2364 1731 2447 quod
1751 2362 1922 2428 cmundari

408 2471 583 2555 probando,
606 2472 834 2555 propositiones
853 2470 966 2535 dubias
986 2469 1120 2547 dixerat,
1143 2466 1179 2530 in
1231 2467 1396 2533 iunctura
1415 2470 1564 2534 identitas
1590 2473 1624 2534 et
1646 2470 1921 2544 similitudotetida,

408 2577 527 2660 quibus
543 2577 637 2641 dictio
651 2576 815 2641 exclusiva
833 2581 966 2659 generat
980 2575 1179 2656 ambiguita-
1232 2576 1440 2642 determinata
1459 2578 1662 2661 equalitate,
1682 2597 1745 2643 oon
1767 2583 1808 2643 est
1823 2581 1922 2662 apperte

409 2687 490 2766 tem,
508 2684 579 2749 ideo
600 2684 789 2749 determinat
804 2685 939 2768 qualiter
951 2683 1104 2749 dictiones
1117 2700 1178 2746 ex·
1232 2703 1311 2748 num
1333 2685 1372 2749 de
1396 2685 1467 2749 aliis
1493 2685 1720 2764 determinare
1746 2687 1795 2750 sed
1813 2683 1921 2766 magud

410 2791 541 2857 clusive
557 2792 751 2874 accipiantur
771 2792 806 2856 in
831 2791 957 2872 divinis,
973 2790 1075 2855 intra¹
1093 2812 1100 2852 :
1117 2790 1177 2853 Hie
1232 2792 1411 2873 equalitate
1425 2792 1629 2870 detendunt,
1645 2793 1924 2877 propterhercssu·

410 2901 514 2966 ore'tur
525 2901 658 2983 questio
671 2900 801 2966 eredens
815 2900 973 2982 ouqtueru
987 2913 1030 2963 er
1038 2895 1178 2979 predic-
1231 2898 1410 2980 tirpandas,
1426 2898 1621 2962 Arianorum
1642 2898 1785 2974 maxime,
1796 2899 1840 2980 qui
1856 2913 1925 2978 pce

410 3008 465 3072 tis.
481 3004 589 3070 Prima
599 3025 674 3090 pars
686 3007 879 3090 principalis,
893 3007 930 3070 in
948 3024 1013 3088 qua
1029 3005 1179 3088 proponit
1231 3010 1308 3070 runt
1318 3006 1569 3088 inequalitatem
1590 3006 1631 3069 in
1652 3006 1763 3071 divinis
1776 3029 1782 3071 :
1795 3002 1925 3070 etideodt

409 3113 494 3198 eain
507 3114 625 3197 quibus
637 3114 803 3198 equalitas
816 3113 969 3195 consistit,
983 3113 1079 3178 habet
1099 3112 1178 3177 duas
1231 3112 1344 3178 flcilior
1357 3117 1389 3179 et
1400 3112 1508 3179 utilior
1521 3112 1605 3178 circa
1627 3112 1688 3179 hoc
1700 3110 1924 3193 versamusque

410 3225 526 3304 partes.
551 3221 588 3285 ln
607 3222 712 3305 prima
722 3226 812 3305 parte
830 3221 978 3305 proponit
995 3219 1081 3303 quod
1101 3237 1178 3283 con·
1232 3222 1288 3287 tio.

410 3327 600 3393 sistitinhis
608 3330 722 3411 tribus,
733 3330 920 3407 eternitate,
931 3326 1176 3410 magnitudine,
1557 3320 1630 3368 ΜΒ·
1651 3322 1687 3368 ¹1·

410 3440 443 3501 et
454 3439 617 3520 potestate.
633 3435 670 3501 ln
683 3436 831 3516 secunda,
844 3454 887 3501 ne
895 3435 1101 3500 crederentur
1109 3435 1179 3498 hec
1378 3426 1581 3479 mmmm
1594 3429 1676 3481 trium
1687 3431 1843 3481 renonum

410 3543 474 3607 tria
486 3544 621 3622 diversa,
634 3544 769 3609 ostendit
781 3543 867 3627 quod
879 3545 950 3607 hec
962 3538 1037 3607 'suut
1049 3543 1133 3607 idem
1143 3541 1178 3605 in
1272 3542 1409 3608 Videtur
1433 3544 1517 3610 male
1549 3545 1657 3611 dicere
1686 3545 1768 3630 qnod
1789 3539 1926 3626 usundi&

409 3647 485 3731 Deo,
508 3650 572 3715 ihi:
598 3651 733 3734 Cumque
752 3657 973 3718 enumerentur
994 3651 1063 3717 ista
1084 3650 1180 3733 quusi
1233 3651 1385 3717 consistat
1406 3652 1441 3717 in
1466 3654 1667 3732 eternitate,
1696 3655 1768 3736 quia
1787 3653 1841 3734 ipsc
1858 3646 1925 3713 dviii

410 3756 550 3835 diuersa,
566 3761 625 3822 etc.
646 3758 796 3822 Similiter
816 3758 956 3822 secunda
970 3775 1044 3841 pars
1057 3757 1179 3839 princi·
1232 3760 1479 3824 coeternitatem
1490 3765 1599 3825 contra
1612 3762 1814 3845 equalimm
1824 3784 1831 3824 :
1843 3752 1926 3838 egoi

335 3883 341 3895 ·
410 3864 500 3948 palis,
515 3865 551 3928 in
570 3883 636 3946 qua
657 3865 770 3947 probat
788 3864 1012 3947 equalitatem,
1027 3863 1179 3928 dividitur
1232 3864 1319 3929 ahea
1333 3866 1542 3947 distinguitur
1552 3873 1716 3949 quantum
1724 3868 1760 3932 ad
1773 3864 1926 3933 auuiuuu

409 3970 537 4035 induas
551 3992 560 4034 ε
576 3971 749 4054 suppositio
761 3970 848 4034 enim
862 3971 947 4053 quod
960 3971 995 4034 in
1008 3969 1124 4035 divinis
1139 3971 1179 4034 sit
1232 3989 1298 4035 uon
1311 3972 1484 4037 attenditur
1493 3974 1673 4056 equalitas.

411 4078 573 4160 equalitas
587 4081 744 4159 quantum
758 4077 798 4141 ad
812 4077 1032 4157 eternitatem,
1044 4077 1180 4142 ostendit
1273 4081 1365 4165 Resp.
1380 4082 1556 4150 Dicendum
1569 4089 1660 4170 quod
1677 4088 1826 4172 equalitas
1839 4080 1925 4168 petati

408 4186 514 4268 primo
528 4184 741 4266 equalitatem
754 4188 912 4266 quantum
929 4184 968 4248 ad
982 4184 1179 4264 magnitudi-
1233 4188 1269 4253 in
1282 4188 1332 4253 his
1345 4192 1448 4256 tubus
1461 4194 1612 4276 consistit,
1629 4199 1664 4260 et
1673 4196 1809 4278 Magister
1816 4185 1928 4257 ended

410 4310 504 4372 uem;
519 4292 668 4370 secundo,
680 4294 838 4374 quantum
855 4291 895 4355 ad
908 4295 1104 4374 potestatem,
1124 4293 1178 4356 iu·
1234 4296 1448 4379 equalitatem
1464 4304 1574 4365 contm
1587 4296 1928 4381 coeternimenquntu

410 4399 500 4463 ira¹:
522 4399 615 4465 Nuus
635 4398 797 4466 ostendere
812 4402 911 4465 restet
928 4415 989 4480 quo
1010 4398 1102 4465 modo
1115 4400 1179 4465 olt'·
1233 4405 1274 4469 ed
1287 4405 1348 4470 alia
1358 4406 1423 4471 duo
1437 4408 1599 4488 membra,
1616 4412 1735 4477 scilicet
1745 4404 1927 4491 magniudoffl

409 4523 487 4590 que,
500 4510 559 4572 etc.
582 4505 689 4570 Prima
700 4506 819 4570 iterum
839 4522 911 4588 pars
924 4505 1019 4570 habet
1029 4506 1127 4571 duas:
1143 4506 1179 4572 in
1234 4510 1266 4572 et
1277 4509 1462 4591 potentiam.

410 4616 515 4698 prima
527 4614 638 4699 probat
652 4613 865 4697 equalitatem
878 4613 1111 4695 magnitudinis
1122 4632 1180 4697 per
1550 4614 1621 4659 ΗΠΒ·
1643 4613 1691 4661 ¹1¹·

410 4721 554 4787 essentie
572 4722 746 4800 unitatem
766 4720 1178 4805 secundoprobateqnali-
1462 4720 1520 4771 N011
1533 4719 1583 4771 ⁸5⁰
1594 4734 1716 4787 magnus,
1728 4723 1774 4772 010·

409 4832 518 4909 tatem,
541 4828 738 4894 excludendo
751 4826 1010 4910 inequalitatem,
1028 4828 1094 4893 ibi:
1116 4828 1179 4895 Sed
1272 4831 1405 4897 Videtur
1418 4834 1489 4918 pari
1501 4835 1648 4912 ratione,
1670 4854 1743 4901 cum
1762 4833 1816 4898 alio
1825 4830 1857 4894 sit
1867 4826 1926 4895 lau,

404 4935 477 5017 jem
496 4953 583 5002 uuae
604 4934 649 5001 od
660 4936 859 5018 propositum
872 4934 1050 5001 redeamus.
1071 4934 1179 5001 Prima
1234 4938 1296 5003 alio
1309 4937 1412 5017 Pater,
1426 4943 1512 5024 quod
1525 4943 1589 5008 atio
1609 4945 1651 5008 sit
1663 4944 1760 5024 Deus,
1772 4942 1925 5015 clonae

409 5064 494 5128 pars,
516 5045 553 5109 in
570 5063 634 5127 qua
650 5044 763 5127 probat
783 5062 993 5127 personarum
1013 5044 1178 5127 equalita-
1233 5045 1269 5111 Si
1282 5047 1367 5112 dicas
1388 5049 1474 5131 qood
1495 5052 1658 5132 quantitas
1677 5051 1785 5116 transit
1801 5041 1926 5110 naut*

408 5155 475 5216 tem
483 5155 641 5235 quantum
649 5152 689 5216 ad
697 5151 1069 5233 magnitudinemhabet
1076 5152 1175 5219 duas:
1231 5157 1322 5235 tiam,
1343 5158 1453 5225 relatio
1468 5179 1549 5241 non;
1565 5163 1718 5246 objicitru
1732 5159 1808 5244 qnod
1822 5150 1878 5219 illud
1887 5160 1925 5209 Μ

443 5311 1176 5378 mat.111.-¹out.xx.-⁸lug.,ereum.vu,
1232 5265 1327 5386 ⁵⁰¹VJ²
1341 5284 1351 5329 ²
1367 5266 1570 5386 Augrsunus
1590 5269 1681 5334 enim
1701 5253 1925 5351 loquimus·

411 5393 500 5448 capr.
1233 5372 1309 5437 malr
1321 5373 1559 5457 predicatione,
1573 5381 1605 5442 et
1624 5357 1924 5458 conansquotumt
