4100 6300
867 461 1108 530 cresceretis
1129 462 1162 528 S.
1183 462 1499 546 BONAVENTURAE,

1023 652 1127 722 Testis
1149 651 1221 722 Sec.
1248 652 1339 723 XVI.

424 811 570 877 Meminit
593 830 721 895 quoquo
746 812 884 877 loannes
903 812 1098 895 Trithemius
1115 837 1122 878 :
1140 815 1293 898 Regimen
1314 816 1537 895 conscientie,
1557 815 1591 880 id
1615 820 1663 880 est
1682 815 1826 881 Porcum
1849 813 1967 891 boumn

384 919 439 983 lib.
454 925 484 1000 t,
500 917 605 983 Princ.
621 919 699 986 Ecce
714 919 873 1002 descripsi
887 937 957 986 cum
971 921 1043 988 titt.
1059 919 1150 998 Quod
1166 940 1243 986 sane
1257 922 1387 987 initium
1403 925 1550 1006 uoniam
1566 922 1709 1004 Prologi,
1725 922 1780 986 sed
1797 921 1908 1004 Operis
1921 926 1967 986 et.

385 1026 466 1090 Hinc
479 1030 645 1110 putamus,
664 1026 837 1110 Prologum
852 1027 961 1112 Operis
973 1029 1110 1112 hujusce
1124 1029 1163 1093 ad
1180 1029 1282 1094 elium
1299 1029 1492 1114 Scriptorem
1505 1029 1632 1111 verius,
1646 1048 1745 1112 quam
1760 1028 1802 1093 ad
1816 1028 1968 1093 Bcnaren

384 1137 492 1199 turam
511 1134 680 1217 pertinere.
699 1133 855 1217 Prologus
871 1135 958 1201 enim
973 1135 1048 1217 iste,
1065 1140 1103 1200 ut
1123 1137 1282 1201 fateamur
1298 1137 1456 1219 ingenue,
1471 1138 1657 1220 longissime
1672 1138 1802 1202 distata
1816 1135 1969 1200 Bonareu·

383 1246 468 1307 turae
488 1242 636 1324 ingenio,
652 1243 814 1322 doctrina,
834 1247 930 1326 atque
949 1244 1129 1327 scriptionis
1148 1262 1279 1325 genere.
1292 1243 1413 1309 llerum
1432 1244 1576 1310 Oudinus
1592 1263 1659 1308 non
1677 1242 1856 1325 Prologum
1872 1243 1967 1322 modo,

385 1349 439 1413 sed
454 1367 549 1413 omne
564 1348 651 1431 Opus
668 1350 765 1415 etiam
783 1351 823 1416 ad
841 1350 1041 1434 supposititia
1055 1352 1223 1431 amandet3
1244 1370 1282 1415 ea
1300 1353 1477 1434 praesertim
1492 1353 1615 1416 ratione
1630 1351 1746 1429 fultus,
1761 1351 1853 1435 quod
1872 1350 1905 1413 in
1921 1349 1965 1414 illo

384 1457 517 1522 voxiste
525 1457 663 1538 certifico
671 1456 844 1541 sepissime
850 1458 989 1540 legatur.
1001 1457 1063 1523 Sed
1072 1463 1158 1523 errat
1168 1457 1314 1524 Oudinus
1329 1481 1337 1521 z
1353 1478 1429 1522 narn
1445 1459 1527 1524 sich
1541 1478 1642 1524 unam
1657 1460 1741 1523 hanc
1754 1476 1871 1524 venem
1879 1457 1970 1520 minus

384 1565 517 1629 latinam
535 1582 645 1628 avere
668 1563 903 1629 Bonaventurae
921 1564 1070 1647 Calalogo
1088 1566 1343 1648 expungendum
1364 1570 1459 1645 esset,
1476 1568 1546 1649 jam
1560 1567 1639 1631 illud
1657 1584 1714 1649 per
1732 1585 1766 1629 se
1785 1566 1968 1641 nasceretur,

385 1676 423 1737 ut
435 1672 675 1757 Breot'loqctc'um
688 1672 832 1736 similiter
850 1672 1088 1756 supposititium
1103 1673 1293 1745 ,habendum
1312 1678 1409 1754 esset,
1425 1673 1581 1757 siquidem
1602 1674 1636 1737 in
1654 1675 1767 1757 quinta
1785 1672 1971 1753 11ιωὶ1011ίί
2026 1724 2027 1727 ι

385 1784 491 1863 parte,
513 1799 582 1862 cap.
602 1797 647 1859 rr,
667 1779 822 1861 leguntur
840 1779 900 1843 ista
915 1799 924 1844 t
939 1802 955 1840 e
971 1780 1045 1845 ldeo
1066 1781 1171 1862 gratia
1189 1785 1320 1862 gratum
1338 1780 1456 1844 iaciens
1473 1782 1670 1845 ramiticatur
1684 1780 1870 1856 inhabites
1882 1779 1970 1842 virtu·

386 1891 469 1964 tum,
482 1905 623 1970 quorum
634 1890 682 1951 est
695 1887 837 1951 animam
850 1887 1058 1953 rectificare...
1074 1887 1197 1952 Rursus
1210 1887 1362 1970 quoniam
1378 1887 1533 1952 rectitudo
1546 1889 1666 1952 animae
1680 1888 1819 1970 perfecta
1832 1885 1966 1968 requirit,

386 1995 473 2077 quod
490 1994 559 2077 ipsa
577 1995 766 2058 rectittcetur
779 1994 955 2059 secundum
969 1994 1134 2077 duplicem·
1144 1995 1293 2059 taciem...
1309 1994 1381 2059 ideo
1400 2013 1526 2059 necesse
1545 2000 1591 2059 est
1608 1995 1751 2059 animam
1768 1992 1969 2078 quantumad

388 2102 585 2184 superiorem
604 2101 735 2180 faciem,
753 2101 789 2165 in
802 2120 868 2184 qrre
886 2102 1028 2166 consistit
1045 2102 1155 2184 imago
1168 2101 1330 2166 Trinitatis
1344 2105 1491 2179 aeternae,
1510 2102 1678 2166 rectiilcari
1700 2120 1756 2183 per
1778 2107 1847 2165 tres
1860 2099 1967 2164 theoto

387 2209 475 2290 gicas
487 2209 659 2273 virtutes...
680 2208 812 2273 Necesse
826 2213 875 2273 est
888 2209 986 2273 etiam
1002 2213 1162 2292 quantum
1181 2209 1221 2272 ad
1236 2209 1420 2273 inferiorem
1433 2210 1565 2286 ieciem,
1582 2209 1725 2272 animam
1740 2207 1908 2272 certificari
1925 2224 1969 2288 per

388 2315 429 2382 tv
442 2315 621 2381 cardinales
633 2317 779 2381 virtutes.
793 2315 874 2382 Nem
889 2316 1059 2399 prudentia
1073 2316 1225 2380 rectiilcat
1238 2316 1462 2380 rationalem...
1475 2317 1602 2399 iustitia
1613 2334 1691 2380 vero
1706 2315 1861 2379 rectificat
1875 2331 1968 2377 omncs

386 2424 446 2488 has
462 2424 547 2488 sires
566 2423 600 2486 in
620 2425 856 2507 comparatione
876 2424 917 2488 ed
936 2424 1084 2488 alterum.
1100 2445 1115 2481 ι
1131 2423 1180 2488 Ad
1200 2429 1320 2489 ceteras
1335 2424 1442 2487 minus
1463 2424 1577 2488 latinas
1594 2424 1727 2488 voculas
1745 2422 1834 2506 quod
1858 2421 1968 2495 attinet,

387 2530 503 2597 Oudini
523 2536 688 2613 stuporem
707 2532 782 2594 satis
801 2531 915 2595 mirari
937 2550 1003 2595 non
1027 2549 1215 2613 possumus,
1241 2533 1327 2614 quod
1347 2531 1464 2609 unius,
1487 2536 1544 2595 eut
1566 2531 1706 2595 duarum
1732 2548 1854 2594 vocum
1871 2546 1966 2605 caus,

387 2636 585 2720 Opusculum
599 2638 759 2721 ceteroqui
775 2639 860 2703 mole
874 2638 1049 2720 exiguum,
1067 2638 1183 2722 pictate
1201 2657 1239 2702 ec
1253 2638 1410 2720 religione
1427 2638 1626 2717 maximum,
1642 2636 1911 2704 aBoneventurae
1922 2632 1968 2697 Ca·

385 2745 494 2827 talcgo
507 2746 639 2828 rejicere
652 2746 739 2809 velit.
756 2745 864 2827 Stylus
877 2747 997 2811 etenim
1009 2744 1328 2822 Boneventurianus,
1343 2750 1381 2809 ut
1396 2745 1473 2809 alias
1487 2745 1693 2823 monuimus,
1707 2762 1766 2809 nec
1781 2745 1828 2808 ito
1843 2741 1969 2809 lutulen

384 2856 439 2916 tus
451 2857 513 2933 est,
528 2858 566 2917 ut
578 2851 742 2916 latinitatis
754 2852 836 2916 nihil
849 2852 979 2934 habeat,
994 2872 1055 2917 nec
1066 2854 1111 2918 itu
1124 2871 1241 2937 purus,
1257 2857 1294 2916 ut
1306 2853 1347 2917 ab
1360 2854 1450 2916 omni
1464 2852 1543 2917 vitio
1556 2856 1699 2916 remotus
1714 2852 1765 2917 sit.

1059 3093 1296 3166 EDlTIONES.

425 3284 563 3350 Seorsim
581 3284 774 3367 impressum
795 3284 854 3349 tuit
874 3302 959 3349 anno
974 3289 1070 3366 1199,
1088 3286 1179 3364 1ιι-8,
1199 3302 1256 3367 per
1273 3282 1452 3348 iohannem
1468 3283 1633 3348 Luschner
1646 3283 1841 3348 Alemanum
1860 3284 1894 3347 in
1911 3279 1965 3345 llo·

382 3391 520 3457 nesterio
531 3391 567 3456 Β.
581 3390 624 3456 M.
633 3390 671 3457 l.
685 3392 725 3457 de
736 3391 842 3456 Monte
854 3391 993 3457 Serrato.
1008 3391 1099 3469 Quod
1111 3391 1241 3475 quidem
1254 3391 1444 3474 opusculum
1456 3391 1491 3455 in
1502 3391 1703 3474 hispanicum
1715 3391 1836 3456 idioma
1849 3405 1963 3456 versent

382 3500 446 3565 cuit
460 3518 480 3564 a
494 3498 547 3565 Fr.
563 3498 726 3565 Dominico
737 3498 829 3565 Victo
843 3499 1007 3579 Minorita,
1024 3500 1211 3582 editumque
1226 3498 1480 3580 Caesaraugustae
1495 3518 1549 3562 an.
1565 3502 1644 3563 1516
1662 3498 1741 3581 (nisi
1763 3498 1846 3562 forte
1866 3498 1900 3561 in
1913 3493 1965 3560 cdi·

380 3607 476 3672 tionis
485 3625 571 3671 anno
582 3606 709 3688 signeto
720 3624 809 3670 error
820 3606 930 3688 adsit),
942 3606 1028 3684 in·8,
1041 3610 1079 3671 ut
1089 3607 1186 3670 refert
1195 3605 1311 3670 lohan.
1325 3606 1389 3671 aS.
1403 3605 1543 3670 Antonio
1554 3606 1588 3668 in
1599 3604 1680 3670 Bibl.
1694 3602 1790 3670 Univ.
1804 3603 1963 3679 Francis..

380 3718 458 3779 tom.
473 3720 504 3793 1,
518 3731 596 3797 pag.
611 3716 681 3777 tes.

1061 3856 1195 3928 Codices
1215 3856 1294 3927 Mss.

423 4044 498 4111 dod.
513 4062 547 4108 n.
561 4042 688 4109 CLXXX
700 4044 735 4107 in
748 4042 829 4110 Bibl.
845 4044 976 4110 Monesi.
994 4043 1027 4111 S.
1043 4045 1184 4110 Maurini
1196 4045 1404 4111 Turonensis.
1423 4043 1471 4109 lta
1485 4043 1670 4125 Mentitur,
1685 4048 1764 4109 tom.
1779 4048 1818 4125 2,
1837 4063 1871 4128 p.
1888 4043 1962 4114 teos.

424 4152 498 4218 God.
514 4170 548 4215 n.
564 4149 686 4217 CCXCll
702 4153 736 4214 in
749 4151 830 4216 Bibl.
844 4152 1181 4236 ijecdno-Batava3
1197 4155 1323 4236 exejus
1338 4151 1448 4230 Catal,
1463 4170 1538 4235 pag.
1554 4155 1626 4216 119.

425 4257 500 4324 (lod.
515 4278 549 4322 n.
563 4257 685 4324 DCCLV
695 4258 730 4322 in
742 4258 823 4324 Bibl.
837 4258 953 4325 Eccles.
966 4260 1112 4325 Cethedr.
1128 4258 1431 4344 apudVigorniam;
1446 4278 1488 4323 ex
1502 4258 1599 4325 Catal.
1615 4257 1688 4324 Mss.
1700 4258 1840 4341 Angliae,
1854 4261 1926 4323 tom.
1937 4256 1960 4330 1,

385 4369 467 4451 part.
483 4365 512 4445 t,
526 4384 602 4450 pag.
619 4368 669 4446 18,
684 4367 744 4431 ccl.
760 4372 790 4430 1.

753 4607 806 4674 111.
826 4610 1039 4677 tractorium.
1054 4608 1159 4675 Prine.
1174 4611 1316 4678 Preces
1330 4610 1536 4695 opusculum,
1550 4612 1609 4674 etr.

424 4796 567 4862 Cesimiri
582 4796 698 4863 Oudini
713 4798 822 4881 opinio
836 4801 898 4876 est,
913 4797 1109 4883 Opusculum
1123 4799 1185 4863 hcc
1198 4798 1321 4862 nemini
1340 4798 1544 4864 referendum
1558 4814 1641 4874 esse,
1657 4813 1756 4878 quam
1770 4794 1815 4874 ei,
1831 4794 1886 4877 qui
1899 4807 1959 4855 con·

383 4904 506 4986 scripsit
524 4904 711 4972 Incendium
730 4907 868 4973 Amoris.
893 4905 930 4971 ln
951 4926 1051 4990 quam
1074 4908 1266 4971 sententiam
1289 4906 1437 4970 manibus
1459 4904 1658 4988 pedibusque
1680 4902 1915 4975 descendimus,
1931 4913 1960 4959 es

383 5010 504 5075 ratione
518 5010 615 5091 ducti,
629 5013 714 5096 quod
727 5017 903 5097 utrumque
915 5014 977 5078 hoc
989 5014 1185 5098 Opusculum
1198 5014 1434 5079 Beneventurae
1448 5011 1607 5090 indolem,
1620 5009 1831 5091 religionem,
1845 5014 1876 5072 et
1887 5020 1960 5069 senc·
2026 5071 2027 5104 1

382 5118 504 5184 titatem
524 5118 619 5201 plane
632 5120 723 5183 oleat.
743 5119 853 5203 Operis
871 5126 980 5186 eutem
996 5122 1168 5205 Prologus,
1183 5122 1209 5186 si
1223 5121 1300 5204 quid
1314 5121 1417 5203 sapio,
1433 5118 1670 5184 Bonaventurae
1689 5116 1858 5198 ingenium
1872 5109 1958 5177 neuti-

382 5243 481 5308 quam
494 5225 624 5290 redolet.
641 5227 769 5292 Accedit
784 5227 865 5307 huc,
880 5230 968 5313 quod
981 5227 1110 5311 Prologi
1121 5230 1252 5308 Auctor,
1268 5227 1464 5312 nonjamin
1479 5225 1584 5309 prima
1596 5227 1693 5307 etque
1711 5222 1855 5306 propria,
1872 5219 1919 5284 sed
1930 5217 1957 5279 iu

318 5381 322 5396 .
381 5332 475 5397 tertia
490 5351 528 5397 ec
541 5333 645 5397 aliena
658 5352 793 5417 persone
804 5336 895 5420 loqui
906 5337 1065 5403 videatur.
1079 5336 1130 5401 En
1143 5336 1271 5419 Prologi
1285 5336 1385 5401 verba
1398 5357 1406 5400 r
1419 5358 1435 5397 c
1450 5332 1594 5397 Praesens
1607 5329 1805 5415 Opusculum
1819 5329 1877 5412 qui
1888 5326 1957 5407 lege

382 5439 441 5517 rit,
462 5438 673 5507 intentionem
692 5457 760 5506 esse
779 5443 858 5510 sciat
876 5443 1022 5528 opificis,
1043 5443 1199 5529 quaedam
1218 5444 1407 5510 Sanctorum
1426 5439 1632 5506 auctoritates
1654 5437 1714 5503 suh
1734 5433 1954 5503 continuatore
