4100 6300
397 491 457 552 ill
968 483 1282 551 SENTENTIARUM
1299 485 1373 551 ΠΒ.
1394 481 1419 550 1.

397 626 601 705 Richardns¹,
627 625 791 714 productio
820 622 955 707 Spiritus
987 626 1088 690 sancti
1116 629 1164 691 est
1217 645 1292 711 quae
1317 627 1450 712 abipso
1472 630 1531 692 est.
1554 626 1662 692 Tertia
1683 626 1838 691 mediatio
1858 629 1964 696 calitir

397 734 533 799 mediata
552 733 649 797 simul
671 737 703 796 et
724 732 929 797 immediata:
955 733 1107 813 mediata,
1129 733 1165 798 in
1218 736 1400 818 operatione
1413 736 1533 812 divina,
1549 735 1584 798 in
1599 753 1664 817 qur
1676 737 1755 799 sunt
1773 739 1900 816 agentes
1912 757 1963 819 per·

397 847 554 924 quantum
571 845 619 904 est
634 860 654 903 a
673 839 763 920 lilio,
779 843 811 904 et
829 839 929 906 Filius
949 861 969 905 a
987 840 1095 919 Patre;
1111 842 1165 907 sed
1218 861 1317 921 sonae,
1337 844 1372 906 in
1393 843 1513 925 quibus
1534 842 1711 906 attenditur
1732 842 1828 921 ordo,
1842 844 1964 925 murm

396 948 588 1023 immediata,
600 947 801 1029 inquantum
810 948 879 1030 ipse
892 947 1028 1031 Spiritus
1038 954 1166 1014 sauctus
1218 950 1365 1015 habetab
1380 950 1442 1014 alia
1454 949 1541 1034 quod
1561 954 1658 1032 agat:
1680 949 1738 1013 sed
1750 954 1862 1013 tamen
1877 961 1963 1015 nael
2025 1001 2026 1004 ,

393 1055 518 1137 abipso
531 1053 623 1117 Patre
636 1055 786 1137 spiratur.
807 1055 847 1120 Et
863 1056 964 1137 hujus
980 1056 1166 1140 exemplum
1218 1057 1263 1120 ibi
1283 1058 1443 1121 virtutum
1464 1058 1642 1137 diversitas,
1667 1075 1728 1120 nec
1751 1058 1913 1139 separatio,
1931 1061 1964 1123 rel

327 1248 331 1255 Ι
396 1164 526 1247 ponitur
537 1162 572 1226 in
585 1163 675 1228 exitu
687 1163 766 1228 Abel
777 1165 816 1228 de
829 1165 944 1229 Adam.
957 1165 1036 1230 Abel
1048 1167 1165 1231 imme·
1219 1163 1367 1228 distantia
1382 1164 1503 1247 aliqua3
1529 1165 1630 1228 immo
1646 1182 1712 1228 nna
1725 1164 1851 1230 virtute
1862 1170 1890 1228 et
1900 1184 1964 1248 aqu

395 1273 480 1335 diate
490 1270 569 1334 exiit
581 1271 620 1335 de
633 1271 746 1347 Adam,
757 1271 833 1354 quia
844 1272 911 1355 ipse
922 1291 964 1336 ex
974 1272 1090 1336 lumbis
1099 1251 1166 1336 suis
1219 1270 1331 1334 intime
1349 1275 1474 1352 agunt:
1496 1275 1528 1336 et
1546 1272 1590 1334 sic
1606 1270 1711 1348 Pater,
1727 1270 1889 1335 mediante
1900 1271 1962 1344 lilia

396 1378 509 1461 genuit
521 1395 612 1456 eum;
626 1378 834 1443 nihilominus
844 1378 923 1443 exiit
933 1379 1078 1459 mediate,
1091 1381 1166 1462 peria
1219 1378 1365 1461 producit
1379 1378 1533 1461 Spiritum
1547 1385 1704 1458 sanctum,
1717 1398 1789 1444 uon
1799 1380 1965 1462 quiasitm

395 1486 474 1550 exiit
495 1485 536 1549 ab
557 1485 625 1549 Eva
653 1504 726 1568 quae
749 1486 810 1549 tuit
832 1486 872 1549 ab
894 1486 1011 1564 Adam,
1036 1487 1105 1551 sive
1127 1488 1166 1552 de
1219 1485 1309 1548 dium
1336 1485 1494 1550 fflstantiae
1516 1487 1566 1551 vel
1589 1487 1801 1562 differentiae,
1828 1488 1882 1550 sed
1905 1489 1964 1569 quia
2025 1499 2026 1506 ’

396 1594 498 1666 Adam
520 1593 665 1657 deducta.
694 1592 734 1657 lit
761 1593 849 1659 hunc
871 1595 1003 1659 modum
1025 1595 1167 1677 oportuit
1219 1593 1306 1674 quod
1320 1591 1419 1658 Filius
1433 1594 1597 1676 producat,
1613 1595 1675 1658 boc
1687 1593 1788 1658 babet
1803 1613 1825 1658 a
1838 1593 1966 1671 Petreio
2025 1597 2026 1648 ἐ

395 1719 464 1766 θεεθ
476 1701 513 1764 in
526 1700 588 1764 lleo
597 1703 727 1782 propter
735 1718 897 1764 summam
907 1703 1164 1783 germanitatem.
1219 1699 1306 1781 quod
1327 1704 1375 1764 est
1397 1701 1442 1765 ihi
1457 1702 1588 1784 quidam
1601 1702 1690 1766 ordo.
1707 1701 1749 1765 Et
1762 1702 1813 1764 sie
1830 1706 1908 1783 patet
1922 1721 1967 1764 ra·

396 1807 430 1874 Si
444 1808 530 1872 enim
543 1811 668 1872 tantum
681 1807 819 1872 mediata
830 1813 911 1873 esset
923 1810 1081 1891 processio
1094 1808 1166 1893 Spi-
1220 1808 1332 1888 ponsio
1352 1807 1393 1871 ad
1413 1827 1561 1891 sequens,
1582 1828 1659 1873 cum
1673 1809 1858 1891 dicitquod
1875 1808 1967 1872 media

395 1917 477 1980 ritus
498 1915 610 1993 sancti,
634 1917 672 1979 ut
692 1918 818 1978 tantum
839 1920 920 1979 esset
942 1935 962 1978 a
984 1915 1075 1997 Filio,
1100 1936 1167 1982 non
1221 1915 1291 1977 tum
1312 1920 1344 1978 et
1359 1915 1579 1980 immediatum
1599 1920 1676 1980 suut
1694 1917 1862 1999 opposita3
1883 1935 1968 1980 seron

396 2027 477 2089 esset
488 2040 617 2086 summa
630 2022 824 2104 germanitas
833 2021 970 2104 Spiritus
978 2025 1079 2087 sancti
1091 2043 1166 2089 cum
1220 2025 1268 2085 est
1280 2023 1366 2086 enim
1380 2023 1484 2107 primo
1498 2024 1604 2101 modo,
1621 2024 1677 2088 sed
1688 2041 1757 2090 non
1768 2023 1918 2103 aecundo,
1931 2043 1968 2086 ne

398 2130 500 2196 Patre.
524 2129 686 2209 Similiter,
710 2129 737 2192 ai
759 2129 891 2193 omnino
914 2129 1108 2211 immediata,
1130 2137 1169 2198 ut
1220 2129 1324 2192 tertio.

395 2243 477 2304 θεεθῖ
489 2258 509 2302 a
521 2238 612 2302 Patre
623 2240 761 2316 mnmm,
774 2255 843 2300 non
853 2241 934 2301 esset
944 2256 1073 2303 summa
1089 2259 1166 2322 ger·
1260 2240 1290 2298 ἓ.
1306 2235 1357 2300 Ad
1369 2236 1449 2301 illud
1458 2238 1543 2319 quod
1554 2237 1716 2320 objicitur,
1731 2237 1824 2319 quod
1836 2237 1970 2302 beusnu

396 2347 531 2410 manitas
541 2364 615 2409 cum
625 2344 717 2409 Filio.
730 2343 770 2408 Et
777 2344 824 2408 sic
833 2345 1071 2411 concedendum
1081 2349 1167 2431 quod
1220 2342 1284 2406 lias
1304 2347 1352 2407 θεῖ
1372 2364 1467 2409 causa
1489 2364 1546 2428 per
1568 2346 1724 2422 accidens,
1748 2364 1835 2426 ergo
1853 2365 1907 2411 nec
1921 2365 1969 2408 ue·

397 2454 556 2519 mediante
568 2452 661 2517 Filio.
1221 2450 1321 2529 diate3
1343 2450 1512 2516 dicendum
1533 2453 1620 2534 quod
1638 2470 1696 2535 per
1715 2453 1868 2517 anaidem
1879 2453 1969 2535 aliqud

437 2568 467 2625 t.
482 2561 531 2625 Ad
544 2560 622 2624 illud
635 2559 723 2642 quod
742 2559 890 2641 objicitur
907 2560 942 2624 iu
954 2563 1164 2643 contrarium,
1220 2576 1351 2623 causare
1373 2559 1506 2640 derogat
1526 2559 1652 2626 veritati
1679 2578 1787 2624 causae
1824 2579 1966 2643 suprema

396 2670 484 2752 quod
496 2667 636 2733 nobilius
655 2669 702 2730 est
719 2666 938 2732 immediatum
958 2669 1164 2753 principium,
1221 2665 1310 2729 lllius
1322 2666 1410 2730 enim
1424 2666 1536 2731 dicitur
1551 2665 1673 2749 aliquid
1683 2685 1781 2731 causa
1791 2687 1864 2732 esse
1875 2687 1967 2752 perat-

398 2775 569 2841 dieeudum
582 2772 838 2857 quod÷mediatio
858 2779 906 2838 est
924 2775 1027 2840 tribus
1041 2779 1164 2845 modis:
1220 2773 1338 2848 cidens,
1362 2775 1455 2855 cujus
1475 2777 1523 2837 est
1544 2792 1639 2837 causa
1665 2792 1722 2855 per
1748 2774 1877 2857 aliquid
1895 2776 1966 2844 aliut

397 2883 545 2966 quaedam
570 2882 656 2946 enim
680 2884 727 2944 est
754 2881 903 2946 mediatio
930 2902 1005 2966 que
1027 2886 1168 2951 excludit
1221 2880 1308 2962 quod
1328 2899 1394 2944 non
1415 2884 1462 2944 est
1478 2882 1517 2944 ab
1531 2881 1611 2964 ipso,
1630 2882 1685 2946 sed
1698 2881 1857 2946 aliunde:
1879 2883 1967 2963 stega

398 2990 667 3055 immediationem
679 2992 815 3068 tantum,
835 2993 873 3053 ut
893 2992 1022 3072 quando
1036 2993 1167 3060 effectus
1223 2987 1304 3052 Deus
1323 2989 1460 3071 alicujus
1476 2993 1556 3053 esset
1577 3007 1673 3053 eausa
1686 3007 1743 3072 per
1757 2990 1911 3066 accidens,
1924 3009 1968 3053 uu

397 3100 532 3165 rrlbmus
551 3116 617 3163 non
633 3096 838 3163 continuatur
858 3098 1038 3164 influentiae
1062 3119 1166 3168 causae
1221 3100 1302 3161 esset
1318 3114 1414 3161 causa
1432 3096 1705 3163 universalissima
1723 3100 1756 3161 et
1773 3098 1891 3181 prima,
1905 3099 1969 3163 etit

397 3205 524 3290 prioris,
539 3205 593 3269 sed
607 3223 664 3287 per
677 3204 822 3269 medium
835 3206 967 3271 omnino
977 3209 1168 3289 producitur
1221 3224 1279 3270 nec
1294 3180 1501 3269 nobilissima.
1519 3204 1579 3269 Sed
1594 3205 1744 3269 mediatio
1757 3224 1828 3269 non
1838 3214 1967 3290 repugm

396 3315 495 3398 priori
504 3332 568 3377 non
582 3317 769 3395 cooperante
783 3333 791 3377 ε
806 3318 838 3378 et
850 3314 921 3378 haec
934 3314 1009 3380 dicit
1021 3318 1167 3382 ordinem
1220 3312 1377 3400 nobilitati
1407 3330 1512 3376 causae
1536 3330 1718 3394 suprema:
1747 3330 1880 3378 causare
1905 3316 1966 3376 eun

397 3426 429 3487 et
442 3422 657 3487 diversitatem
671 3420 851 3503 agentium,
869 3427 900 3486 et
920 3424 1164 3505 separationem.
1221 3420 1307 3485 aliud
1327 3437 1384 3502 par
1404 3438 1438 3483 se
1451 3423 1483 3483 et
1496 3438 1552 3503 per
1575 3419 1607 3482 id
1618 3420 1705 3502 quod
1718 3420 1759 3483 ab
1773 3420 1844 3502 ipso
1858 3426 1910 3499 ast
1923 3438 1967 3482 nu

396 3528 467 3593 Alio
476 3528 570 3593 modo
583 3527 698 3592 dicitur
711 3526 873 3608 mediatio,
888 3533 983 3613 prout
993 3530 1070 3595 dicit
1080 3534 1165 3597 ordi-
1221 3530 1296 3594 dicit
1315 3529 1558 3612 indignitatem
1582 3529 1683 3593 immo
1696 3529 1897 3610 dignitatem,
1913 3528 1966 3611 quir

389 3656 471 3701 nem
491 3654 660 3701 causarum
681 3635 721 3699 ad
741 3635 895 3715 invicem3
912 3657 978 3701 non
993 3642 1166 3721 separatio-
1222 3636 1361 3718 dignitas
1373 3642 1421 3701 est
1433 3656 1499 3702 non
1511 3636 1965 3720 antumpasealiqutdpoae,

395 3763 472 3808 nem
486 3744 520 3807 in
532 3743 669 3825 agendo,
685 3742 739 3806 sed
753 3743 858 3808 solum
872 3743 1087 3809 diversitatem
1100 3747 1167 3812 vir-
1221 3744 1275 3809 sed
1289 3763 1380 3826 posse
1392 3745 1446 3809 alii
1459 3746 1711 3819 communicare,
1725 3746 1772 3809 its
1785 3749 1892 3810 mmen
1902 3742 1966 3828 quet

396 3857 503 3917 tutum
517 3853 695 3934 agentium,
710 3855 742 3916 et
761 3853 916 3918 ordinem.
939 3852 1045 3919 Tertio
1059 3857 1165 3937 modo,
1220 3850 1274 3914 ille
1286 3851 1354 3915 sine
1367 3870 1405 3915 eo
1419 3852 1501 3916 nihil
1513 3852 1622 3935 possit.

397 3966 494 4046 prout
511 3963 587 4026 dicit
605 3962 762 4042 ordinem,
783 3980 849 4026 nou
862 3966 971 4027 tamen
991 3967 1166 4048 separatio-
1261 3963 1290 4022 3·
1316 3958 1365 4022 Ad
1383 3960 1460 4024 illud
1480 3960 1566 4043 quod
1588 3960 1704 4024 ultimo
1722 3960 1883 4043 objicitur,
1902 3958 1965 4042 qaut

396 4088 472 4135 nem
487 4070 645 4136 virtutum
665 4070 843 4151 agentium,
866 4089 926 4135 nec
937 4072 1164 4138 diversitatem.
1220 4064 1321 4130 Filius
1350 4069 1397 4130 esi
1428 4066 1642 4131 immediati&
1674 4085 1790 4145 causat
1822 4067 1964 4132 dioessdfflfl

396 4177 504 4241 Prima
515 4177 664 4242 mediatio
676 4196 743 4242 non
756 4178 840 4242 cadit
852 4178 887 4241 in
899 4179 978 4258 Deo;
994 4181 1072 4263 quia
1084 4181 1166 4247 Deus
1220 4173 1307 4256 qu0d
1317 4192 1382 4238 110ss
1390 4175 1485 4254 vaiet,
1499 4175 1575 4256 quia
1584 4175 1645 4238 ista
1658 4174 1818 4254 mediatio,
1827 4194 1896 4259 quae
1905 4190 1964 4257 pn*

395 4290 442 4350 est
457 4304 552 4350 causa
564 4286 749 4369 simpliciter
762 4288 876 4370 prima,
892 4290 984 4371 cujus
998 4289 1166 4356 influentia
1221 4282 1304 4346 dicia
1326 4287 1388 4361 esi,
1412 4301 1481 4346 110ss
1502 4287 1665 4365 repugnat
1693 4284 1962 4359 immediflfifflid

395 4397 443 4459 est
457 4398 557 4470 tanta
572 4395 659 4478 quod
671 4395 762 4460 nulla
778 4398 924 4460 creatura
943 4399 1013 4478 agit
1032 4397 1163 4480 aliquid,
1220 4388 1291 4453 ideo
1303 4407 1370 4453 11011
1381 4389 1533 4455 diminuit
1545 4408 1630 4454 eam·

395 4504 465 4584 ejus
479 4500 646 4566 influentia
662 4505 803 4566 remota:
819 4505 852 4565 et
865 4501 936 4567 ideo
952 4503 1037 4566 nibil
1048 4505 1114 4568 exit
1126 4506 1165 4570 de

396 4607 755 4674 Deomediatetentum.
770 4611 912 4675 Secunda
924 4611 1073 4677 mediatio
1084 4614 1167 4677 radit
1480 4596 1658 4721 QUAESTIO
1680 4645 1731 4711 w·

396 4708 431 4771 in
454 4706 517 4772 lieo
539 4712 686 4790 respectu
709 4708 839 4773 effectus
858 4710 1004 4792 producti
1025 4730 1046 4774 a
1071 4730 1166 4777 causa

396 4820 511 4894 creata,
524 4815 601 4899 quia
613 4814 658 4879 ibi
673 4818 722 4880 est
733 4816 811 4880 ordo
824 4833 994 4881 causarum
1009 4821 1042 4882 et
1058 4818 1164 4884 diver·
1239 4797 1284 4854 ¹¹²²
1298 4801 1435 4902 imm
1458 4800 1528 4855 Filii
1539 4802 1577 4855 ⁸²²
1595 4803 1676 4902 Μ
1686 4803 1835 4903 pisatione
1849 4800 1945 4917 Ψ

395 4924 470 4988 sitas
481 4924 655 5001 virtutum,
672 4923 725 4988 sed
736 4927 845 4988 tamen
853 4942 920 4988 nou
930 4928 977 4988 est
988 4927 1163 5008 separatio:
1301 4891 1389 4944 ”mh
1402 4888 1540 4944 “mm
1553 4894 1687 4947 mmm
1699 4888 1863 4960 ‘mmm
1883 4927 1890 4941 '

396 5031 473 5113 quia
495 5030 578 5095 Deus
599 5030 711 5119 infime
732 5029 815 5113 agit,
842 5032 919 5115 quia
940 5051 997 5115 per
1024 5033 1165 5116 seipsum
1262 5034 1340 5113 Quae
1356 5034 1490 5099 istarum
1507 5034 1648 5099 dumum
1664 5037 1895 5109 emanationnn,
1906 5030 1953 5094 sd-
1975 5048 2006 5087 f-

397 5139 479 5221 agit3
493 5142 525 5203 et
537 5138 747 5204 nihilominus
763 5156 821 5223 per
837 5138 991 5205 urtutem
1013 5147 1163 5224 creatam,
1220 5140 1293 5205 licet
1309 5141 1524 5222 generationis
1545 5146 1577 5206 et
1600 5144 1815 5225 processionis,
1833 5142 1870 5204 sit
1885 5137 1950 5222 pris
1962 5122 1999 5151 '⁵

430 5336 579 5401 ¹Richard.,
597 5336 670 5401 ibid,
685 5337 730 5388 uhi
741 5351 828 5401 supra.
841 5364 872 5375 -
885 5338 897 5373 ¹
911 5337 952 5401 Os.
962 5338 1034 5389 Alex.
1055 5339 1162 5404 t'ensis,
1221 5337 1354 5403 ilenricus,
1367 5340 1394 5388 tn
1406 5339 1518 5399 Summa,
1526 5342 1576 5389 art.
1590 5343 1631 5403 st,
1644 5355 1672 5406 q.
1685 5354 1712 5404 r;
1729 5336 1949 5401 adamatae

398 5422 424 5471 p.
436 5408 456 5472 l,
472 5422 498 5473 q.
512 5421 582 5472 rnvr,
596 5409 693 5459 memb.
709 5412 738 5472 '13
755 5409 782 5460 S.
798 5409 900 5472 Thom,
914 5410 925 5459 l
939 5411 1019 5473 sent,
1039 5411 1099 5461 diat.
1114 5422 1161 5476 111,
1219 5412 1277 5463 dist.
1297 5424 1345 5476 ιιι,
1359 5426 1385 5478 q.
1405 5423 1446 5474 rv3
1461 5413 1552 5462 Tbom.
1575 5415 1647 5478 Arg,
1670 5416 1679 5464 l
1699 5416 1774 5471 sena,
1787 5414 1838 5463 dist
1851 5422 1890 5472 ω,
1902 5417 1947 5469 θ-ῖ.

400 5492 425 5541 q.
442 5489 465 5541 r,
488 5479 708 5543 artt3AEpidius
725 5481 944 5545 Rom.,lSent.,
963 5480 1022 5533 dist.
1043 5493 1079 5545 11,
1098 5492 1161 5546 q.1;
1218 5487 1301 5535 artt.
1627 5504 1632 5512 ¹
