4100 6300
372 470 431 533 rsa
939 461 1346 549 suurnnnnuuuun.
1370 463 1395 529 1.

270 625 360 682 inane.>
371 603 462 686 ponit
474 601 593 684 aliquid
605 600 639 663 in
652 599 725 678 Deo,
741 599 795 662 sed
808 598 843 662 in
855 599 970 663 effectu
981 618 989 679 ;
1001 603 1135 664 contra:
1193 604 1288 665 testas
1306 600 1474 665 coercendi
1486 599 1630 663 subditos
1648 622 1657 660 ε
1674 600 1710 661 ει
1721 598 1792 660 haec
1802 601 1918 667 manin

369 731 444 776 cum
458 711 590 775 dicitur:
611 708 722 772 «Deus
737 711 784 772 εει
796 706 940 787 Creator,
955 730 970 766 n
985 708 1048 772 hoc
1060 708 1139 772 dici·
1192 711 1338 774 essentia.
1353 709 1509 774 Similiter
1523 709 1656 773 Creator
1665 706 1919 789 importunum

367 826 421 884 tur
437 839 479 883 ex
499 824 653 900 tempore,
674 821 705 879 et
727 833 793 878 nou
812 833 868 898 per
888 834 1018 879 causam
1035 834 1043 878 :
1059 833 1138 895 ergo
1192 816 1365 896 actionem,
1382 835 1458 898 quaa
1478 819 1525 879 est
1546 815 1657 878 diiiua
1673 814 1923 878 εεεεειᾶεειεεε

366 925 530 1008 responsio
553 926 607 989 illa
625 923 724 988 nulla.
742 922 889 986 Probatio
912 922 1038 988 :Omne
1051 924 1138 1005 qnod
1194 942 1257 1005 que
1270 928 1378 988 tamen
1391 924 1552 1004 significat
1570 923 1606 985 iu
1624 926 1777 1003 respectu
1795 921 1832 983 ad
1845 930 1926 984 nean

366 1033 482 1097 dicitur
494 1033 532 1096 de
546 1031 654 1113 aliquo
669 1048 725 1112 per
736 1047 876 1108 calisam,
892 1030 931 1093 dc
945 1029 1009 1093 alio
1022 1030 1139 1094 dicitur
1192 1049 1263 1095 ram
1279 1049 1288 1092 ε
1303 1038 1335 1097 ει
1353 1033 1399 1096 ita
1416 1034 1567 1096 connotat
1578 1034 1733 1093 creatum
1748 1031 1927 1111 etnnprde

366 1159 424 1223 per
435 1141 622 1219 essentiam,
637 1140 688 1203 vel
701 1139 926 1203 inhaerentiam
948 1140 1027 1204 :sed
1045 1128 1158 1203 Crea-'
1193 1137 1351 1213 Quoniam
1365 1157 1445 1219 ergo
1458 1137 1546 1220 quod
1564 1136 1717 1219 implicat
1739 1136 1774 1198 in
1794 1154 1825 1198 se
1842 1138 1931 1198 mdi-

367 1253 417 1312 tor
438 1249 477 1313 de
496 1248 586 1312 nullo
600 1248 662 1313 alio
683 1267 702 1311 a
723 1247 786 1311 Deo
799 1248 928 1328 diciturj.
943 1268 1002 1312 nec
1017 1266 1075 1332 per
1088 1267 1139 1312 es·
1192 1264 1273 1326 gens
1299 1252 1331 1310 et
1354 1245 1593 1322 necessarium,
1619 1242 1847 1306 denominatur
1861 1248 1932 1304 idm

367 1357 513 1437 sentiam,
527 1375 587 1421 nec
600 1375 657 1439 per
670 1355 893 1420 inhaerentiam
909 1378 917 1418 ι
933 1374 1023 1437 ergo,
1037 1363 1096 1421 etc.
1193 1354 1401 1434 contingens:
1413 1350 1561 1415 similiter
1575 1350 1666 1432 qnod
1681 1353 1839 1412 aeternum
1849 1354 1874 1411 et
1883 1354 1934 1411 tm·

407 1462 486 1527 Item
501 1464 585 1545 qnod
600 1463 716 1527 dicitur
729 1463 840 1527 dealio
853 1480 1064 1544 pertensem,
1080 1481 1139 1546 po-
1193 1459 1313 1540 perulo,
1328 1463 1435 1523 totum
1447 1458 1681 1522 denominatur
1695 1456 1862 1537 temporale
1872 1474 1935 1537 prop

366 1572 427 1633 test
440 1569 550 1634 inferri
566 1589 623 1653 per
636 1571 770 1635 modum
784 1569 1137 1651 habitudiniscausalis,
1193 1568 1241 1629 ter
1272 1570 1422 1629 naturam
1453 1565 1553 1628 totius
1583 1562 1751 1645 copulati,
1777 1563 1855 1645 quod
1874 1562 1937 1644 pai

365 1681 426 1742 ut:
447 1677 544 1741 «Dies
556 1681 603 1742 est
616 1678 663 1743 sol
675 1679 786 1743 lucens
799 1695 897 1760 super
912 1683 1043 1757 terram,
1058 1696 1138 1759 ergo
1194 1676 1523 1755 utramquepartem,
1545 1674 1579 1735 ει
1600 1669 1799 1733 falsificatur
1816 1674 1937 1752 proma

365 1783 433 1848 dies
445 1790 492 1849 est
506 1804 526 1849 a
539 1785 658 1850 solem
681 1804 760 1868 ergo
778 1786 806 1849 si
826 1804 883 1868 per
902 1805 1033 1850 causam
1056 1785 1139 1850 Deus
1193 1798 1257 1862 que
1271 1784 1370 1863 parte,
1386 1783 1418 1844 et
1431 1798 1490 1862 pro
1510 1778 1623 1842 altera.
1643 1776 1733 1841 Hinc
1745 1782 1793 1840 est
1805 1775 1937 1860 euoluit

366 1896 413 1955 est
433 1893 571 1974 Creator,
593 1893 663 1977 pari
686 1895 810 1959 ratione
832 1894 916 1959 Deus
938 1915 958 1959 a
980 1900 1137 1974 creatura,
1193 1886 1396 1971 dicunturta)
1419 1907 1461 1951 θῐ
1480 1891 1630 1969 tempore
1652 1903 1727 1949 1¹⁰ss
1748 1884 1863 1948 ”⁰⁰¹2
1879 1885 1939 1965 μὴ

366 1996 448 2062 vele
462 2018 627 2064 converso.
1193 1994 1302 2077 cipalis
1324 1995 1513 2077 significati,
1532 1993 1587 2058 sod
1609 1992 1746 2057 ratione
1765 1992 1940 2056 connotati'n

405 2105 485 2170 ltem
498 2107 584 2189 quod
597 2108 791 2191 praedicatur
805 2108 910 2173 solum
924 2124 1137 2192 penetensem,
1193 2109 1338 2169 creatura
1358 2127 1366 2166 ε
1383 2108 1415 2168 ει
1429 2122 1485 2186 per
1499 2104 1562 2167 hoc
1581 2106 1701 2184 patent
1720 2106 1855 2185 quatuor
1872 2118 1940 2180 erp<

364 2230 431 2277 non
453 2218 501 2277 est
522 2213 607 2279 idem
627 2215 673 2278 illi
697 2216 818 2298 dequo
843 2217 1035 2299 praedicatur
1056 2232 1064 2277 τ
1084 2215 1139 2279 sed
1194 2217 1302 2276 menta
1331 2211 1508 2294 sequentia.
1541 2209 1800 2273 Concedendnm
1819 2210 1893 2273 enin
1910 2220 1942 2269 rs

365 2339 440 2384 cum
462 2322 599 2386 dicitur:
620 2346 635 2384 ε
651 2322 734 2387 [teus
753 2328 852 2403 creat,
875 2348 890 2384 n
909 2326 991 2389 actio
1014 2324 1070 2389 Dei
1092 2328 1140 2388 est
1193 2320 1280 2402 quod
1293 2339 1360 2384 non
1373 2338 1470 2384 omne
1484 2318 1573 2402 quod
1586 2336 1631 2381 ex
1643 2320 1796 2398 tempore
1812 2313 1941 2379 dieitmte

365 2425 448 2490 Deus
462 2447 471 2490 ε
485 2446 564 2509 ergo
578 2448 644 2493 non
657 2430 850 2513 praedicatur
862 2450 919 2514 per
932 2450 1073 2496 causam.
1195 2425 1273 2507 Dec,
1287 2427 1405 2490 dicitur
1419 2445 1476 2510 per
1491 2444 1645 2501 calisam,
1659 2425 1720 2488 sed
1733 2423 1787 2488 vel
1798 2422 1942 2502 damna

405 2532 483 2597 item
497 2553 571 2598 cum
587 2536 703 2600 dicitur
717 2536 799 2602 Duns
808 2539 1138 2617 Dominus,.velcon·
1193 2554 1335 2612 causam,
1350 2535 1401 2598 vel
1415 2534 1652 2617 perunionem,
1663 2532 1722 2596 vel
1741 2549 1798 2614 per
1809 2528 1943 2613 quam

365 2639 496 2718 similis,
519 2642 675 2709 Dominus
697 2662 763 2707 non
785 2644 862 2708 dicit
882 2645 1012 2727 aliquod
1035 2664 1140 2727 genus
1194 2642 1464 2725 comparationem
1479 2642 1519 2706 ad
1535 2640 1725 2723 temporale
1747 2660 1756 2703 z
1771 2645 1804 2703 et
1818 2639 1942 2719 aicpatffl

365 2763 471 2810 cansae
491 2769 498 2810 :
515 2753 666 2813 ettamen
680 2750 796 2814 dicitur
809 2752 848 2816 de
861 2751 924 2817 lieo
941 2774 948 2816 :
963 2771 1140 2836 ergoprae-
1194 2751 1315 2813 omnia.
1675 2802 1679 2807 .

364 2853 447 2918 dicta
459 2857 622 2938 responsio
635 2876 701 2922 non
714 2862 762 2922 ast
774 2859 947 2924 sufficiens.
1235 2864 1250 2920 t
1266 2860 1298 2921 ει
1311 2860 1341 2919 ⁶2.
1362 2855 1412 2920 Ad
1426 2855 1508 2919 illud
1521 2872 1604 2937 ergo
1618 2855 1716 2937 quod
1731 2853 1872 2937 objicitur
1887 2850 1945 2933 que

1195 2964 1367 3048 temporale
1390 2969 1437 3028 est
1457 2970 1605 3028 creatum
1626 2968 1663 3029 et
1686 2960 1945 3037 manutenu-

1194 3073 1274 3137 dum
1308 3073 1394 3156 qnod
1423 3071 1569 3155 loquitur
1605 3073 1648 3136 de
1682 3070 1851 3156 temporali
1874 3068 1947 3152 prmo

1195 3191 1290 3255 modo
1309 3212 1316 3253 :
1337 3193 1368 3253 ei
1380 3189 1442 3253 hoc
1466 3206 1534 3252 non
1555 3188 1682 3254 dicitnr
1703 3190 1749 3254 de
1765 3188 1828 3252 lieo
1844 3187 1894 3250 n‘ni
1909 3202 1946 3267 pu

367 3289 446 3346 Nihil
459 3292 498 3345 ost
512 3290 673 3346 incommodi
687 3289 759 3362 qaod
768 3290 800 3346 dc
811 3292 879 3356 Deo,
896 3294 1071 3363 putatemus
1085 3297 1139 3363 est,
1195 3316 1325 3362 causam
1342 3296 1394 3360 vel
1406 3294 1573 3359 unionem,

403 3380 500 3484 altprect
519 3381 631 3484 nomino
645 3396 692 3483 'aa
715 3385 830 3484 ternpore
855 3381 999 3486 dicautur,
1022 3400 1082 3456 prce
1108 3400 1141 3440 ea
1236 3410 1266 3469 3·
1292 3402 1341 3468 Ad
1368 3402 1448 3467 fflud
1476 3402 1565 3484 quod
1587 3402 1755 3485 objicitur
1781 3403 1859 3487 qma
1878 3417 1945 3465 (m

400 3470 554 3542 pnncepch
577 3473 776 3542 apmficottoce
797 3476 938 3529 essentiam
964 3475 996 3529 ta
1021 3478 1141 3547 respectu

403 3561 441 3616 ad
459 3565 596 3618 ενεειεεεε
613 3563 780 3645 stpnifimat

621 3121 877 3192 conclusio.

1196 3511 1282 3595 quod
1304 3510 1496 3593 preadicatur
1517 3509 1558 3573 de
1577 3508 1647 3574 Deo
1670 3515 1728 3576 est
1749 3506 1946 3582 aternum&-

1196 3621 1332 3685 cendum
1340 3619 1428 3702 quod
1439 3619 1511 3682 haec
1522 3622 1571 3681 εει
1582 3618 1728 3701 duplex,
1741 3620 1818 3703 quia
1827 3625 1945 3682 aarum

408 3718 502 3802 ltesp.
528 3719 569 3784 ad
598 3721 677 3802 Arg.
704 3720 877 3784 [licendum
906 3721 993 3804 quod
1021 3722 1142 3806 aliquid
1197 3731 1300 3811 potest
1319 3726 1422 3791 teneri
1441 3725 1616 3806 adjectiva,
1639 3727 1699 3790 vel
1720 3719 1945 3792 substantiteffi

371 3826 434 3891 dici
448 3842 491 3892 ea
504 3831 649 3909 tmpore,
666 3832 713 3891 est
726 3827 895 3911 dupliciter
910 3850 917 3890 z
934 3832 990 3893 aut
1003 3830 1079 3911 quia
1092 3830 1142 3913 ip-
1197 3835 1361 3918 adJectiva,
1377 3834 1423 3897 sic
1433 3833 1513 3897 falsa
1525 3837 1573 3897 εει
1587 3851 1595 3894 :
1618 3833 1754 3916 aliquid
1768 3834 1852 3898 euim
1862 3828 1947 3914 pind·

368 3952 442 3996 sum
455 3937 503 3998 εει
516 3934 701 4016 temporale,
718 3938 774 3998 aut
786 3935 864 4017 quia
872 3934 949 3998 dicit
960 3941 1141 4018 respectum
1197 3942 1336 4007 catardo
1351 3941 1425 4019 lieo,
1440 3943 1536 4023 cujus
1551 3940 1686 4004 duratio
1703 3960 1777 4005 non
1791 3946 1836 4005 est
1850 3944 1944 4003 atam

367 4040 407 4104 ad
421 4042 608 4123 temporale.
623 4040 732 4104 Primo
752 4042 863 4120 modo,
880 4042 965 4105 nihil
986 4043 1139 4125 praedica·
1197 4050 1231 4114 Si
1251 4048 1449 4113 substantive
1463 4097 1472 4127 ,
1487 4065 1565 4111 vera
1579 4051 1644 4124 εει,
1660 4051 1698 4111 ει
1716 4050 1767 4111 sic
1783 4051 1831 4112 est
1844 4060 1945 4110 serm:

368 4152 420 4212 tur
440 4148 479 4212 de
493 4147 557 4212 Deo
575 4167 633 4230 per
651 4149 822 4213 essentiam
836 4149 889 4212 vel
909 4167 966 4231 per
978 4150 1142 4214 inhaeren·
1198 4157 1304 4222 Omne
1321 4155 1406 4238 quod
1425 4154 1621 4238 praedicatur
1641 4153 1684 4218 de
1704 4154 1786 4234 Deo,
1803 4159 1848 4217 est
1862 4145 1947 4232 aliq&

367 4255 465 4334 tiam,
482 4256 562 4320 sicut
576 4255 711 4339 probant
724 4259 862 4339 quatuor
875 4256 1015 4319 rationes
1027 4257 1069 4320 ad
1081 4257 1143 4322 hoc
1197 4271 1372 4330 aternum.
1397 4262 1463 4328 Nec
1482 4269 1594 4328 tamen
1615 4265 1797 4347 sequitur:
1818 4263 1869 4328 Est
1883 4265 1948 4324 atn-

299 4355 303 4360 ’
366 4362 530 4427 inducta:
547 4362 738 4444 praelientur
751 4367 860 4438 tamen
871 4381 928 4445 per
942 4382 1089 4445 causam,
1106 4370 1142 4430 ut
1198 4392 1296 4452 num;
1314 4373 1381 4437 imo
1401 4377 1449 4438 est
1468 4372 1515 4435 ibi
1536 4372 1665 4437 fallacia
1682 4373 1871 4450 accidentis,
1892 4370 1947 4431 sim

367 4470 394 4534 si
412 4470 536 4535 dicatur
557 4491 565 4533 :
583 4469 695 4534 «Deus
713 4473 760 4533 εει
779 4469 931 4552 patientia
951 4489 1040 4550 mea;
1057 4495 1072 4531 n
1091 4473 1142 4537 vel
1199 4480 1251 4543 hic
1268 4498 1277 4541 ι
1295 4503 1310 4541 ε
1325 4479 1445 4544 Creatio
1460 4483 1509 4543 est
1523 4479 1663 4558 [lenset
1675 4478 1763 4544 Deus
1775 4483 1946 4544 osteum

366 4596 424 4662 per
453 4578 627 4656 unionem,
650 4582 686 4642 ut
712 4577 739 4640 si
768 4577 891 4641 dicatur
915 4597 923 4641 :
953 4578 1070 4644 alteus
1096 4584 1144 4644 est
1202 4604 1281 4667 ergo
1307 4586 1422 4649 creatio
1443 4589 1493 4649 est
1508 4589 1678 4649 aetema.»
1700 4584 1752 4649 lta
1768 4583 1944 4668 inpraddr:

367 4686 466 4750 homo
482 4709 489 4750 :
505 4707 520 4745 s
539 4689 571 4750 ει
582 4686 643 4749 hoc
656 4703 724 4749 non
736 4685 829 4767 ponit
847 4688 1076 4767 mutationem,
1092 4688 1143 4753 vel
1204 4693 1326 4777 aliquid
1354 4693 1441 4757 enim
1472 4693 1563 4776 quod
1595 4698 1647 4758 est
1675 4698 1833 4758 aeternum
1858 4690 1946 4754 radant

367 4812 435 4858 essa
448 4792 633 4876 temporale,
647 4793 730 4857 circa
741 4792 860 4873 Deum,
876 4793 932 4856 sed
952 4793 1038 4858 circa
1049 4813 1142 4860 crea-
1200 4800 1380 4883 priucipalis
1402 4800 1602 4881 significati,
1627 4801 1662 4864 id
1680 4805 1748 4877 est,
1761 4799 1843 4882 qnod
1856 4801 1897 4860 εει
1909 4792 1947 4856 ai·

366 4906 484 4966 turam.
508 4902 581 4966 Alio
600 4903 694 4967 modo
715 4902 833 4966 dicitur
855 4902 977 4985 aliquid
1000 4918 1050 4994 ea¹
1065 4909 1142 4969 tem·
1199 4909 1277 4992 quid
1287 4913 1457 4985 aeteruum,
1468 4911 1600 4974 ratione
1612 4909 1775 4975 connotati
1783 4908 1946 4972 εἰεὶιεειαΡ

364 5025 458 5093 pote,
474 5028 513 5074 eo
533 5010 621 5093 quod
634 5010 673 5074 de
691 5010 814 5073 ratione
837 5009 890 5073 sui
904 5010 1047 5074 nominis
1068 5011 1163 5095 dicit,
1199 5016 1318 5099 porale.

367 5109 639 5204 comparationem
653 5116 824 5200 adaliquid
837 5116 1022 5199 temporale,
1035 5121 1073 5183 ut
1084 5119 1146 5185 Do
1239 5128 1270 5186 t.
1285 5121 1335 5186 Ad
1346 5120 1426 5186 illud
1440 5121 1531 5204 quod
1542 5121 1797 5207 objiciturquod
1806 5109 1944 5200 illudunt

369 5230 479 5294 minas
498 5231 531 5292 ει
548 5227 678 5294 Creator
684 5246 698 5306 ,·
710 5225 766 5290 sed
777 5228 886 5289 tamen
899 5224 938 5289 de
950 5243 1011 5289 sua
1022 5225 1145 5307 princi·
1200 5236 1301 5295 estex
1321 5234 1482 5313 tempore,
1498 5230 1621 5314 incipit
1644 5232 1770 5318 aliquid
1779 5225 1944 5308 &aaa

369 5337 432 5418 pali
446 5337 679 5418 significatione
693 5336 844 5417 importat
857 5333 1027 5398 essentiam
1043 5357 1051 5397 :
1067 5353 1144 5399 nam
1200 5339 1279 5403 dum
1296 5337 1383 5420 quod
1402 5336 1482 5401 illud
1495 5355 1569 5402 non
1583 5342 1690 5406 estin
1705 5341 1945 5424 tleoproptw⁴

370 5443 527 5510 Dominus
540 5444 692 5527 importat
708 5441 906 5521 dominium,
921 5442 1007 5525 quod
1019 5446 1068 5506 est
1086 5462 1145 5526 po·
1233 5462 1267 5528 (a)
1281 5464 1342 5514 cot.
1352 5461 1413 5512 ear.
1428 5447 1529 5514 dieunt
