4100 6300
621 551 719 618 lllST.
741 551 832 618 XXV.
853 553 944 620 Aur.
967 554 992 620 l.
1014 552 1164 633 QUAEST.
1183 554 1207 620 Ι.
1658 567 1718 628 tou

130 684 319 767 proprietate
344 685 549 765 distinctum,
577 687 754 753 seeundum
783 706 895 753 omues
949 692 1010 753 test
1023 689 1085 753 diei
1100 687 1277 755 seeundum
1297 690 1499 768 relationem,
1523 695 1555 757 et
1570 693 1632 759 boe
1645 697 1718 778 qul-

130 790 186 872 qui
201 791 386 874 intelligrmt
398 796 468 877 ejus
487 794 753 876 significationem
772 795 894 878 specia-
949 795 1023 860 dem
1045 795 1139 860 modo
1158 796 1310 862 dividitur
1329 815 1371 861 ex
1390 798 1544 880 opposito.
1565 798 1718 885 Supposi-

129 897 210 978 lem3
225 902 279 966 sad
291 903 491 985 suppositum
503 904 665 969 rationalis
677 909 801 970 naturae
814 923 894 969 oon·
948 904 1019 965 tum
1032 906 1153 980 autem,
1168 903 1237 968 sive
1249 903 1438 987 hypostasis,
1453 909 1566 971 natum
1584 910 1632 971 est
1645 907 1716 991 plu-

129 1009 189 1070 stnt
211 1025 279 1072 esse
297 1009 522 1091 substantiam;
541 1012 764 1095 proprietatem
782 1012 893 1077 distin·
948 1007 1077 1084 rideari,
1095 1012 1126 1071 et
1141 1009 1181 1073 ad
1195 1009 1283 1073 aliud
1294 1010 1482 1093 eompararl,
1495 1012 1579 1077 etita
1591 1013 1714 1080 reterri.

128 1118 281 1196 guentam
291 1121 414 1182 constat
426 1137 493 1183 esse
503 1120 688 1185 relationem
699 1139 707 1184 :
719 1111 808 1202 ergo,
819 1138 893 1184 eum
949 1113 988 1178 Et
1000 1115 1087 1197 quod
1103 1115 1148 1179 sie
1164 1116 1280 1198 dieitur
1299 1117 1475 1181 seeundum
1495 1119 1715 1201 substantiam,

128 1240 262 1305 persona
277 1229 453 1311 utrumque
465 1228 630 1311 importet,
646 1228 762 1292 seilicet
778 1246 895 1311 suppo
949 1222 1032 1286 nihil
1050 1223 1181 1306 impedit
1198 1224 1319 1289 ratione
1332 1224 1494 1289 relationis
1507 1228 1717 1309 superadditae

128 1330 226 1396 situm
241 1335 274 1396 et
290 1334 535 1417 proprietatem;
551 1353 679 1400 neeesse
701 1337 749 1399 est
765 1335 826 1400 diei
841 1353 894 1400 se-
949 1329 1010 1393 diei
1031 1332 1207 1396 secundum
1231 1331 1441 1396 relationem:
1464 1337 1496 1397 et
1514 1333 1576 1398 boe
1588 1334 1659 1398 vult
1668 1335 1718 1400 di-

129 1438 269 1504 eundum
282 1440 508 1521 substantiam,
524 1445 556 1507 et
571 1442 748 1508 seeundum
766 1442 895 1506 relatio-
949 1455 1020 1502 cere
1034 1437 1211 1503 bichardus
1221 1439 1261 1503 de
1273 1437 1388 1503 Sancto
1401 1436 1536 1504 Victore.

128 1564 213 1610 nem.
237 1545 277 1611 Et
299 1566 374 1612 eum
398 1548 521 1613 dicatur
544 1549 722 1614 seeundum
746 1551 894 1614 substan·
971 1550 1019 1623 ¹l,
1033 1550 1064 1626 ι,
1082 1551 1112 1626 3,
1125 1552 1156 1625 l,
1172 1549 1191 1609 b
1205 1550 1236 1611 et
1255 1550 1285 1610 6.
1302 1546 1390 1612 Patet
1407 1565 1486 1628 ergo
1499 1547 1665 1631 responsio
1677 1549 1718 1614 ad

127 1652 226 1733 tiam,
249 1657 281 1718 et
305 1654 482 1720 seeundum
502 1656 706 1734 relationem,
733 1657 892 1741 principa·
948 1652 1071 1735 objecta
1087 1653 1263 1718 seeundum
1273 1657 1588 1737 utramquepartem.
1603 1654 1719 1721 Gonoe-

127 1757 190 1823 lius
210 1760 327 1825 dieitur
354 1763 530 1827 seeundum
551 1763 775 1839 substantiam,
793 1782 895 1846 quan·
948 1759 1090 1825 dendum
1102 1764 1150 1825 est
1162 1761 1376 1826 enimnomen
1389 1762 1529 1830 Persona
1541 1764 1717 1828 seeundum

127 1869 197 1930 tum
215 1871 261 1931 est
274 1869 313 1932 de
325 1868 467 1950 generali
482 1875 514 1934 ει
526 1871 629 1953 primo
644 1870 783 1934 nominis
800 1870 894 1935 intel-
948 1867 1158 1932 substantiam
1184 1868 1264 1949 diei,
1291 1871 1327 1933 ut
1347 1869 1541 1952 explicatum
1553 1874 1616 1948 est,
1637 1871 1719 1936 sicut

126 1963 234 2030 lectu:
253 1984 390 2049 persona
406 1966 493 2031 enim
514 1967 588 2031 dieit
609 1968 808 2051 suppositum
823 1987 894 2033 oer-
948 1972 1061 2037 dieunt
1073 1973 1231 2052 Saneti,et
1245 1976 1384 2040 mtiones
1399 1977 1535 2059 probant
1550 1995 1558 2041 :
1575 1978 1719 2043 itaenim

127 2083 198 2145 tum
215 2082 414 2164 substantia,
435 2083 502 2149 sive
522 2083 556 2148 in
571 2083 651 2160 lleo,
670 2084 788 2148 sivein
806 2103 895 2149 erea-
948 2079 1131 2161 intelligunt
1145 2081 1207 2146 diei
1220 2082 1397 2147 seeundum
1407 2084 1626 2150 substantiam.
1637 2084 1719 2150 Gon-

127 2189 223 2266 turis;
257 2193 289 2252 et
315 2190 391 2254 buia
415 2191 693 2255 oousonatmodns
721 2190 845 2256 dicendi
875 2210 895 2256 a
949 2188 1126 2252 cedendum
1151 2193 1198 2253 est
1218 2189 1429 2256 nibilominus
1454 2193 1518 2256 dloi
1541 2192 1719 2258 secundum

126 2299 216 2377 parte
227 2297 377 2360 nominis.
402 2295 464 2362 Sed
478 2300 635 2381 quantum
652 2302 699 2361 est
717 2297 755 2362 de
767 2298 895 2380 speciali
949 2293 1148 2377 relationem,
1162 2297 1236 2361 lieet
1254 2300 1377 2363 nonita
1391 2300 1622 2384 principaliter,
1637 2302 1720 2365 sieut

127 2405 159 2465 et
173 2402 285 2467 ultimo
298 2404 439 2468 nominis
451 2404 623 2484 intellectu,
643 2406 719 2488 quala
734 2403 807 2468 dicit
820 2423 895 2488 sup
949 2404 1085 2484 probant
1097 2404 1235 2469 rationes
1248 2411 1426 2488 sequentes,
1441 2408 1595 2489 quoniam
1606 2408 1719 2472 multi-

87 2594 90 2597 Δ
128 2509 269 2590 positum
282 2511 467 2576 distinctum
478 2511 679 2594 proprietate,
694 2528 768 2594 qnae
782 2515 829 2575 est
841 2530 895 2577 ra·
949 2510 1026 2575 tudo
1042 2513 1234 2577 relationum
1245 2514 1404 2596 pluritloat
1417 2515 1516 2598 ipsam
1537 2535 1717 2599 personum.

127 2615 217 2694 latio,
233 2618 348 2683 dieitur
369 2620 403 2683 iu
424 2619 487 2685 lleo
502 2620 680 2684 seeundum
695 2619 892 2684 relationem.
989 2623 1019 2682 7.
1032 2619 1081 2684 Ad
1091 2619 1169 2686 illud
1177 2624 1284 2686 tamen
1294 2623 1379 2705 quod
1388 2622 1547 2705 objicitur,
1559 2624 1645 2706 quod
1654 2642 1718 2688 res·

127 2722 167 2786 nt
177 2724 252 2788 bina
263 2730 310 2790 est
318 2727 403 2808 quod
413 2726 518 2792 Sancti
528 2730 559 2791 et
567 2726 713 2792 Doctores
721 2727 830 2791 dieunt
838 2744 895 2789 no·
948 2725 1107 2806 pendetur
1134 2728 1173 2792 ad
1201 2728 1483 2810 interrogationem
1512 2731 1627 2793 laetam
1661 2749 1719 2814 per

127 2849 204 2896 men
224 2852 367 2916 personat
390 2836 567 2900 secuudum
589 2835 799 2899 substantiam
820 2833 893 2910 dici,
950 2830 1047 2909 naid,
1061 2835 1093 2897 et
1114 2851 1156 2897 ex
1175 2833 1237 2897 boo
1258 2838 1360 2917 potest
1378 2834 1522 2926 concludi
1544 2835 1629 2919 quod
1652 2855 1718 2902 non

125 2938 199 3003 lieet
211 2940 307 3005 etiam
327 2941 506 3007 seeundum
520 2941 706 3006 relationem
719 2941 852 3006 dloatur.
947 2940 1076 3002 tantum
1096 2939 1173 3004 dicit
1195 2940 1421 3020 substantiam,
1444 2944 1482 3005 ut
1502 2942 1716 3024 suppositum,

162 3044 370 3131 'Sed‘objieiet
387 3048 525 3131 aliquis:
545 3047 625 3112 Cum
643 3048 694 3112 isti
712 3048 816 3126 modi,
832 3047 894 3113 diei
948 3045 1113 3110 sedetiam
1130 3049 1169 3112 ut
1189 3053 1339 3113 naturam
1361 3067 1586 3131 eommuuem3
1608 3049 1718 3114 dieen-
1768 3067 1777 3089 ·

125 3155 305 3221 seeundum
330 3155 561 3235 substantiam,
582 3160 614 3220 et
635 3156 696 3220 diei
717 3157 894 3222 secuudum
948 3153 1028 3219 dum
1041 3155 1126 3238 qnod
1136 3156 1219 3230 Ouid
1230 3156 1525 3241 aliquandoquaerit
1538 3160 1717 3239 essentiam,

125 3262 324 3344 relationem,
335 3262 617 3330 dividautnomiua
629 3264 894 3348 divinaexoppo
948 3262 1111 3345 supposito
1124 3263 1202 3346 quid
1220 3267 1267 3329 est
1282 3265 1370 3347 quod
1387 3283 1445 3348 per
1458 3284 1577 3330 nomen
1590 3266 1717 3347 dieitur,

126 3371 204 3450 sito,
219 3374 256 3435 ut
267 3370 415 3451 videtur,
438 3376 573 3437 autnon
586 3374 736 3455 poterunt
755 3371 894 3436 inveniri
948 3369 1075 3452 utquid
1093 3374 1140 3434 est
1153 3369 1274 3436 homo:
1294 3377 1326 3436 et
1345 3372 1432 3455 qnod
1449 3373 1658 3456 respondetur
1677 3375 1719 3438 ad

125 3478 161 3542 in
178 3479 306 3559 eodem,
329 3482 386 3543 aut
405 3479 486 3544 illud
508 3498 625 3544 nomen
643 3480 786 3563 implicat
803 3480 838 3544 iu
861 3499 895 3546 se
948 3476 1031 3541 hanc
1044 3478 1254 3560 quaestionem
1267 3480 1384 3544 indicat
1402 3480 1612 3562 substantiam
1624 3499 1716 3564 pure,

125 3587 279 3669 opposita.
305 3586 345 3651 Et
364 3590 531 3670 propterea
543 3587 790 3668 intelligendum
813 3587 895 3652 sicut
948 3589 980 3649 et
988 3585 1169 3662 essentiam,
1181 3587 1307 3669 qnando
1316 3592 1364 3651 est
1375 3588 1511 3670 quaestio
1521 3586 1560 3651 de
1572 3588 1718 3652 substan·

126 3693 202 3757 dicit
220 3692 396 3759 Riobardus
413 3694 452 3758 de
464 3692 579 3758 Sancto
600 3691 725 3758 Victore
745 3693 830 3759 :diei
848 3713 895 3758 se-
948 3693 1002 3757 tla.
1018 3693 1198 3777 Aliquando
1209 3697 1371 3777 supposita
1384 3713 1462 3759 voce
1474 3694 1718 3760 indeterminate

125 3801 270 3865 cundum
282 3802 503 3879 substantiam,
518 3806 565 3866 est
577 3801 743 3884 dupliciter
759 3824 767 3862 :
783 3805 838 3866 aut
848 3801 895 3865 in·
948 3800 1064 3882 quaerit
1077 3801 1153 3883 quid
1168 3819 1352 3884 pernomen
1364 3801 1494 3879 dieitur,
1508 3801 1718 3866 sieutsidioa·

125 3908 259 3973 dicando
291 3910 500 3974 substantiam
533 3910 708 3975 seeundum
744 3914 894 3974 naturam
948 3913 1002 3972 tur
1018 3930 1025 3972 :
1043 3907 1242 3973 «Brunellus
1256 3909 1370 3988 currit,
1387 3931 1402 3969 a
1417 3914 1449 3973 et
1462 3913 1627 3992 quaeratur
1640 3908 1718 3993 quid
1821 3944 1829 3955 -

125 4034 343 4094 communem,
358 4020 390 4081 et
405 4017 449 4081 sie
461 4016 578 4082 dieitur
598 4016 696 4081 homo
718 4017 895 4082 seeundum
948 4013 1127 4094 Brunellus,
1143 4019 1254 4080 utrum
1269 4016 1387 4081 seilicet
1397 4015 1507 4095 bomo,
1529 4014 1582 4080 vel
1595 4015 1716 4080 asinus.

126 4126 353 4206 substantiam
373 4129 430 4190 aut
447 4126 615 4191 indicando
630 4125 841 4217 substantiam
858 4129 896 4191 ut
948 4125 1127 4207 Aliquando
1151 4127 1314 4210 supposita
1334 4126 1524 4210 quidditato,
1547 4130 1579 4191 et
1597 4128 1718 4208 signill-

124 4233 327 4317 suppositum
339 4232 658 4315 oertum,utquidam
667 4231 776 4297 bomo.
787 4231 895 4298 Primo
949 4233 1084 4310 catione,
1100 4233 1218 4316 quaerit
1229 4234 1267 4299 de
1276 4253 1325 4311 eo,
1338 4241 1483 4317 respectu
1497 4237 1591 4317 eujus
1603 4234 1719 4298 dieitur

125 4341 222 4405 modo
238 4339 341 4404 dioere
361 4340 587 4419 substantiam,
607 4344 655 4404 est
674 4339 776 4404 dicere
795 4340 892 4423 quid;
949 4359 1069 4406 nomen
1077 4342 1269 4424 dependens,
1285 4346 1323 4405 ut
1336 4343 1362 4405 si
1374 4342 1497 4407 dicatur
1511 4362 1520 4406 ε
1536 4342 1635 4406 «Albi
1648 4360 1719 4407 eur-

124 4448 267 4514 seoundo
277 4448 383 4525 modo,
394 4452 441 4511 est
451 4447 556 4512 dicere
567 4447 718 4530 aliquem.
730 4448 805 4513 llioo
816 4468 895 4531 ergo
948 4454 1049 4513 runt:
1068 4470 1083 4508 o
1100 4454 1132 4513 et
1144 4450 1171 4513 si
1185 4452 1349 4532 quaeratur
1360 4449 1439 4532 quid
1448 4449 1523 4529 albi,
1538 4452 1640 4532 potest
1651 4468 1720 4513 res-

125 4558 343 4641 quodnoman
351 4555 896 4636 essentiae‚velsubstautiae,dieitur
948 4556 1082 4640 ponderi
1107 4579 1114 4620 :
1143 4555 1351 4635 «Homines,
1376 4556 1428 4620 vel
1451 4556 1547 4636 asini;
1570 4577 1585 4614 o
1609 4561 1640 4621 et
1659 4557 1719 4622 boo

125 4662 737 4745 seeundumsubstantiam,quiaindieat
745 4667 895 4727 naturam
950 4664 1045 4729 modo
1068 4664 1265 4747 quesierunt
1285 4663 1427 4727 haeretlei
1446 4664 1524 4747 quid
1540 4663 1628 4742 Tres,
1642 4662 1720 4746 quia

126 4789 350 4851 communem3
366 4771 420 4835 sed
434 4769 697 4853 persouadieitur
718 4769 894 4834 seeundum
948 4773 1060 4837 beatus
1080 4770 1218 4836 loannes
1238 4770 1313 4835 dicit
1339 4771 1373 4835 in
1397 4770 1554 4836 Canonica
1576 4773 1588 4806 ¹
1615 4793 1623 4835 :
1646 4771 1719 4836 Tres

125 4879 894 4962 substantiam,quiaindicatsuppositumeertnm,
949 4887 1026 4947 sunt
1042 4882 1100 4962 qni
1120 4880 1336 4946 testimoninm
1357 4878 1459 4958 dunt,
1481 4882 1562 4957 ete.;
1581 4878 1720 4961 quaesie-

125 4991 159 5051 et
166 4987 361 5051 distinctum.
375 4984 495 5050 Natura
511 4990 620 5050 aulem
633 4984 816 5049 eommunis
829 5002 897 5049 non
949 4990 1025 5051 runt
1034 4988 1110 5071 quid
1122 4991 1195 5063 tres,
1211 5005 1286 5050 oum
1298 4987 1340 5050 sit
1351 4986 1545 5069 adjectivum
1563 4985 1631 5049 sine
1644 4986 1720 5049 sub·

126 5094 368 5177 multiplicatur,
382 5112 442 5158 nee
455 5093 606 5171 retertur,
622 5097 653 5156 ει
670 5093 741 5157 ideo
751 5091 838 5176 quod
852 5092 897 5157 di·
949 5094 1104 5173 stantivo,
1119 5098 1151 5159 et
1170 5098 1247 5157 tune
1261 5094 1364 5175 magis
1383 5093 1499 5175 quaerit
1516 5092 1719 5175 suppositum

127 5202 172 5265 eit
184 5202 392 5266 substantiam
402 5200 578 5265 seeundum
589 5203 739 5266 naturam
753 5220 897 5266 eommu—
950 5220 1048 5285 quam
1070 5201 1237 5266 essentiam
1262 5218 1271 5265 ε
1292 5206 1324 5264 ει
1346 5200 1419 5264 ideo
1446 5201 1646 5283 suppositum
1672 5202 1720 5264 est

127 5328 215 5386 nem,
229 5309 274 5373 ita
285 5310 400 5375 dieitur
412 5309 451 5374 ad
465 5328 514 5390 se,
528 5309 613 5391 quod
626 5309 716 5373 nullo
730 5308 826 5374 modo
838 5327 896 5392 po-

951 5399 1020 5465 quod
1031 5400 1116 5450 tenent
1126 5411 1248 5464 personas
1257 5397 1378 5449 constitui
1387 5412 1434 5463 per
1442 5397 1571 5449 absolutas
1580 5397 1719 5463 realitates,

163 5472 218 5523 1Ιιι
232 5472 282 5523 ista
291 5471 453 5523 distinetione
467 5485 544 5535 quam
558 5471 632 5523 affert
651 5473 677 5523 S.
692 5473 791 5522 Bonav.
805 5470 856 5521 boe
869 5470 898 5522 in
949 5476 1037 5523 tamon
1049 5485 1104 5522 non
1115 5473 1156 5522 est
1167 5470 1340 5522 necessarium
1356 5471 1471 5537 illatum,
1490 5485 1540 5522 nee
1560 5470 1593 5521 nd
1605 5473 1720 5520 mentem

130 5540 201 5607 loeo,
217 5546 297 5609 scot,
315 5545 373 5596 dist.
384 5555 463 5607 xxvi,
477 5557 503 5607 q.
514 5557 571 5608 un,
591 5544 692 5595 videtur
712 5542 855 5608 impingere
873 5542 898 5593 ei
952 5546 978 5596 S.
991 5544 1101 5609 Bonan,
1114 5545 1143 5594 ut
1152 5546 1222 5610 patet
1235 5542 1293 5594 dist.
1305 5553 1378 5607 uvi,
1393 5557 1418 5607 q.
1429 5543 1643 5607 111.-¹rJ0an.,
1656 5552 1681 5605 v,
1693 5541 1719 5590 t.
