4100 6300
790 518 926 589 SESTIO
947 520 973 587 l.
1600 539 1675 590 xcix

83 653 190 737 lippus
203 653 347 722 tannem
359 658 382 737 ¹,
396 675 472 723 suos
485 675 608 727 errores
626 659 822 742 sumpserint
833 658 970 724 loannes
990 634 1153 737 Wiclelns,
1165 657 1303 723 loannes
1320 655 1400 737 Huc,
1415 661 1447 723 et
1459 657 1676 745 Hieronymus

84 759 255 843 Pragensis
268 764 303 827 in
315 765 448 831 concilio
461 765 691 831 Constantiensi
706 766 884 850 proscripti,
896 764 1050 840 damnati,
1065 768 1096 828 et
1110 765 1245 830 confusi.

123 867 202 933 Haee
218 888 294 935 vero
322 870 556 939 Beneventurae
576 873 737 957 opuscula
760 874 824 938 duo
846 875 1016 956 conjuncte
1038 890 1114 936 cum
1139 872 1284 954 eiusdem
1305 873 1377 938 aliis
1400 872 1566 956 opusculis
1591 874 1677 941 edita

84 977 228 1041 luerunt.

123 1190 176 1257 Vl.
193 1194 236 1259 De
251 1193 353 1260 trilnn
364 1197 596 1278 proclianitae
611 1197 657 1265 ad
668 1199 861 1280 mapictram
876 1198 1128 1264 innominatum.
1141 1195 1194 1260 Pr.
1209 1196 1414 1264 innominata
1436 1197 1602 1280 Mapt'ctro,
1617 1201 1677 1262 etc.

124 1325 191 1393 Vll.
209 1328 426 1397 Darandatiie
442 1333 676 1435 Apostolorum.
692 1331 745 1396 Pr.
765 1332 852 1398 Talis
864 1331 968 1410 tector,
980 1335 1040 1395 etc.

126 1515 259 1582 Gemina
272 1517 429 1602 Opuseula
441 1520 502 1584 ista
516 1521 727 1585 nominantur
740 1519 948 1585 aTrilhemio
959 1519 993 1582 in
1007 1517 1160 1599 Catalogo
1171 1518 1405 1584 Bonaventurae
1419 1516 1570 1601 Operum.
1588 1517 1682 1582 Utra-

87 1626 255 1707 queetiam
268 1644 335 1708 prae
346 1646 379 1691 se
388 1627 495 1692 ierunt
504 1626 821 1693 Beneventurienum
840 1626 1023 1710 ingenium,
1037 1626 1226 1702 doctrinam,
1241 1629 1274 1689 et
1289 1625 1420 1708 stylum.
1438 1624 1533 1705 Sunt,
1543 1625 1601 1707 qui
1614 1626 1682 1707 pri-

87 1750 179 1795 mum
190 1731 388 1815 opusculum
403 1732 530 1815 liugero
542 1734 660 1800 Baeoni
682 1739 792 1800 nostro
810 1737 966 1818 scriptum
987 1734 1111 1813 dicant;
1125 1734 1179 1798 scd
1196 1734 1256 1797 hos
1275 1733 1482 1797 vehementer
1500 1732 1567 1796 falli
1590 1733 1681 1798 erin-

88 1839 190 1903 cimus
202 1840 256 1905 vel
268 1859 308 1904 ex
322 1841 391 1923 ipso
410 1839 636 1907 Bouaventura
654 1844 698 1906 eie
720 1844 899 1908 scribente:
918 1842 1054 1925 «Rogo,
1075 1841 1269 1917 charissime,
1284 1844 1321 1904 ut
1338 1859 1403 1904 uon
1422 1840 1519 1904 nimis
1540 1840 1684 1906 abundes

88 1945 121 2009 in
135 1964 232 2011 sensu
246 1953 319 2027 tuo,
335 1968 393 2013 nec
411 1950 519 2015 eredas
537 1956 568 2014 te
591 1951 832 2033 prudentiorem
849 1969 909 2015 nec
932 1949 1097 2015 meliorem
1120 1948 1286 2024 omnibus,
1309 1966 1391 2030 quos
1409 1946 1491 2012 [teus
1505 1948 1545 2011 ad
1562 1952 1682 2012 statum

88 2053 184 2118 istum
202 2055 327 2138 (supple
351 2055 522 2139 Minorum)
538 2059 718 2136 vocaverit,
732 2062 775 2137 et,
792 2059 819 2121 si
838 2057 1000 2124 vocaverit
1017 2061 1065 2136 te,
1086 2074 1153 2121 non
1171 2073 1307 2120 recuses.
1330 2076 1345 2115 o
1367 2053 1517 2119 Minorila
1532 2074 1597 2120 non
1619 2055 1682 2120 mit

90 2179 166 2243 ergo
181 2162 219 2242 is,
236 2163 291 2226 cni
308 2182 405 2228 suuni
418 2164 645 2230 Beneventum
659 2165 784 2249 scripsit
795 2164 1004 2248 Opuseulum.
1023 2164 1073 2228 Ad
1090 2164 1228 2228 alterum
1241 2163 1328 2246 quod
1341 2166 1474 2245 spectat,
1490 2161 1622 2245 epistola
1637 2165 1686 2227 est

90 2270 222 2352 prolixa,
239 2288 341 2353 quarn
362 2271 489 2336 cuidam
503 2271 675 2337 Parisiensi
692 2272 863 2355 Magistro,
877 2276 914 2337 ut
934 2273 1194 2355 interpretamur,
1217 2270 1420 2353 complicavit
1440 2291 1447 2334 :
1471 2270 1507 2334 in
1526 2289 1592 2353 qua
1609 2288 1685 2335 cunr

91 2377 340 2458 scommatum
361 2379 482 2443 urbane
496 2380 627 2462 corripit
644 2380 751 2457 illum,
771 2381 830 2464 qui
851 2379 1011 2445 Minorum
1030 2377 1196 2443 incedendi
1215 2378 1347 2442 modum
1370 2377 1531 2442 damnarit
1547 2378 1683 2461 publice.

92 2482 217 2548 Parisiis
229 2491 303 2549 tum
317 2485 445 2550 videtur
457 2489 665 2567 concinnate,
681 2506 757 2552 cum
771 2506 898 2553 summo
912 2489 1097 2552 animorum
1109 2489 1192 2551 aestu
1210 2484 1439 2551 Parisiensium
1457 2484 1685 2569 Magistrorum

94 2610 164 2656 cum
178 2591 431 2658 ldendicantibus
445 2595 525 2659 rirae
539 2595 719 2660 ebullirent.

131 2698 180 2783 Sej
187 2700 311 2765 unatim
333 2701 417 2766 edite
436 2720 503 2767 non
522 2707 616 2782 sunt;
640 2703 696 2768 sed
716 2722 791 2768 curu
808 2703 947 2769 laudetis
963 2702 1199 2785 opusculorum
1216 2701 1410 2767 editionibus
1424 2702 1594 2785 conjunctu
1614 2717 1688 2767 oer-

96 2812 225 2871 nuutur.

134 3048 212 3117 illl.
226 3054 518 3123 determinationes
531 3057 745 3139 praemoneam
755 3057 844 3123 circa
854 3054 1008 3140 maman
1022 3055 1055 3121 S.
1065 3056 1243 3123 Francicai.
1258 3053 1323 3119 lnc.
1337 3055 1415 3120 dam
1426 3055 1512 3123 inter
1521 3053 1617 3133 alios,
1627 3055 1687 3118 otc.

137 3244 312 3309 Atestibus
325 3246 503 3313 deserimur
525 3249 674 3332 quidem;
690 3253 723 3313 at
740 3268 807 3314 non
819 3268 840 3314 a
853 3247 927 3313 satis
950 3248 1046 3311 firma
1058 3246 1336 3312 demonstratione.
1358 3244 1446 3310 Adeo
1466 3262 1542 3309 cum
1554 3242 1691 3308 laudatis

101 3350 262 3433 opusculis
276 3370 462 3420 connexum
485 3356 547 3419 hoc
565 3362 613 3421 est
630 3355 841 3439 Opuseulum,
856 3360 893 3420 ut
906 3356 947 3419 ab
960 3355 1022 3418 illis
1043 3354 1227 3419 distinctum
1248 3354 1306 3418 vix
1323 3371 1509 3435 cognoscas.
1529 3350 1622 3415 Pellit
1635 3349 1689 3414 hie

102 3459 299 3541 potissimum
313 3462 433 3542 omnia,
450 3481 525 3545 quae
537 3463 599 3527 sibi
615 3482 738 3547 suoque
752 3463 862 3530 Ordini
873 3462 1106 3546 objiciebantur
1118 3479 1138 3525 a
1150 3459 1395 3541 Parisiensibns,
1409 3478 1448 3525 ac
1463 3458 1692 3541 Magistrorum

102 3567 161 3632 telo
177 3568 329 3634 retundit.

140 3674 248 3741 Exstat
264 3676 301 3740 iu
320 3675 482 3742 Minorum
501 3678 637 3762 Speculo
655 3681 677 3743 ¹.

142 3915 190 3981 lli.
205 3917 353 4001 Epistola
366 3917 410 3984 ad
423 3918 506 3985 Min.
519 3918 740 3988 Provinciatas
753 3925 784 3988 et
799 3919 964 3989 custodes.
983 3919 1050 3984 Ine.
1068 3920 1155 3987 Licet
1168 3916 1442 3999 imattiaicntiam
1452 3932 1568 3997 meam,
1582 3919 1644 3982 etc.

145 4105 269 4172 Parisiis
291 4108 408 4193 scripta
431 4109 493 4174 tuit
516 4128 571 4175 an.
597 4113 687 4191 1257,
714 4114 734 4174 9
760 4110 819 4175 cal.
848 4111 925 4175 maii
951 4110 985 4174 in
1007 4110 1087 4175 testo
1110 4109 1143 4173 S.
1171 4105 1299 4189 Georgii
1325 4105 1417 4171 Mart.
1450 4105 1697 4172 Monumentum

109 4212 165 4278 hoc
183 4219 275 4281 extra
294 4234 390 4282 omne
410 4217 545 4283 dubium
567 4215 668 4299 ponit'
687 4217 859 4301 antiquitas
883 4217 1129 4301 exemplarium.
1152 4215 1201 4280 Ad
1224 4213 1297 4279 Mes.
1321 4214 1418 4278 fldem
1441 4214 1579 4280 correxit
1600 4212 1698 4280 Wad-

111 4319 222 4405 dingus
235 4324 257 4388 ⁸.

273 4563 311 4631 Χ.
324 4566 470 4649 Epistola
483 4566 712 4651 adunandam
731 4568 824 4637 Pron.
844 4568 1046 4636 Minietmm.
1064 4567 1130 4632 lnc.
1153 4566 1309 4641 Quoniam
1322 4563 1368 4632 ad
1381 4564 1449 4643 toa,
1464 4568 1524 4630 ete.

151 4752 289 4839 Itemque
303 4756 430 4838 Parisiis
442 4758 559 4842 scripta
578 4759 639 4824 luit
663 4778 748 4825 enno
769 4757 951 4824 MCCLXVI.
975 4756 1110 4823 Fallitur
1123 4755 1299 4821 Galesinins
1311 4760 1334 4832 ⁸,
1350 4771 1426 4819 cum
1439 4751 1589 4835 scriptum
1608 4753 1701 4835 putat

39 4913 40 4916 η
116 4864 181 4940 post
196 4863 317 4929 obitum
331 4863 501 4930 Clementis
521 4864 562 4931 IV
579 4889 587 4931 ι
603 4885 661 4950 per
677 4866 710 4931 id
723 4867 811 4932 enim
822 4872 951 4950 tempus
969 4882 1159 4948 supremum
1177 4861 1325 4927 Ecclesiae
1347 4861 1477 4926 clavum
1489 4860 1619 4924 tenebat
1630 4857 1701 4924 Gle-

118 4982 211 5034 mens.
226 4969 304 5037 Vide
314 4970 532 5057 Waddingum
545 4973 585 5039 de
595 4973 738 5058 Epistola
748 4976 809 5040 hac
826 4975 1044 5040 disserentem.
1057 4971 1167 5038 Exstat
1180 4970 1216 5034 in
1228 4968 1362 5052 Speculo
1375 4968 1540 5035 Minornm
1552 4967 1576 5031 ⁸.

41 5167 44 5252 }
149 5168 1083 5238 unmancine,apuuneum,aaapt.m102.‚p.ter,eot1.

147 5244 242 5298 *unt
254 5250 303 5314 ΙΙΙ,
317 5249 361 5300 tol.
372 5251 426 5314 125,
441 5249 501 5300 edit.
516 5249 670 5314 Rothomag.
686 5252 757 5315 leot,
770 5262 796 5316 p.
808 5253 861 5302 159.
873 5276 900 5286 -
910 5249 1003 5300 ⁸'loru
1016 5248 1038 5298 ll
1052 5244 1158 5310 Annon,
1172 5244 1277 5295 adeun
1291 5245 1362 5308 tter,
1376 5256 1405 5294 n.
1417 5254 1452 5308 rx,
1468 5256 1496 5308 p.
1506 5244 1562 5295 tte.

149 5320 194 5373 ⁸ln
207 5324 262 5377 Vita
275 5325 303 5378 S.
314 5327 458 5389 donarent,
473 5340 497 5377 e.
508 5337 545 5391 tv,
558 5341 587 5377 n.
597 5328 640 5391 to,
655 5326 724 5391 epod
737 5326 890 5391 salterium,
903 5329 966 5377 tom
982 5324 1015 5374 lll
1030 5322 1097 5375 tulii.
1108 5348 1139 5360 -
1151 5321 1200 5371 ⁸P.
1211 5322 1266 5371 2¹2.

313 5649 433 5698 rom.
