4100 6300
395 482 454 544 346

653 642 913 715 cottctttsto.

396 813 430 868 io
448 808 552 865 dicimo
565 808 602 862 est
613 801 740 876 ponendo
755 801 893 873 potentie
907 797 1060 855 domitatis
1071 812 1166 853 cocum

498 897 561 953 dum
572 908 711 950 nummum
721 890 895 964 possibilium
911 887 1076 959 aduocatio.

438 1041 530 1124 Resp.
553 1037 593 1102 ed
619 1037 756 1118 Argum.
783 1031 958 1098 Dicendum
986 1029 1092 1113 quod,
1117 1029 1166 1092 lo-

396 1147 522 1234 quondo
542 1145 581 1209 de
596 1143 736 1227 potentia
748 1139 921 1220 essentiali,
938 1156 1012 1222 quae
1035 1141 1083 1202 est
1098 1155 1165 1200 res-

394 1259 487 1342 pectu
500 1256 589 1318 actus
605 1250 780 1316 essentialis
797 1249 865 1312 sive
877 1245 1109 1331 productionis,
1125 1246 1165 1309 ad

396 1362 479 1429 nihil
497 1379 530 1425 se
548 1358 689 1424 extendit
702 1358 735 1420 in
756 1355 863 1431 Patre,
883 1355 921 1419 ad
944 1353 1031 1438 quod
1047 1354 1165 1437 pariter

392 1490 460 1535 non
476 1466 625 1533 extendat
637 1485 670 1529 se
681 1463 804 1529 inFilio
814 1485 821 1527 :
832 1466 865 1526 et
875 1462 956 1541 ideo,
968 1461 1165 1544 quiaaequa·

394 1577 468 1642 lites
481 1590 690 1659 personarum
711 1570 852 1635 consistit
871 1572 1029 1651 quantum
1046 1567 1086 1632 ad
1105 1585 1164 1650 po·

396 1685 530 1749 tentiam
543 1680 760 1759 essentialem,
772 1677 1008 1742 concedendum
1027 1679 1075 1739 est
1093 1675 1163 1740 sine

396 1790 557 1857 calumnia
568 1788 655 1872 quod
668 1786 760 1851 Pater
771 1788 803 1850 ct
814 1783 915 1849 Filius
923 1783 1089 1866 aequaliter
1100 1784 1164 1846 sint

394 1903 538 1982 potentes
556 1899 712 1980 quantum
733 1894 772 1959 ad
792 1891 1011 1957 extensionem
1028 1891 1161 1973 possibi-

390 2008 479 2072 lium.

432 2120 462 2179 t.
479 2113 527 2178 Ad
540 2112 619 2177 illud
632 2129 711 2193 ergo
726 2109 809 2195 quod
823 2108 971 2192 objicitur
983 2107 1018 2171 in
1031 2109 1160 2172 contra-

392 2223 493 2301 rium,
508 2220 594 2306 quod
606 2218 699 2284 latior
711 2222 759 2283 est
770 2216 910 2302 potentia
923 2234 997 2299 quae
1010 2219 1114 2298 potest
1125 2216 1161 2278 in

393 2329 501 2412 magis
518 2326 680 2407 distantia3
704 2325 875 2392 dicendum
897 2323 982 2406 quod
1001 2323 1087 2388 istud
1106 2342 1163 2388 ve-

393 2455 469 2503 rum
484 2438 532 2501 est
553 2435 592 2500 de
612 2434 753 2519 potentia
769 2432 880 2498 eodem
897 2430 993 2496 modo
1010 2431 1111 2510 dicta,
1131 2434 1164 2496 et

392 2547 551 2628 quantum
559 2540 596 2607 ad
605 2540 801 2605 consimilem
810 2539 944 2604 modum
951 2538 1160 2623 producendi:

396 2652 451 2718 sed
467 2650 594 2716 Patrem
614 2666 705 2732 posse
721 2647 896 2732 producere
912 2647 990 2729 quid
1002 2650 1161 2725 creatum,

397 2763 444 2824 est
459 2757 608 2842 potentiae
623 2756 797 2822 essentialis
812 2758 844 2820 et
860 2756 966 2838 operis
976 2754 1162 2834 creationis;

400 2865 527 2931 Patrem
549 2883 626 2929 vero
648 2881 738 2947 posse
758 2862 934 2946 producere
955 2862 1093 2943 Filium,
1117 2866 1166 2927 est

398 2973 551 3059 potentia:
560 2972 641 3038 utin
652 2989 797 3056 persono,
808 2974 839 3035 et
848 2971 1080 3053 generationis:
1094 2971 1164 3036 ideo

393 3082 448 3147 illa
461 3082 544 3147 ratio
556 3099 623 3146 uon
633 3079 719 3145 valet
730 3088 753 3144 ¹.

433 3195 464 3255 2.
480 3190 528 3255 Ad
545 3189 625 3254 illud
642 3188 728 3272 qnod
745 3186 895 3271 objicitur
913 3187 1000 3270 quod
1017 3192 1165 3253 creatura

394 3303 425 3364 ot
438 3298 538 3362 Filius
547 3302 624 3361 sunt
636 3296 747 3380 plura,
762 3295 934 3360 dicendum
949 3296 1036 3380 quod
1047 3314 1163 3360 verum

391 3412 439 3475 est
455 3407 541 3492 quod
559 3409 634 3471 sunt
652 3403 759 3486 plura,
774 3408 961 3471 tamennon
979 3405 1073 3488 plura
1086 3423 1163 3488 pro·

390 3508 509 3583 duc‘ta:
529 3514 678 3599 quamvis
692 3512 780 3578 enim
799 3512 900 3577 Filius
912 3513 952 3578 sit
964 3513 1052 3577 aliud
1064 3531 1163 3596 quam

389 3628 551 3701 creatura,
566 3626 675 3688 tamen
693 3640 761 3686 non
778 3626 826 3686 est
842 3621 930 3686 aliud
946 3621 1136 3705 productum
1152 3639 1160 3684 :

390 3730 493 3797 Filius
502 3730 590 3795 enim
601 3733 648 3794 est
659 3729 794 3794 essentia
805 3732 837 3793 et
847 3732 973 3806 natura,
988 3728 1043 3794 sed
1056 3734 1163 3794 tamen

389 3858 457 3904 nou
469 3837 606 3905 essentia
619 3837 671 3903 vel
684 3841 800 3902 natura
813 3837 976 3920 producta,
994 3838 1072 3920 quia
1085 3855 1162 3921 pro·

389 3946 506 4012 ducere
527 3945 648 4011 Filium
671 3962 738 4008 non
759 3946 807 4009 est
826 3942 1002 4026 producere
1021 3942 1160 4025 aliquid,

390 4054 447 4120 sed
460 4053 619 4136 aliquem:
632 4057 665 4116 et
676 4050 746 4116 ideo
758 4068 823 4115 non
835 4050 981 4133 sequitur
991 4049 1078 4133 quod
1091 4067 1164 4134 pro-

391 4160 507 4226 ducere
521 4157 639 4223 Filium
653 4161 685 4222 et
698 4162 876 4223 creaturam
887 4157 928 4223 sit
939 4175 1030 4241 posse
1043 4157 1164 4240 produ·

390 4286 462 4333 cere
475 4266 585 4351 ptura,
600 4284 698 4348 qnam
717 4283 807 4349 posse
825 4265 999 4350 producere
1012 4267 1159 4333 alterum.

430 4379 461 4440 3.
476 4375 526 4439 td
540 4373 619 4439 illud
638 4373 724 4457 quod
743 4373 891 4458 objicitur
910 4374 996 4457 quod
1016 4375 1164 4458 producit

392 4501 561 4571 personam
574 4483 643 4548 sine
655 4482 746 4563 Filio,
759 4482 929 4547 dicendum
940 4483 1025 4565 quod
1038 4502 1102 4548 non
1116 4489 1164 4550 est

393 4592 511 4671 simile,
528 4590 621 4674 quia,
636 4609 709 4654 cum
728 4589 903 4675 producere
925 4595 1104 4655 creaturam
1123 4592 1164 4655 sit

388 4700 565 4786 producere
584 4699 772 4779 essentiam,
792 4702 860 4763 tam
879 4697 1046 4783 productio
1064 4716 1162 4782 quam

391 4808 535 4892 potentia
552 4811 600 4872 est
614 4806 807 4872 essentialis:
823 4811 855 4871 et
871 4806 948 4890 quia
966 4806 1104 4872 essentie
1116 4812 1164 4872 est

276 4946 281 4954 ·
390 4914 560 4980 individua
571 4914 605 4978 in
620 4912 712 4978 Patre
725 4918 758 4980 et
774 4915 870 4993 Filio,
889 4915 961 4980 ideo
973 4916 1006 4980 et
1023 4915 1164 4997 potentia

393 5028 426 5089 et
437 5022 538 5088 actio:
553 5021 687 5106 proinde
697 5026 729 5088 et
737 5023 793 5087 illa
801 5022 966 5107 productio
977 5044 984 5086 :
996 5022 1073 5105 quia
1085 5040 1163 5087 vero

423 5186 500 5237 ¹liae
513 5183 614 5236 ratione
627 5221 636 5249 ,
650 5184 734 5250 inquit
748 5186 775 5237 S.
790 5184 913 5247 Thomas,
934 5187 999 5249 part.
1013 5184 1162 5249 l,q.xn11,

392 5263 440 5312 art.
454 5260 469 5310 θ
476 5293 485 5323 ,
499 5257 533 5308 ud
547 5259 579 5320 3,
593 5257 663 5322 quod
677 5255 864 5322 omnipotentia
881 5255 1043 5321 simpliciter,
1058 5260 1097 5307 est
1107 5270 1163 5307 res-

392 5335 470 5399 pactu
485 5329 621 5394 cujuslibet
632 5328 761 5392 obsolute:
774 5341 898 5394 generare
910 5341 984 5391 uero,
994 5341 1054 5378 cum
1065 5329 1098 5379 sit
1107 5342 1162 5379 res·

390 5404 538 5472 pectinum,
551 5416 607 5453 uon
620 5402 746 5453 clauditur
763 5402 811 5453 sub
825 5401 1020 5466 omnipotentie.
1040 5402 1164 5453 Concedit

389 5483 479 5532 tumen
494 5475 520 5527 in
529 5478 619 5543 qrroest.
630 5474 661 5526 cle
669 5475 793 5536 Potentia,
803 5487 830 5541 q.
840 5484 870 5539 tt,
881 5477 928 5526 ert.
940 5476 964 5541 t,
974 5474 1043 5541 quod
1053 5474 1163 5541 pertinet

959 457 1272 529 SENTENTIARUM
1293 456 1367 523 tin.
1392 457 1418 522 Ι.

1220 595 1395 679 producere
1409 590 1528 656 Filium
1548 592 1596 654 est
1615 588 1798 672 producere
1817 606 1948 671 parm,

1217 701 1291 766 ideo
1304 699 1468 785 productio
1479 699 1533 763 illa
1546 702 1578 764 et
1591 696 1737 781 potentia
1749 695 1825 759 dicit
1836 696 1949 780 quidpn·

1220 810 1345 875 souale:
1361 813 1393 875 et
1403 807 1556 892 quoniam
1572 804 1666 869 Pater
1678 808 1713 868 et
1726 802 1830 867 Filius
1843 822 1949 869 nonen

1220 917 1354 985 veniunt
1366 917 1400 980 in
1414 932 1563 999 persona,
1577 913 1633 977 sed
1646 911 1808 988 essentia,
1823 916 1950 993 paldolt

1259 1027 1290 1085 t.
1306 1021 1355 1085 Ad
1372 1021 1450 1085 illud
1471 1019 1557 1102 quod
1576 1018 1731 1102 objicitur
1750 1015 1951 1100 quodlilind

1219 1128 1357 1214 Spiritus
1368 1132 1495 1191 sanctus
1508 1129 1583 1191 sunt
1595 1126 1718 1209 plures,
1734 1128 1813 1202 etc,
1825 1123 1950 1187 dimine
2017 1129 2018 1136 ’

1218 1237 1306 1321 quod
1319 1254 1433 1302 verum
1444 1234 1587 1318 estquod
1600 1238 1703 1317 potest
1713 1233 1813 1297 etiam
1826 1232 1857 1295 in
1866 1231 1950 1315 plue:

1218 1343 1273 1408 sed
1286 1347 1444 1427 quantum
1458 1337 1572 1406 adhoc
1586 1358 1653 1404 non
1666 1340 1846 1403 attenditur
1857 1340 1951 1422 aqui

1217 1455 1278 1530 tas,
1294 1450 1345 1515 vel
1359 1448 1569 1533 inaequatitas,
1585 1452 1622 1512 ut
1638 1448 1749 1512 visum
1763 1450 1822 1510 est

1475 1713 1657 1793 QUAESTIO
1677 1712 1734 1778 111.

1216 1872 1264 1929 An
1275 1875 1305 1928 io
1315 1872 1418 1929 divinis
1425 1870 1570 1942 equalitas
1580 1867 1807 1941 qrtoodpoterrtioe
1815 1867 1955 1922 istm

1494 1960 1620 2033 ponenda
1631 1961 1669 2015 sit
1680 1961 1704 2014 ¹.

1257 2121 1373 2186 Utrum
1392 2121 1427 2184 in
1446 2120 1564 2185 divinis
1586 2119 1628 2183 sit
1648 2118 1818 2201 aequalitas
1829 2119 2018 2199 qmrrurutn'

1217 2232 1257 2296 ad
1268 2229 1481 2295 intensionem
1490 2228 1656 2311 potentie:
1671 2229 1703 2290 et
1716 2224 1803 2309 quod
1815 2225 1955 2304 denseo

1217 2339 1306 2403 ditur
1314 2336 1376 2401 hoc
1388 2335 1482 2401 modo
1494 2357 1501 2400 :
1517 2333 1606 2399 Nihil
1619 2338 1667 2399 est
1679 2332 1840 2416 potentius
1854 2330 1957 2395 surm·

1218 2449 1303 2510 tute:
1319 2435 1958 2520 sedChristusestlleivirtuszergoPrtcr

1217 2571 1283 2619 non
1303 2557 1351 2618 est
1367 2550 1525 2634 potentior
1543 2549 1644 2614 Filio:
1666 2548 1823 2625 similiter,
1842 2546 1906 2631 μή
1919 2562 1956 2607 re

1217 2658 1320 2737 tione,
1336 2674 1396 2720 nec
1408 2653 1507 2719 Filius
1521 2653 1642 2737 Spiritu
1656 2651 1783 2717 Sancto.

1266 2765 1345 2829 ltem
1368 2761 1553 2827 substantiae
1576 2778 1671 2843 aeque
1690 2759 1807 2823 nobilis
1828 2758 1868 2840 (a)
1888 2772 1957 2837 aaut

1218 2872 1334 2938 nobilis
1346 2875 1378 2935 et
1389 2869 1546 2934 excellens
1556 2873 1603 2934 est
1616 2867 1758 2952 potentia
1771 2866 1828 2949 tbi:
1842 2865 1895 2930 sed
1904 2862 1958 2927 sl-

1218 2980 1333 3046 stantia
1344 2997 1437 3061 aeque
1453 2976 1569 3043 nobilis
1585 2981 1632 3041 est
1650 2977 1685 3040 in
1704 2975 1800 3054 Fitio,
1819 2979 1856 3039 ut
1874 2969 1957 3036 ne

1217 3094 1290 3154 tre:
1314 3105 1393 3170 ergo
1416 3089 1448 3151 et
1471 3086 1611 3170 potentia
1628 3103 1722 3169 aeque
1741 3081 1855 3147 nobilis
1872 3098 1880 3142 :
1898 3096 1956 3161 ergo

1218 3197 1298 3261 nihil
1312 3195 1470 3280 potentius
1481 3197 1584 3278 potest
1596 3192 1688 3258 Peter
1701 3209 1801 3275 quern
1813 3189 1912 3254 titus

1257 3301 1338 3366 Item
1358 3320 1396 3366 ea
1414 3301 1569 3385 potentia,
1582 3319 1658 3383 ,qua
1679 3300 1754 3382 quis
1773 3300 1869 3382 potest
1881 3311 1956 3376 supa

1218 3410 1380 3474 inlinitum
1398 3413 1429 3473 et
1442 3426 1604 3472 summam
1622 3406 1820 3485 distantiam,
1837 3402 1910 3469 nihi
1923 3406 1955 3465 ed

1218 3517 1378 3601 potentius
1392 3535 1401 3580 ι
1416 3515 1469 3580 sed
1489 3514 1630 3599 potentia
1651 3513 1747 3579 Verbi
1769 3516 1865 3596 potest
1879 3527 1953 3592 supet

1218 3625 1376 3691 inlinitum
1393 3628 1426 3689 et
1445 3641 1607 3688 summam
1625 3621 1823 3695 distantiam,
1839 3637 1903 3703 que
1918 3620 1952 3680 a

1218 3735 1302 3798 inter
1315 3737 1411 3797 ensal
1420 3748 1486 3795 non
1497 3748 1565 3811 ens,
1576 3730 1654 3813 quia
1664 3729 1674 3765 ³
1684 3745 1745 3812 per
1755 3730 1856 3812 ipsura
1865 3724 1951 3793 mit

1220 3843 1309 3923 totta
1321 3844 1420 3909 root,-
1434 3857 1524 3920 ergo,
1539 3844 1599 3902 etc.

1258 3948 1338 4012 item
1351 3966 1388 4011 ea
1408 3945 1563 4030 potentie,
1575 3944 1628 4009 cui
1645 3943 1694 4007 nil
1711 3947 1812 4027 potes
1821 3939 1947 4011 rusiae,

1218 4074 1278 4122 nee
1294 4054 1413 4139 aliquid
1434 4056 1535 4137 potest
1554 4070 1627 4115 eam
1644 4051 1817 4129 retardare,
1831 4047 1897 4112 nint
1913 4052 1948 4109 ed

1218 4164 1401 4248 potentius:
1424 4162 1478 4227 sed
1496 4158 1670 4243 potentiam
1691 4156 1762 4222 Filii
1781 4156 1853 4222 nihil
1869 4156 1945 4238 puhel

1218 4271 1392 4350 retardare,
1418 4288 1477 4334 nec
1501 4264 1622 4350 aliquid
1644 4265 1792 4349 potestat
1814 4262 1943 4335 reantur,

1218 4380 1294 4464 quie
1303 4378 1408 4443 subito
1417 4377 1490 4442 tecit
1497 4380 1529 4439 et
1536 4374 1650 4453 tibere:
1662 4376 1758 4457 patet,
1768 4368 1943 4456 qina‘dtsat,

1219 4493 1249 4554 ct
1262 4488 1459 4568 factasunt:
1473 4500 1564 4565 ergo,
1578 4484 1638 4545 etc.

1258 4593 1390 4660 Contra:
1403 4592 1603 4657 t.Potentior
1616 4595 1665 4656 est
1675 4589 1808 4674 potentia
1818 4586 1845 4650 in
1857 4580 1940 4665 eoqu'
1960 4632 2003 4667 υ,

1217 4702 1321 4767 solum
1335 4704 1555 4784 potestagere,
1568 4718 1667 4784 quam
1680 4699 1714 4762 in
1726 4692 1939 4780 acquiescat&

1217 4807 1283 4893 peti
1298 4829 1307 4873 :
1322 4808 1422 4872 sedin
1439 4806 1530 4871 Patre
1542 4812 1590 4871 est
1605 4806 1710 4872 solum
1724 4821 1826 4888 agere,
1840 4795 1936 4864 inim

1218 4935 1314 4999 agere
1327 4920 1359 4980 et
1370 4915 1456 4999 pati:
1472 4932 1562 4997 ergo,
1576 4918 1637 4979 etc.

1218 5079 1250 5130 ad
1260 5078 1472 5143 omnipotentiam
1484 5077 1625 5129 Putris-¹
1633 5077 1674 5141 Cf.
1685 5076 1765 5141 AEgid.
1772 5076 1844 5132 non,
1854 5068 1863 5118 Ι
1872 5066 1931 5119 3¹*

1218 5152 1415 5216 dist.rx,q.1r;
1430 5139 1928 5214 memrd.,18enc,atst.xr,q.o;tta

1218 5228 1290 5290 Arg,
1306 5224 1314 5273 Ι
1329 5224 1408 5283 Seot„
1422 5222 1533 5288 dist-xx,
1547 5236 1573 5288 q.
1585 5234 1604 5285 1,
1617 5225 1667 5271 art.
1680 5225 1707 5283 13
1722 5209 1926 5275 Gentium&

1218 5297 1331 5360 dietum
1340 5295 1454 5362 q.unie.,
1463 5294 1524 5345 dub.
1534 5293 1696 5353 3.-⁸Joon.‚
1709 5305 1727 5356 1,
1735 5279 1926 5341 t-*Pennct

1250 5403 1284 5468 ta)
1300 5404 1361 5455 coe.
1375 5402 1436 5455 enti.
1456 5401 1546 5455 nonin.
1560 5429 1592 5439 -
1606 5400 1639 5467 (o)
1657 5400 1723 5451 rati.
1746 5398 1795 5447 rea.
1814 5394 1855 5446 tm
1872 5383 1925 5436 stt

1217 5474 1348 5544 potentie.
