4100 6300
443 487 544 553 lllST.
565 485 658 552 xvll.
681 483 797 550 PART.
820 482 844 550 l.
864 483 955 550 ΛΒΤ.
977 485 1002 549 Ι.
1025 483 1174 564 QUAEST.
1195 484 1221 552 l.
1567 493 1627 555 283

48 629 116 716 quld
128 624 327 711 pouiinipso
340 624 380 688 de
392 640 490 700 novo,
505 626 536 687 et
548 622 610 687 boo
620 639 687 687 nou
699 623 802 704 potest
856 621 952 685 modo
965 620 1144 705 hypostasis
1155 621 1283 701 coloris3
1295 622 1341 687 ita
1352 621 1489 707 Spiritus
1499 627 1628 691 sanotsrs

48 755 107 804 esso
118 738 221 800 aetus:
236 749 315 813 ergo
327 730 457 796 babitus
470 732 492 795 ¹.
771 726 773 730 ’
855 733 958 812 potest
969 729 1163 793 considerari
1175 730 1210 794 in
1223 749 1267 808 se,
1282 733 1314 794 et
1329 731 1374 795 sie
1392 737 1440 796 est
1456 750 1548 798 amor
1561 732 1624 798 Pa-

82 844 173 920 llem,
185 839 267 905 Deus
280 839 342 903 alio
356 839 451 904 modo
465 842 652 922 cooperatur
671 835 706 899 in
724 854 802 919 ope·
855 838 913 900 tris
930 842 961 901 et
980 836 1068 916 Tilii3
1081 840 1184 920 potest
1195 856 1327 904 rursum
1338 840 1528 905 considerari
1544 842 1627 906 utin

47 943 802 1029 rationemeritoriaquamnaturali,quiasinon
855 944 1000 1009 humana
1017 944 1125 1009 anima
1143 944 1341 1026 inhabitam,
1365 951 1397 1011 et
1422 948 1466 1011 sie
1490 948 1627 1031 Spiritus

46 1058 101 1122 alio
112 1054 218 1133 modo,
232 1055 309 1118 tune
322 1052 405 1117 redit
422 1070 512 1118 error
525 1050 647 1134 Pelagii
660 1051 748 1134 quod
761 1069 803 1115 ex
856 1055 986 1118 sanetus
1004 1052 1123 1117 dieitur
1139 1054 1261 1134 gratia3
1283 1058 1385 1137 potest
1404 1055 1501 1119 etiam
1521 1058 1628 1120 consi-

46 1161 231 1231 naturalibus
253 1165 360 1244 posset
380 1162 479 1226 homo
497 1161 615 1226 mereri
641 1182 649 1225 ε
673 1160 700 1223 si
722 1177 802 1241 ergo
857 1159 960 1224 derari
971 1163 1009 1223 ut
1021 1160 1131 1225 unitus
1143 1161 1315 1235 voluntati,
1325 1166 1356 1226 et
1368 1163 1413 1227 sie
1422 1167 1470 1226 est
1479 1163 1626 1240 ebaritas,

45 1270 207 1349 ullomodo,
218 1287 294 1334 eum
303 1287 360 1352 per
368 1268 523 1333 virtutem
532 1267 802 1333 increatamomni
857 1285 991 1349 qrmnos
1004 1267 1173 1349 diligimus
1186 1267 1298 1334 Deum.
1315 1268 1404 1334 Unde
1420 1270 1529 1335 disum
1543 1272 1629 1354 quod
1643 1269 1739 1387 affl
1851 1274 1857 1293 ⁶

45 1386 158 1446 ustura
170 1382 366 1462 cooperetur,
380 1396 506 1443 necesse
518 1377 660 1461 estquod
676 1378 711 1440 in
723 1394 803 1459 ope-
858 1374 995 1457 Spiritus
1007 1379 1137 1440 sanetus
1149 1379 1197 1441 est
1209 1381 1318 1441 nostra
1330 1377 1477 1454 ebaritas,
1491 1395 1560 1442 non
1571 1397 1629 1462 per
1643 1405 1699 1436 rum.

44 1487 155 1554 radone
165 1490 269 1551 ereata
279 1484 443 1550 meritoria
450 1488 636 1570 cooperetur
644 1484 803 1550 mediante
857 1482 1163 1567 appropriationem,
1178 1484 1234 1549 sed
1252 1503 1308 1567 per
1326 1485 1492 1549 unionem.
1508 1485 1628 1564 Quem·

44 1596 101 1661 alia
118 1594 235 1658 vnuse
255 1616 263 1659 ι
286 1594 341 1658 sed
363 1593 435 1658 beo
448 1611 515 1658 non
536 1596 638 1676 potest
659 1611 727 1657 esse
741 1591 803 1656 nisi
857 1591 1032 1656 admodum
1056 1591 1144 1656 euim
1165 1592 1252 1656 solus
1273 1591 1376 1656 Filius
1394 1596 1442 1657 est
1458 1594 1556 1658 homo
1577 1594 1630 1659 vel

45 1705 342 1783 amtatergo,ete.
857 1699 1054 1779 incarnatus,
1070 1702 1103 1763 et
1117 1702 1223 1764 tamen
1234 1703 1300 1764 tota
1310 1697 1449 1764 Trinitas
1462 1704 1509 1765 est
1524 1701 1629 1765 inrar-

79 1811 152 1875 Item
176 1809 306 1874 videtur
330 1807 416 1892 qnod
444 1807 598 1890 Magister
624 1807 801 1885 erraverit,
858 1807 1020 1871 nationem
1042 1809 1189 1889 operata,
1217 1806 1272 1872 sed
1293 1809 1402 1871 tamen
1422 1808 1509 1872 solus
1531 1808 1652 1873 Filius·

44 1917 111 2000 quia
124 1916 180 2000 qui
197 1915 311 1981 dividit
328 1934 425 1999 opera
437 1914 599 1980 Trinitatis
611 1963 619 1991 ,
633 1914 804 1980 haereticus
857 1913 982 1993 unitus3
997 1914 1043 1979 sie
1054 1914 1203 1997 quamvis
1212 1918 1279 1980 tota
1289 1914 1426 1980 Trinitas
1436 1916 1528 1980 Metal
1538 1917 1630 1982 unio·

42 2029 104 2089 est:
119 2023 171 2088 sed
190 2022 342 2105 Magister
357 2022 465 2106 posuit
480 2021 566 2105 quod
589 2022 804 2105 charitasque
858 2041 934 2088 nem
959 2020 1095 2106 Spiritus
1116 2023 1216 2087 saneti
1239 2041 1314 2088 eum
1335 2023 1519 2101 voluntate,
1543 2026 1631 2090 solus

41 2149 93 2196 nos
111 2129 274 2212 diligimus
293 2130 417 2207 Deum,
447 2130 487 2194 sit
510 2129 648 2214 Spiritus
675 2133 805 2194 sanetus
857 2133 966 2195 umen
981 2119 1119 2214 Spiritus
1131 2136 1259 2196 sanetus
1279 2132 1392 2197 unitur
1405 2132 1582 2213 voluntati,
1598 2139 1630 2198 et

41 2238 155 2321 proprie
172 2259 179 2302 ε
196 2256 277 2320 ergo
290 2238 381 2322 ponit
392 2239 478 2322 quod
491 2242 638 2303 nostrum
655 2237 802 2320 diligere,
857 2237 929 2303 ideo
942 2238 1029 2303 solus
1039 2243 1087 2304 est
1099 2240 1246 2305 alteritas.
1265 2239 1355 2304 Ratio
1372 2244 1481 2304 autem
1496 2259 1629 2305 movens

40 2344 118 2427 quod
129 2350 174 2410 est
187 2345 322 2410 effeetus
334 2346 368 2409 in
381 2348 546 2420 ereatura,
561 2345 602 2409 sit
619 2344 718 2410 solius
732 2344 803 2428 Spi-
857 2346 898 2410 ad
911 2348 1095 2429 ponendum
1107 2348 1179 2428 hoe,
1195 2353 1242 2413 est
1254 2349 1425 2413 auotoritas
1438 2348 1602 2430 Apostoll¹
1619 2371 1626 2412 :

40 2452 112 2516 ritus
123 2452 234 2528 saneti,
249 2457 281 2516 et
292 2453 336 2516 ita
349 2452 463 2517 dividit
474 2471 572 2536 opera
585 2450 756 2517 Trinitatis.
860 2454 923 2528 Oui
931 2453 1071 2522 amaret
1080 2457 1154 2535 Deo,
1164 2472 1251 2522 unus
1263 2457 1402 2540 spiritus
1413 2461 1470 2521 est.
1482 2454 1521 2520 Et
1531 2455 1627 2519 etiam

74 2558 148 2622 ltern
161 2559 219 2642 qui
239 2560 316 2624 dicit
334 2559 411 2642 quid
433 2566 576 2623 creatum
593 2577 661 2624 esse
680 2560 804 2624 ineres-
857 2566 965 2626 movet
983 2581 1038 2627 eos
1059 2551 1260 2629 similitudo:
1283 2564 1393 2628 dicunt
1414 2563 1502 2627 enirn
1522 2563 1626 2647 quod,

38 2668 112 2743 turn,
123 2671 206 2730 errat
217 2689 225 2730 ε
237 2665 438 2732 sedeharitas
447 2685 512 2749 qua
525 2663 693 2748 diligimus
701 2665 803 2732 Deum
856 2669 945 2734 sieut-
951 2669 1055 2735 Filius
1068 2672 1207 2754 prooedit
1219 2691 1277 2755 per
1295 2671 1427 2737 modurn
1439 2675 1581 2751 naturae,
1596 2675 1629 2735 et

38 2776 66 2836 et
82 2773 284 2855 proximum,
303 2778 342 2839 ut
361 2772 576 2838 communiter
592 2778 737 2851 tenetur,
757 2778 804 2838 est
856 2776 901 2841 ita
914 2781 1040 2843 naturae
1054 2779 1180 2856 unitur3
1201 2779 1248 2843 sir
1266 2777 1402 2861 Spiritus
1421 2783 1551 2843 sanetus
1573 2797 1631 2862 per

38 2880 108 2962 quid
121 2887 266 2948 creatum
283 2900 292 2946 τ
307 2882 363 2946 sed
376 2880 527 2963 Magister
540 2882 623 2946 dixit
634 2883 718 2947 haue
735 2900 803 2946 esse
857 2886 991 2950 modurn
1004 2886 1194 2965 voluntatis,
1209 2891 1241 2950 et
1258 2886 1329 2950 ideo
1344 2886 1502 2950 voluntati
1518 2885 1629 2950 unibi-

37 2983 184 3068 Spirilum
199 2993 350 3056 sanetum
366 3007 467 3071 :ergo
480 2990 612 3055 erravit.
856 2993 906 3073 lis,
918 2998 950 3057 et
963 2993 1086 3057 unitus.
1101 2992 1140 3058 lll
1152 2994 1231 3077 quia·
1239 2993 1388 3058 voluntas
1403 2994 1556 3059 vertibilis
1568 3000 1627 3073 est,

755 3135 758 3146 =
856 3119 923 3167 non
932 3101 977 3167 sie
990 3105 1124 3181 natura;
1139 3102 1211 3167 ideo
1225 3100 1361 3186 Spiritus
1373 3107 1502 3166 sanetus
1515 3102 1627 3167 unitur

301 3225 527 3295 gppgfflspp
856 3210 1090 3293 separabiliter,
1108 3210 1161 3275 sed
1184 3209 1283 3275 Filius
1300 3209 1578 3292 inseparabiliter:
1596 3213 1630 3275 et

36 3379 92 3435 ntss
103 3381 171 3437 Dm,
184 3384 223 3438 Μ
237 3383 359 3439 ,Mn-,m
372 3382 505 3455 efferam,
520 3384 547 3439 α
560 3380 804 3455 mmmm
855 3318 927 3383 ideo
938 3318 1037 3400 longe
1049 3317 1192 3382 interiori
1209 3317 1321 3393 modo,
1342 3335 1443 3399 quam
1463 3316 1580 3397 Filius,
1596 3324 1630 3384 et

68 3475 242 3542 ammte
273 3474 371 3545 ΜΝ
384 3471 504 3544 spirim
523 3475 631 3528 mmm
665 3470 802 3528 mmm
856 3426 974 3508 quibus
992 3425 1385 3508 sieunitur‚seipsotaeit
1401 3425 1545 3507 diligere.
1566 3424 1626 3491 Sed
1667 3449 1750 3521 rapso-

67 3563 139 3629 ωηο,
149 3565 188 3617 ,p
200 3511 323 3618 effla,
337 3562 529 3634 mppria„
539 3577 593 3633 quo
608 3512 694 3617 biam
707 3559 804 3631 otras·
856 3535 926 3600 hae
947 3534 1062 3617 positio
1080 3551 1147 3597 non
1166 3537 1268 3616 potest
1281 3536 1381 3608 stare,
1402 3533 1478 3616 quia
1492 3532 1628 3616 Spiritus
1640 3513 1751 3647 {2ssss

65 3664 137 3714 mar,
154 3654 181 3707 rt
201 3650 328 3723 offertio,
348 3652 391 3708 oet
414 3652 499 3708 motio
516 3653 638 3707 motata
658 3666 676 3705 a
695 3651 804 3722 spirite
856 3647 984 3727 sanetus
997 3640 1282 3707 nonestunibilis:
1298 3644 1331 3705 et
1344 3646 1498 3723 praeterea
1510 3641 1537 3704 si
1547 3647 1628 3706 esset
1643 3644 1669 3680 ‘¹‘
1672 3651 1734 3681 ¹¹¹¹¹¹

66 3743 155 3796 macto
182 3740 294 3797 meaa
318 3741 453 3809 olentem
479 3739 617 3813 twmdtt
642 3744 682 3797 ttl
713 3744 804 3798 tamti
856 3751 997 3830 unibilis,
1011 3752 1376 3832 autpernaturam,aut
1392 3750 1625 3831 pergratiam:

65 3827 171 3932 moiseo
186 3835 293 3886 “m
306 3832 430 3933 animam
441 3832 607 3898 ‘mmm’
624 3845 683 3901 Μ
697 3830 805 3886 diram
855 3876 922 3924 non
942 3877 999 3942 per
1011 3862 1162 3922 naturum
1178 3879 1186 3921 ε
1201 3875 1281 3938 ergo
1293 3874 1350 3939 per
1363 3857 1499 3938 gratiam
1521 3876 1530 3920 r
1550 3874 1629 3938 ergo

66 3917 362 3988 “mmmm
855 3966 961 4030 adhue
977 3969 1101 4050 oportet
1121 3983 1190 4030 esse
1213 3965 1360 4028 habitum
1386 3965 1500 4045 gratiae
1523 3964 1630 4048 dispo-

70 4069 160 4156 ltesp.
175 4074 215 4138 ad
225 4075 307 4156 Arg.
318 4073 367 4139 Ad
380 4074 607 4159 praedictorum
621 4074 803 4157 intelligen-
855 4078 985 4139 nentem
998 4073 1141 4138 animam
1154 4073 1193 4137 ad
1208 4072 1441 4155 suseeptionem
1454 4072 1525 4137 talis
1537 4073 1629 4137 unio·

36 4177 107 4244 tiam
123 4185 171 4245 est
189 4183 391 4262 notandum,
411 4182 498 4266 quod
520 4183 602 4248 eirea
620 4183 683 4247 hoo
701 4186 749 4246 est
772 4187 804 4248 et
856 4182 925 4259 nis,
940 4185 972 4246 et
990 4182 1035 4246 ita
1051 4182 1133 4246 redit
1145 4180 1352 4245 annuariam.
1369 4178 1442 4245 Ideo
1455 4198 1520 4244 non
1533 4179 1629 4245 oredo
1643 4217 1701 4261 vm
1716 4229 1751 4260 „.

36 4286 92 4351 fult
102 4289 141 4352 ab
157 4291 293 4373 antiquo
310 4290 429 4373 duplex
441 4290 561 4373 opinio.
582 4289 801 4366 Quorumdam
856 4290 942 4374 quod
963 4289 1114 4373 Magister
1133 4290 1194 4354 hoc
1215 4288 1309 4353 modo
1329 4286 1425 4351 tuerit
1441 4286 1541 4369 hujus
1558 4286 1629 4368 opi·
1644 4279 1751 4389 ΙἪ.

36 4393 127 4474 enim,
141 4400 179 4461 ut
191 4396 336 4478 Magistri
350 4401 382 4461 et
394 4397 580 4479 sequacium
597 4414 743 4476 suorum,
756 4399 804 4460 est
855 4398 972 4463 aionis.
987 4396 1027 4462 Et
1040 4400 1168 4481 propter
1176 4397 1238 4461 hoe
1246 4395 1337 4459 aliter
1348 4395 1530 4469 dicendum,
1542 4394 1629 4477 quod
1668 4356 1694 4399 ’Β

36 4501 137 4582 opinio
150 4504 238 4586 quod
251 4503 387 4585 Spiritus
398 4506 527 4567 sanetus
538 4506 585 4567 est
598 4503 804 4569 essentialiter
856 4506 942 4571 istud
964 4525 1030 4589 quo
1056 4506 1222 4588 diligimus
1241 4503 1364 4582 Deum,
1392 4501 1559 4585 tripliciter
1583 4504 1631 4565 est

36 4607 166 4674 ebaritm
180 4628 248 4692 qua
261 4608 354 4674 Pater
366 4613 398 4674 et
412 4608 512 4674 Filius
527 4610 668 4692 diligunt
680 4629 757 4692 nos,
772 4616 804 4677 et
856 4614 1000 4697 accipere
1015 4634 1022 4678 :
1037 4616 1094 4678 aut
1105 4629 1170 4695 quo
1182 4610 1348 4693 diligimus
1362 4609 1520 4688 effective,
1538 4609 1629 4674 etsie

36 4716 125 4781 etiam
138 4736 203 4800 qna
223 4734 284 4782 nos
302 4716 467 4800 diligimus
482 4717 594 4783 lleum.
618 4718 657 4783 Et
671 4719 803 4802 quidam
857 4722 1004 4801 ebaritas,
1016 4721 1085 4786 sive
1095 4737 1197 4797 amor,
1209 4724 1255 4783 est
1263 4717 1437 4795 Trinitatis,
1450 4714 1628 4799 etSpiritus

36 4823 204 4890 voluerunt
213 4825 318 4891 dicere
330 4826 418 4909 quod
427 4826 603 4891 intellectus
612 4826 711 4909 huius
723 4829 805 4910 posi·
857 4830 958 4895 saneti
972 4828 1187 4913 appropriate;
1202 4831 1258 4891 aut
1270 4844 1334 4910 quo
1346 4825 1514 4907 diligimus
1522 4842 1629 4889 exem·

36 4929 127 4995 tionis
138 4935 244 5016 potest
255 4932 467 4998 demonstrari
481 4952 537 5017 per
550 4933 801 5000 similitudinem.
856 4937 1007 5022 plariter,
1036 4936 1134 5000 etsie
1161 4935 1298 5018 Spiritus
1322 4936 1451 4997 sanetus
1477 4935 1525 4996 est
1548 4931 1629 4996 unio

36 5036 145 5103 lllount
157 5041 248 5105 enlm
260 5041 346 5124 quod
360 5041 444 5107 sieut
455 5042 513 5106 lux
524 5042 690 5124 tripliciter
701 5048 805 5126 potest
857 5045 959 5111 Patris
977 5048 1008 5109 et
1018 5044 1111 5121 Filii,
1126 5047 1159 5107 et
1177 5061 1282 5108 nexus
1298 5041 1487 5119 amborum,
1508 5042 1540 5104 et
1553 5040 1630 5104 uni-

36 5147 236 5226 sonsiderari,
248 5149 368 5214 scilieet
377 5150 411 5214 in
424 5168 469 5231 se,
485 5152 517 5214 et
531 5150 565 5213 in
578 5153 802 5234 transparenti‚
856 5158 905 5219 tas
917 5174 924 5217 :
935 5152 975 5217 ad
985 5153 1078 5234 eujus
1087 5150 1296 5214 imitationem
1305 5149 1442 5212 ebaritas
1451 5166 1510 5212 nos
1519 5148 1627 5222 nectit,

36 5254 320 5322 etinextremilate
333 5257 494 5340 perspicui
508 5257 684 5337 terminati,
699 5259 805 5341 primo
858 5260 1033 5326 seeundum
1059 5257 1146 5341 quod
1167 5257 1242 5322 dicit
1264 5256 1418 5320 Dominus
1435 5256 1447 5292 ⁸
1471 5273 1480 5319 ι
1507 5255 1545 5320 Ut
1559 5256 1630 5322 sint

36 5363 125 5428 modo
140 5368 190 5429 est
203 5364 282 5444 lux,
300 5365 440 5429 seeundo
459 5365 554 5430 modo
566 5365 693 5446 lumen,
711 5368 805 5433 tertio
857 5417 993 5483 perenm
1005 5417 1066 5469 dist.
1087 5416 1144 5468 ibi:
1163 5415 1206 5468 Ad
1216 5396 1365 5466 mim
1381 5414 1458 5481 tour
1474 5415 1628 5483 mm

66 5488 158 5541 ¹Rme
176 5488 305 5542 ationem
317 5489 410 5555 eedpit
423 5491 494 5543 Soet.
511 5502 560 5555 pro
571 5490 732 5543 normano
745 5506 773 5558 q,
784 5506 804 5545 rr
858 5490 1409 5557 -21ror.,r1,rr.-⁸Jom.‚xvn,ss.
