4100 6300
676 461 777 530 olsr.
800 462 870 530 vll.
891 458 1041 540 QUAEST.
1064 459 1119 525 ΙΙΙ.
1625 467 1685 531 {35

89 595 315 665 lunanum
327 598 523 667 miraturum
538 600 729 683 gignentem
735 619 744 677 ;
760 597 866 663 diesn-
918 594 979 660 lux
1002 612 1071 660 non
1091 592 1228 677 perleote
1248 610 1284 657 se
1303 591 1492 675 multiplicet
1515 592 1551 658 in
1579 596 1684 678 pulmo

90 703 278 789 umqum
286 708 424 774 verhum
436 708 517 774 illud
525 712 574 774 est
584 705 800 791 improprium
811 723 820 768 ε
832 707 864 770 et
917 701 1108 786 splendore:
1124 700 1196 765 ideo
1210 700 1246 765 in
1255 699 1402 784 pluribus
1414 700 1505 781 lecit,
1520 702 1607 785 quod
1618 721 1685 769 non

90 829 136 877 ex
161 814 277 879 verbis
291 815 475 900 impropriis
492 833 560 881 non
576 818 625 881 est
638 811 860 896 urguendum,
917 812 1020 893 potest
1033 809 1070 873 in
1082 826 1160 874 uno.

90 920 381 1004 aedmegrseorum
389 923 611 1007 improprietas
618 919 817 1004 exponendo,
824 923 863 984 ut
956 921 988 982 6.
1003 915 1157 982 Similiter
1179 917 1212 980 et
1226 915 1262 979 in
1278 915 1345 979 lilio
1365 914 1483 980 rumuli
1499 916 1682 999 intelligen-

88 1025 247 1109 Magister
254 1031 402 1115 superins
409 1031 566 1115 exposuit.
574 1028 630 1094 list
636 1027 723 1093 enim
729 1044 859 1092 sensus:
915 1025 995 1091 dum
1010 1045 1018 1089 ε
1034 1024 1120 1089 unde
1133 1041 1219 1089 unus
1229 1027 1318 1107 peter
1331 1024 1466 1105 generet
1478 1022 1587 1106 plures
1598 1026 1683 1091 filios

90 1134 453 1206 surrentinorum
465 1135 862 1223 ptpnrotemfidestnatn-
916 1131 1068 1197 wnales.
1091 1129 1168 1195 Haeo
1183 1135 1293 1195 tumen
1308 1130 1390 1194 ratio
1410 1147 1477 1194 non
1496 1134 1544 1195 est
1561 1132 1682 1214 princi-

87 1242 276 1309 rumPetris
287 1245 461 1328 gignentis
914 1238 1006 1322 pelis,
1022 1238 1078 1303 sed
1090 1237 1230 1321 illuquae
1250 1238 1333 1303 dioto
1352 1241 1399 1302 est
1417 1256 1515 1321 supro
1532 1259 1540 1302 ε
1558 1240 1634 1322 quie
1647 1240 1684 1305 in

130 1353 163 1416 2.
177 1347 228 1416 Ad
241 1351 321 1416 illud
344 1352 429 1436 quod
443 1351 604 1436 objicitur,
619 1349 707 1434 quod
719 1365 786 1414 non
798 1366 861 1431 po-
914 1345 1181 1411 hisinlerioribns
1199 1362 1265 1409 non
1281 1348 1328 1410 est
1348 1344 1535 1410 loeoundites
1551 1365 1608 1430 per
1626 1366 1682 1413 re·

86 1456 170 1539 tuit3
190 1458 361 1525 direntium
379 1461 467 1544 quod
488 1458 640 1540 Magister
657 1457 740 1539 hene
759 1472 861 1538 expo-
914 1452 1034 1518 tionem
1047 1452 1235 1536 primitutis,
1250 1451 1306 1516 sed
1318 1469 1375 1535 per
1387 1452 1543 1518 rationem
1557 1455 1683 1537 perleu-

87 1566 169 1644 snit,
183 1565 216 1630 id
228 1570 287 1646 eet,
300 1585 369 1632 non
383 1568 446 1634 tuit
455 1586 497 1633 ex
509 1567 571 1631 hoo
583 1565 754 1647 impotens.
769 1560 860 1628 Unde
913 1560 1019 1626 tionis.
1045 1560 1083 1624 ln
1100 1560 1164 1625 Deo
1182 1562 1312 1639 eutem,
1327 1558 1405 1642 quie
1423 1563 1470 1624 est
1490 1562 1682 1643 perfectissi-

88 1671 271 1737 seeundum
279 1675 381 1737 artem
391 1671 657 1755 distinguendum
665 1668 859 1752 est,quundo
913 1686 1006 1732 mum
1018 1671 1051 1733 et
1064 1668 1219 1752 primum,
1243 1684 1311 1733 non
1327 1670 1454 1733 tuntum
1475 1671 1523 1733 est
1543 1687 1600 1752 per
1621 1688 1679 1736 ne-

88 1776 859 1863 mntuzroruenoupoutspenerarequiaeon
913 1778 1020 1840 turem
1044 1775 1264 1859 perfeetionis,
1287 1773 1363 1858 qrria
1378 1777 1455 1839 tune
1473 1774 1508 1838 in
1531 1777 1681 1843 omnihus

89 1889 198 1970 potest
209 1887 312 1953 teneri
333 1887 507 1972 privative,
525 1890 557 1951 et
574 1889 652 1951 tuno
665 1888 712 1950 est
729 1901 857 1962 sensus,
913 1884 1056 1965 personis
1071 1886 1166 1965 esset,
1181 1888 1213 1947 et
1226 1886 1327 1948 status
1338 1900 1480 1948 essenon
1493 1887 1611 1966 posset,
1624 1885 1680 1950 sed

88 2009 159 2061 seon
175 1997 305 2078 potuit,
320 1995 352 2060 id
368 1998 433 2073 eet,
455 1996 613 2079 impotens
633 1993 696 2059 luit
710 2010 719 2057 z
734 1996 766 2057 et
781 1996 859 2057 tune
911 2007 970 2073 per
988 1990 1144 2056 rationem
1157 1990 1335 2075 primitetis.
1351 1989 1430 2056 item
1451 1990 1590 2055 rationes
1609 1992 1679 2058 istae

87 2107 230 2184 negetur
249 2103 411 2187 potentio,
434 2105 466 2168 et
482 2102 673 2185 relinquitur
696 2099 855 2183 aptitudo,
911 2116 977 2162 non
999 2098 1175 2181 procedunt
1195 2098 1385 2182 persimile,
1406 2100 1473 2164 imo
1494 2098 1600 2182 magis
1622 2118 1680 2183 per

88 2209 175 2276 sient
200 2211 239 2276 de
260 2213 408 2276 munceio
426 2209 554 2290 dicitur,
573 2209 660 2292 quod
677 2224 744 2272 non
755 2208 859 2289 potest
910 2205 1072 2273 dissimile.

87 2316 287 2398 grudithoo
301 2318 397 2383 modo
415 2335 482 2382 non
500 2319 604 2401 potest
622 2315 685 2380 diei
703 2312 856 2392 delirio,
1168 2299 1344 2379 QUAESTIO
1364 2301 1418 2368 lll·

86 2423 170 2507 quio
188 2442 255 2490 non
270 2424 369 2490 hebet
384 2425 424 2490 ud
447 2425 510 2490 hoo
526 2423 750 2508 aptitudinem
772 2424 806 2492 et
821 2421 857 2486 in
928 2424 1061 2500 lupone
1073 2442 1215 2502 panemo,
1235 2432 1261 2486 et
1271 2444 1349 2503 posse
1360 2445 1464 2502 creare,
1479 2434 1537 2492 unt
1551 2438 1660 2495 omnem

87 2533 153 2601 hoc
171 2537 422 2621 sensnloqnitur
435 2536 649 2620 Augustinus.
663 2535 737 2600 llio
747 2534 854 2615 modo,
1241 2535 1317 2592 P⁰⁸⁸⁶
1327 2524 1347 2578 ¹·

88 2659 157 2711 non
167 2659 258 2727 posse
269 2648 395 2711 tenetur
407 2647 572 2729 negative3
588 2648 620 2710 et
635 2645 670 2708 in
682 2643 744 2709 hoe
760 2661 856 2708 sensu
950 2640 1065 2707 Utrum
1075 2659 1167 2726 posse
1176 2660 1341 2726 generare,
1354 2648 1387 2710 et
1396 2663 1515 2728 oreore,
1529 2648 1595 2714 siut
1606 2650 1678 2715 uni-
1705 2667 1741 2713 ss
1754 2680 1795 2726 ορ.

87 2751 327 2818 eoncedendum
356 2757 405 2818 est
429 2754 517 2837 quod
538 2752 638 2819 Filius
660 2769 727 2816 non
751 2749 857 2835 potuit
910 2767 987 2814 oum
998 2768 1106 2833 posse;
1125 2755 1157 2815 et
1169 2752 1255 2834 quod
1272 2769 1337 2817 non
1349 2752 1415 2817 sint
1425 2753 1571 2837 unicum,
1586 2742 1737 2823 vide-¹³⁰*

85 2876 259 2942 generare.
908 2860 963 2922 tur
981 2862 1012 2922 l.
1027 2876 1086 2942 per
1102 2858 1347 2941 Augustinum¹
1362 2879 1399 2924 :e
1414 2861 1487 2928 Alio
1506 2866 1553 2928 est
1570 2863 1674 2947 Peter,

127 2971 160 3031 3.
183 2968 232 3033 Ad
251 2967 332 3034 illud
351 2970 438 3052 quod
458 2969 632 3053 objicitur,
653 2970 740 3054 quod
762 2970 857 3036 Peter
908 2965 970 3031 alio
983 2968 1031 3032 est
1043 2965 1175 3031 Deusta
1192 2985 1272 3049 ergo
1285 2967 1348 3033 ulio
1361 2971 1409 3032 est
1422 2987 1598 3051 generum,
1613 2972 1676 3039 ulio

85 3075 303 3140 eommuniout
330 3075 413 3142 Filio
441 3077 618 3161 potentium
642 3077 852 3161 spirativsm3
908 3092 1042 3138 ereans:
1063 3073 1118 3139 sed
1142 3076 1283 3159 potentia
1308 3077 1486 3159 generandi
1503 3081 1551 3143 est
1576 3096 1676 3162 gene-

83 3186 175 3266 petet
185 3184 360 3267 responsio,
368 3184 456 3268 quie,
467 3202 544 3249 oum
555 3183 656 3251 Filius
668 3191 851 3268 generetur,
907 3193 1013 3263 rans³,
1024 3182 1165 3266 potentie
1175 3183 1301 3248 creandi
1312 3188 1498 3252 estoreens:
1511 3206 1600 3270 ergo,
1612 3193 1673 3255 eto.

82 3306 155 3355 non
166 3293 267 3373 potest
285 3291 403 3357 hebere
422 3291 615 3376 primitatem
636 3296 781 3376 respectu
794 3312 854 3377 ge-
947 3295 978 3356 2.
994 3290 1091 3371 item,
1113 3292 1263 3375 potentiae
1284 3292 1528 3376 distinguuntur
1544 3314 1602 3380 per
1621 3316 1674 3362 ee-

81 3397 283 3463 nerutionis:
300 3398 355 3463 sed
368 3416 444 3464 eum
456 3417 523 3463 non
539 3399 696 3483 spiretur,
714 3405 762 3466 est
784 3402 854 3466 ins-
907 3402 970 3480 tus,
983 3402 1016 3464 et
1026 3404 1116 3464 artus
1128 3418 1186 3482 per
1198 3400 1344 3483 objectu:
1361 3419 1449 3483 ergo,
1465 3402 1673 3485 sigeneretio

81 3502 238 3587 pirnbilis,
247 3508 279 3569 et
291 3505 363 3580 ideo
373 3505 478 3588 potuit
488 3505 607 3572 hebere
616 3508 811 3591 primitutem
821 3513 855 3575 et
905 3506 1096 3572 terminatur
1115 3508 1155 3572 ed
1168 3506 1287 3589 ileum,
1308 3512 1340 3573 et
1355 3510 1472 3575 ereetio
1487 3510 1527 3575 ad
1546 3515 1673 3577 ereetu-

81 3612 324 3678 lmonnditutem
348 3616 494 3697 respectu
514 3614 614 3696 iltius3
642 3619 674 3680 et
699 3616 746 3682 sio
768 3621 854 3701 petet
905 3632 987 3696 rom,
1000 3618 1033 3679 et
1043 3615 1113 3680 haeo
1123 3616 1338 3681 suntomnino
1350 3617 1597 3700 diversezergo,
1609 3623 1670 3685 ete.

81 3721 453 3805 quodnonveletratio.
945 3726 976 3787 3.
997 3721 1092 3801 item,
1109 3725 1259 3807 potentiae
1277 3725 1499 3808 pluritieentur
1514 3744 1571 3809 per
1593 3728 1670 3793 sub-

123 3831 156 3891 l.
170 3825 222 3891 sd
230 3824 310 3892 illud
321 3827 408 3911 quod
420 3827 580 3912 objicitur,
594 3829 679 3913 quod
693 3828 794 3896 Filius
804 3836 853 3898 est
901 3833 1003 3915 jecte,
1020 3831 1145 3914 quirin
1160 3831 1306 3915 pluribus
1317 3831 1467 3915 subjectis
1478 3833 1586 3916 plures
1596 3840 1673 3901 sunt

81 3932 324 4017 expressissime
336 3933 458 4017 imago,
474 3937 547 4015 ete,
561 3935 750 4018 dicendum,
764 3938 851 4021 quod
904 3939 1055 4022 potentiae
1071 3961 1079 4004 :
1092 3939 1148 4005 sed
1160 3940 1301 4022 potentin
1320 3940 1447 4005 creandi
1459 3944 1507 4005 est
1522 3940 1557 4005 in
1569 3940 1669 4026 Filio,

81 4041 184 4107 Filius
197 4043 625 4127 estexpressissimuimego,
638 4046 851 4130 qulurepree-
904 4047 972 4112 sive
984 4048 1262 4131 persecreeretin
1275 4051 1431 4113 eouutem
1443 4053 1567 4114 nonest
1580 4068 1671 4134 posse

80 4152 187 4215 senten
201 4149 237 4213 in
252 4150 400 4216 omnihus
413 4151 449 4215 in
466 4151 586 4235 quibus
597 4152 705 4235 imago
717 4159 792 4220 netu
804 4159 852 4221 est
903 4173 1080 4238 generare:
1096 4173 1175 4238 ergo
1187 4174 1253 4220 non
1266 4160 1456 4221 suntunum
1465 4172 1568 4239 posse.

80 4260 310 4341 representare
326 4280 333 4323 :
348 4258 404 4323 sed
416 4262 525 4323 temen
536 4258 645 4341 imago
659 4261 704 4324 sie
716 4265 791 4327 natu
804 4267 852 4327 est
943 4269 974 4328 l.
989 4263 1084 4343 Item,
1099 4282 1312 4347 questumque
1324 4264 1370 4328 sie
1384 4282 1418 4328 se
1432 4263 1569 4345 hubent,
1585 4267 1670 4349 quod

80 4368 332 4447 repreeseutere,
352 4368 510 4432 uttemen
522 4367 593 4450 ipse
604 4386 670 4433 non
684 4369 724 4433 sit
735 4368 852 4452 imegi·
903 4389 1008 4436 unum
1027 4374 1129 4453 potest
1145 4371 1281 4454 intelligi
1298 4373 1397 4437 altero
1411 4389 1475 4437 non
1493 4371 1668 4452 intellecto,

79 4476 213 4552 nutum3
229 4473 372 4557 alioquin
389 4492 456 4539 non
466 4481 547 4540 esset
559 4475 680 4558 imago.
691 4475 727 4542 St
740 4483 850 4543 numm
903 4482 936 4543 et
946 4496 1137 4558 econverso,
1147 4477 1278 4544 illenon
1289 4483 1364 4543 sunt
1377 4496 1481 4544 unum
1492 4499 1500 4543 ι
1511 4479 1565 4543 sed
1578 4498 1670 4563 posse

79 4579 184 4646 Filius
193 4566 476 4665 repraesenturetin
489 4587 563 4649 ectu
574 4584 748 4667 generandi
759 4633 768 4663 ,
779 4588 850 4668 jem
903 4602 1059 4668 generare
1078 4590 1180 4668 potest
1195 4586 1343 4668 intelligi,
1360 4587 1599 4670 circumscripte
1610 4607 1669 4672 po-

79 4692 163 4753 ssset
176 4687 269 4755 Peter
280 4711 289 4755 ι
300 4693 333 4754 et
343 4690 415 4756 ideo
421 4708 482 4755 nee
493 4690 702 4774 intelligibile,
713 4710 773 4757 nee
779 4711 851 4775 pos·
902 4694 1002 4758 tentia
1015 4694 1141 4758 creandi
1157 4715 1165 4757 ε
1180 4711 1271 4776 ergo,
1280 4698 1351 4759 ete.

80 4795 172 4861 sibile
184 4801 232 4862 est
248 4795 365 4862 Filium
380 4816 554 4882 generare,
569 4799 638 4866 sive
657 4801 692 4864 in
710 4817 849 4884 genere-
944 4800 1060 4891 Gontm
1075 4822 1082 4866 :
1100 4800 1201 4866 Unius
1216 4802 1353 4885 potentis
1369 4802 1502 4867 omnino
1518 4802 1670 4887 simplicis
1705 4819 1789 4865 runos

80 4903 310 4970 tionePntrem
323 4905 454 4970 imitari.
902 4909 1038 4974 unicum
1053 4912 1178 4973 tannim
1196 4914 1349 4992 estposse
1365 4931 1372 4973 ε
1389 4890 1762 4995 Ραωτθεῑροὶειιε“”““’

122 5015 154 5076 s.
169 5011 218 5077 Ad
228 5011 307 5077 illud
318 5014 403 5096 quod
413 5013 564 5097 objicitur
573 5014 612 5079 de
625 5014 697 5081 luoe
706 5016 849 5100 etsplen·
903 5014 1428 5099 omninosimplextergounioum
1437 5019 1670 5085 tentumhubet

81 5120 178 5201 ‹lore3
201 5119 371 5186 dioendum
385 5121 472 5205 quod
492 5124 619 5188 nonest
631 5122 751 5206 simile,
773 5126 850 5209 quie
902 5140 1019 5207 posse:
1039 5123 1095 5188 sed
1116 5122 1213 5187 hebet
1230 5141 1321 5207 posse
1340 5141 1511 5206 generare,
1531 5130 1562 5191 et
1577 5144 1670 5211 posse

903 5226 1011 5297 ere‘ure
1035 5248 1138 5312 :ergo
1157 5229 1211 5296 illu
1228 5230 1292 5296 duo
1316 5233 1393 5296 sunt
1413 5232 1549 5297 unicum
1564 5252 1666 5318 posse.

113 5317 179 5380 ¹cs.
194 5315 281 5383 AEgld.
295 5318 386 5380 Rom,
408 5317 418 5368 l
441 5317 522 5383 sus,
542 5318 601 5369 dist.
622 5328 675 5384 vn,
697 5333 722 5385 q.
743 5331 791 5386 11¹3
803 5320 851 5373 Iti·
1496 5362 1502 5371 ,

83 5388 309 5451 rherdue,lsent.,
323 5387 380 5439 dist.
389 5401 435 5453 v11,
450 5402 475 5454 q.
486 5401 528 5452 1v;
538 5389 627 5454 steph.
637 5390 759 5456 Brnlel.,l
770 5393 850 5456 sent,
904 5405 964 5459 q.v.
974 5417 1005 5430 -
1016 5392 1153 5459 ¹August,
1167 5392 1197 5443 de
1212 5393 1311 5454 Trinit,
1325 5393 1370 5443 lib.
1384 5395 1445 5459 Vll,
1459 5409 1482 5448 o.
1493 5408 1519 5448 vr
1526 5434 1535 5462 ‚
1551 5411 1578 5449 n.
1590 5400 1669 5455 lo...

83 5460 144 5515 divi.
157 5472 205 5526 vn,
220 5472 248 5526 q.
261 5470 309 5523 ¹¹13
323 5460 413 5513 Penus
426 5460 466 5512 de
474 5462 612 5527 Terent.,l
630 5461 709 5526 Seue,
721 5463 781 5519 dist
795 5476 848 5534 vn,
904 5464 1012 5533 ⁸Arist,
1027 5464 1058 5516 de
1068 5466 1171 5529 Ammo,
1185 5465 1229 5517 lib.
1243 5466 1270 5532 1,
1285 5469 1398 5523 context.
1408 5469 1447 5534 3³,
1497 5485 1500 5489 ·
1523 5484 1525 5487 ·
