4100 6300
670 537 675 544 .
769 476 987 548 utsrtrtcrlo
1008 477 1034 542 1.

401 651 404 660 '
428 637 554 721 oen'n.

99 777 105 866 J
186 803 280 868 ,Omne
290 765 372 876 igitur
381 798 484 866 signum
494 799 572 851 etium
585 813 627 854 res
641 798 725 865 ulique
735 802 781 851 est.

145 941 322 1026 opponitur
336 940 376 1005 de
384 940 444 1005 ieta
458 941 620 1006 divisione.
630 939 776 1005 :ridetur
788 936 875 1002 enirn

1253 671 1322 718 nun.
1344 637 1379 719 ε.

930 753 936 792 ³
1048 798 1098 848 Res
1122 796 1163 848 lire
1177 801 1251 862 eunt,
1265 798 1356 863 quibus
1369 796 1515 864 fruendum,
1531 802 1582 852 etc.
1661 789 1665 800 ’

971 933 1104 1000 Videtur
1118 897 1205 1020 quui
1222 937 1281 1002 iste
1298 938 1412 1004 divisio
1433 958 1543 1006 rerum
1558 941 1599 1024 eit
1613 941 1697 1005 utute

100 1046 356 1132 itegistermute'
373 1047 535 1125 dividere,
552 1047 793 1131 quiasuperius
811 1064 878 1114 nou
929 1043 1095 1124 assir-,rima
1108 1050 1254 1127 respectu
1262 1047 1368 1126 divisi,
1381 1048 1457 1130 quin
1469 1049 1608 1116 divisum
1619 1049 1701 1115 siru-

107 1157 262 1222 dividitnr
274 1160 385 1221 contra
400 1174 497 1220 suurn
511 1156 645 1220 inferius
660 1173 668 1218 :
684 1155 740 1220 sed
763 1172 815 1224 res
830 1157 878 1218 εει
928 1149 1046 1233 piretus
1058 1151 1339 1231 eetdivideutibus,
1350 1159 1382 1219 et
1392 1155 1605 1221 dividentibus
1619 1158 1701 1224 divi·

106 1265 256 1349 superius
268 1265 452 1346 adsignent
469 1286 476 1328 z
491 1265 581 1345 ergo,
597 1267 656 1328 etc.

147 1371 243 1455 Reep.
256 1371 432 1436 Dicendum
444 1371 530 1454 qnod
542 1371 658 1435 verum
665 1378 722 1450 est,
731 1370 816 1455 quod
825 1390 878 1436 su-

107 1481 217 1564 perire
228 1480 335 1548 iueun
346 1478 552 1560 generalitate
569 1482 736 1563 occeptum
749 1479 880 1544 nondi-

105 1588 231 1654 riditm
246 1591 357 1654 muira
377 1604 477 1652 enum
487 1585 650 1654 interius:
671 1587 726 1652 sed
739 1591 878 1656 contrue-

98 1697 177 1760 ·tnnr
189 1694 497 1778 benepotestdividi.
509 1693 684 1758 Hicuutem
695 1699 880 1760 reseontra-

105 1803 195 1868 hitur
206 1801 824 1885 adstendumprorenoueiguitieente.

400 1956 493 2039 ἐεε.
515 1992 562 2037 111.

194 2110 348 2161 Nonuuteur
362 2121 512 2160 econverso
526 2108 610 2160 omnis
619 2122 660 2162 res
675 2108 786 2174 rignum.

144 2231 282 2300 Videtm
308 2233 394 2298 mule
418 2234 546 2312 dicere,
574 2235 650 2318 quin
676 2236 809 2317 signum
833 2239 880 2301 εει

106 2341 289 2425 εεεειεὶεειι
299 2342 336 2406 in
349 2341 437 2408 uliud
445 2344 703 2424 cognoscendum
717 2366 723 2407 :
739 2345 794 2408 sed
806 2363 880 2410 om-

100 2450 156 2513 ·nis
178 2466 230 2513 res
253 2448 343 2515 duoit
365 2451 400 2514 in
419 2450 519 2530 uliud,
534 2451 612 2534 quie
629 2452 736 2516 omnio
759 2471 810 2517 res
832 2457 880 2518 εει

107 2575 210 2637 εεεεε,
239 2558 294 2622 vel
313 2558 444 2624 effeetus
464 2581 474 2624 t
496 2578 593 2624 eunen
612 2563 720 2626 entem
743 2560 879 2630 duoitin

106 2664 326 2747 cognitionem
339 2666 724 2756 etieetus,eteoonverso.
736 2667 877 2743 sidium,

106 2772 189 2855 quod
202 2792 272 2838 non
287 2792 383 2849 omne
394 2774 479 2856 quod
500 2775 588 2839 ducit
601 2779 648 2841 est
665 2776 810 2859 signum,
824 2779 879 2842 sed

103 2879 191 2960 ,mod
198 2880 289 2946 ducit
301 2881 336 2946 in
348 2881 450 2963 orins,
462 2885 541 2950 tuno
552 2883 659 2952 omnio
674 2888 819 2952 creatura
833 2890 880 2950 est

105 2986 253 3068 egnum,
267 3005 342 3053 eum
355 2988 442 3054 ducit
448 2989 486 3054 iu
495 2989 611 3058 Deum.

146 3092 239 3179 Reop.
253 3094 427 3163 uiuendum
437 3098 527 3181 quod
537 3099 659 3182 duplex
673 3103 721 3167 εει
731 3100 877 3183 signnm,

108 3201 172 3269 ecil.
184 3204 347 3285 naturate,
364 3211 396 3271 et
407 3205 602 3275 institutum.
626 3208 671 3272 De
692 3209 797 3292 primo
809 3229 878 3277 nou

103 3308 284 3381 ,intenditur
302 3312 370 3391 hic,
392 3313 447 3383 sed
464 3313 505 3380 de
522 3316 664 3398 ¹serundo
678 3336 688 3396 ;
702 3317 788 3383 unde
813 3334 879 3383 nou

106 3417 190 3485 nm
204 3419 343 3502 objeot‘o
356 3420 398 3485 ed
411 3422 623 3505 propositum,
638 3424 793 3506 quonian
817 3426 879 3515 hoo

108 3524 289 3609 intenditur¹
300 3527 341 3593 de
366 3528 462 3610 signo
488 3549 531 3595 ex
554 3531 772 3608 institutione,
797 3533 896 3625 sicut⁸

106 3638 182 3699 oum
197 3635 300 3718 signe
320 3638 459 3716 vomite,
477 3641 510 3701 et
529 3640 769 3705 sacramentalia
794 3642 880 3705 :tute

103 3757 185 3823 ergo
196 3741 331 3824 signum
344 3748 469 3811 nonest
481 3745 585 3809 omnis
597 3746 752 3823 ree‚lioet
774 3749 879 3815 omnis

103 3850 585 3936 ressireignumprimomodo.

420 4043 489 4088 DUB.
513 4041 558 4089 lV.
663 4036 665 4039 ⁵

105 4208 109 4215 ,
241 4155 355 4211 Primum
368 4159 499 4225 derebus,
512 4163 603 4224 postu
616 4160 648 4211 de
658 4160 746 4229 signis.

151 4279 266 4346 Contra
282 4282 437 4349 :viderur
454 4284 558 4355 dicore
576 4285 722 4355 debuisse
743 4287 880 4370 potiuse

114 4405 272 4469 converso,
287 4391 364 4474 qnia
375 4391 507 4473 signum
521 4392 649 4457 dueitiu
663 4394 879 4475 cognitionem

114 4496 160 4559 rei
177 4514 186 4561 t
206 4516 285 4580 ergo
307 4499 399 4582 prius
416 4505 503 4565 'essct
518 4501 681 4582 agendum
702 4502 754 4567 vel
768 4502 880 4567 dieen-

115 4600 238 4670 demde
249 4605 471 4691 siguinquum
481 4607 636 4673 derebus.

152 4709 245 4796 uaso.
267 4713 439 4785 utendum
456 4716 543 4799 quod
563 4717 659 4799 prior,
671 4721 718 4783 εει
739 4706 881 4801 cognitio

115 4816 211 4900 signi,
220 4838 321 4903 quem
335 4822 383 4891 rei
397 4827 545 4907 respectu
556 4827 653 4909 cnjus
665 4829 714 4891 εει
728 4826 878 4908 signum

38 5006 41 5010 A
116 4925 247 4993 sednon
267 4934 392 5012 ορεειει
408 4931 495 5014 quod
514 4932 620 4996 omnis
639 4933 698 4999 rei.
713 4932 802 4999 Unde
813 4933 881 5017 ipse

117 5032 493 5117 permoneremus
514 5058 654 5124 qnorum
684 5046 883 5109 sacramente

118 5158 182 5205 non
193 5146 270 5211 emt
282 5144 384 5227 signe.

930 1275 1006 1324 sum
1017 1258 1113 1324 dehet
1123 1278 1192 1325 esse
1205 1279 1396 1327 commuue:
1415 1262 1469 1327 sed
1484 1262 1547 1327 Deo
1559 1264 1642 1330 nihii
1652 1270 1702 1334 est

930 1365 1119 1449 simplicius,
1132 1386 1192 1432 neo
1204 1373 1252 1432 εει
1269 1369 1391 1452 aliquid
1407 1389 1582 1448 commune
1594 1371 1657 1440 Deo
1671 1377 1702 1438 et
1775 1437 1780 1448 ,

931 1477 1087 1540 creature
1104 1494 1216 1558 :erge
1227 1479 1287 1541 ete.

972 1580 1067 1666 Resp.
1088 1583 1261 1649 Dicendum
1283 1586 1371 1669 quod
1395 1592 1442 1654 εει
1467 1588 1581 1655 divisio
1606 1589 1705 1671 unius

932 1691 1114 1756 eommunis
1126 1693 1302 1760 secundum
1323 1713 1442 1760 nomeu
1456 1700 1602 1777 tuntum,
1619 1698 1706 1768 etsie

932 1801 981 1862 est
993 1798 1106 1864 divisio
1119 1800 1293 1883 aequivoci3
1308 1806 1340 1866 et
1352 1808 1400 1868 est
1412 1803 1475 1869 etia
1488 1804 1601 1869 divisio
1615 1825 1705 1872 oom-
1815 1853 1818 1858 ,

933 1906 1042 1971 munis
1054 1908 1231 1974 secuudum
1244 1927 1362 1975 nomen
1377 1914 1408 1976 et
1421 1929 1502 1991 reru,
1517 1917 1549 1980 et
1561 1914 1633 1978 herc
1652 1914 1704 1979 di-

932 2014 1013 2078 visio
1024 2014 1155 2080 univoci
1166 2021 1233 2096 εει;
1251 2021 1298 2084 est
1311 2019 1404 2084 tertia
1416 2019 1522 2084 medio
1548 2022 1657 2098 modo,
1672 2026 1705 2088 et

933 2121 993 2185 iste
1004 2128 1052 2186 est
1068 2123 1198 2205 unnlogi
1215 2147 1222 2188 :
1238 2124 1321 2189 sicut
1340 2125 1400 2189 ieta
1412 2131 1479 2205 est,
1500 2128 1557 2196 ubi
1570 2147 1636 2194 non
1656 2134 1705 2194 est

933 2230 1147 2294 communitus
1160 2236 1314 2296 ereeturae
1328 2237 1360 2297 et
1378 2233 1515 2299 Creatori
1528 2237 1702 2301 secuudum

933 2342 1058 2402 noturae
1081 2340 1370 2423 perticipationem,
1387 2339 1444 2406 'sed
1459 2344 1637 2409 seeundum
1662 2346 1706 2409 si-

933 2446 1149 2511 militudinem
1158 2450 1387 2531 proportionie3
1402 2454 1435 2514 et
1443 2450 1512 2518 haee
1520 2454 1704 2517 communi-

933 2543 1191 2620 monstrationis.

1252 2747 1321 2793 DUB.
1342 2747 1388 2794 VI.

973 2878 1054 2944 item
1079 2880 1207 2946 videtur
1232 2881 1317 2946 mate
1342 2883 1456 2948 divisio
1483 2888 1642 2969 quantum
1662 2888 1703 2954 ed
1797 2879 1800 2884 ’

933 2988 1100 3068 memhra;
1115 2989 1242 3053 videtur
1254 2990 1340 3054 euim
1351 2991 1436 3074 quod
1450 2994 1581 3058 tertium
1597 3013 1704 3060 mem-

933 3095 1031 3160 hrum
1052 3095 1093 3160 eit
1113 3097 1302 3180 superflum.
1318 3096 1412 3164 Omni
1427 3099 1515 3164 enim
1531 3119 1565 3166 re
1582 3107 1641 3167 εει
1660 3109 1707 3169 εει

934 3203 1101 3284 utendum,
1115 3210 1173 3269 aut
1190 3205 1387 3273 fruendum:
1407 3226 1486 3290 ergo
1503 3210 1636 3299 tertium
1647 3230 1704 3275 εε-

933 3311 1074 3393 perfluit.
1092 3310 1186 3392 Item,
1205 3313 1287 3377 siout
1302 3318 1350 3379 est
1365 3332 1416 3378 res
1434 3334 1509 3399 quae
1533 3316 1652 3383 fruitur
1672 3326 1705 3384 et

932 3419 1048 3500 utitur,
1060 3419 1105 3483 ite
1117 3424 1165 3485 eet
1177 3439 1228 3485 res
1241 3439 1306 3504 que
1315 3422 1491 3489 fruendum
1504 3429 1552 3489 εει
1562 3429 1595 3490 ει
1605 3430 1702 3491 uten-

934 3525 1024 3607 dum,
1049 3530 1085 3589 ut
1110 3531 1158 3592 est
1183 3526 1326 3594 Christus
1353 3551 1361 3594 ε
1391 3547 1471 3615 ergo
1492 3549 1556 3615 qun
1577 3533 1701 3601 ratione

933 3632 1024 3715 ponit
1033 3634 1165 3699 tertium
1172 3636 1368 3717 membrum,
1378 3636 1505 3702 deberet
1517 3639 1593 3724 poni
1604 3658 1703 3725 quur-

933 3746 1018 3807 tum.
1343 3826 1347 3833 ,
1635 3749 1637 3755 ’

974 3848 1067 3934 Resp.
1079 3850 1189 3917 Omuis
1198 3871 1250 3917 res
1260 3857 1509 3936 quaeestnaturn
1519 3854 1636 3941 alique,
1649 3861 1706 3922 εει

935 3961 982 4021 est
990 3959 1074 4039 finis,
1090 3963 1122 4023 et
1133 3959 1178 4023 sie
1191 3963 1238 4024 est
1248 3978 1299 4024 res
1311 3980 1375 4045 qun
1384 3963 1572 4043 fruendum
1586 3969 1643 4031 εει
1654 3965 1707 4031 de-

935 4066 1054 4130 ducens
1067 4066 1108 4130 ad
1121 4067 1323 4147 dnem,etsie
1334 4073 1382 4133 εει
1393 4089 1518 4154 resque
1529 4072 1704 4153 utendum3

936 4177 992 4237 εει
1004 4172 1045 4236 ad
1057 4174 1154 4237 tinem
1176 4175 1383 4256 perveniens,
1401 4181 1433 4242 et
1452 4178 1497 4243 sio
1510 4183 1556 4243 est
1568 4198 1618 4243 res
1631 4198 1705 4262 quae

935 4279 1054 4344 fruitur
1068 4282 1218 4359 etutitur,
1229 4288 1266 4346 ut
1277 4284 1394 4353 homo:
1407 4285 1707 4370 etsienceipiuntur

936 4386 1092 4453 membre.
1111 4387 1152 4453 Et
1164 4393 1211 4453 εει
1223 4390 1283 4454 iste
1297 4390 1410 4457 divisio
1424 4392 1499 4457 setis
1510 4395 1706 4459 conveniens

934 4494 1013 4561 huie
1038 4496 1196 4578 scientie,
1219 4498 1298 4581 quin
1318 4518 1394 4565 oum
1416 4499 1580 4585 theologie
1604 4504 1645 4567 sit
1667 4501 1708 4599 de

937 4601 1083 4668 Creatore
1102 4607 1134 4668 et
1147 4604 1185 4668 de
1198 4607 1366 4685 creaturis,
1381 4608 1459 4672 utile
1474 4613 1521 4673 est
1533 4612 1570 4673 ει
1587 4610 1708 4706 titedius

936 4729 1000 4795 gus
1011 4712 1124 4781 docent
1134 4712 1295 4795 quomodo
1309 4714 1408 4785 homo
1421 4734 1479 4801 per
1487 4716 1566 4782 nlius
1579 4736 1630 4785 res
1637 4723 1707 4784 ten·

936 4819 1038 4897 detiu
1051 4818 1163 4887 Deum.

1247 5011 1317 5059 mm.
1339 5010 1397 5060 vn.

1121 5130 1171 5181 Res
1182 5129 1260 5195 igitur
1273 5131 1363 5198 quibus
1376 5131 1521 5209 fruendum.
1566 5130 1568 5135 '
1590 5110 1599 5217 '¹

978 5253 1115 5323 Contra:
1131 5254 1212 5335 Quia
1224 5259 1288 5361 tres
1300 5260 1376 5339 suut
1386 5276 1437 5347 ree
1447 5232 1512 5343 ¹per
1525 5278 1576 5342 se,
1596 5265 1627 5341 et
1642 5216 1707 5335 nou

936 5379 994 5446 per
1005 5361 1149 5428 accidens
1165 5385 1173 5427 ε
1189 5367 1221 5428 ει
1238 5383 1258 5429 ε
1272 5364 1454 5431 diversitate
1466 5386 1577 5434 rerum
1591 5374 1638 5471 est
1657 5371 1708 5436 di-

849 5558 872 5566 ff
929 5469 1072 5567 'tersites
1085 5470 1546 5573 sivemultipttciteeimttionts
1559 5496 1567 5542 :
1577 5480 1708 5579 ergoet·
