4100 6300
354 474 401 520 xn
645 489 648 494 ·
958 453 1061 539 SlXsl'l
1082 454 1109 521 v
1129 454 1319 523 Lll'lllllAE.

355 592 408 662 die
421 591 503 662 lesto
516 616 537 661 a
550 590 665 684 primis
679 591 822 684 vesperis
836 612 940 682 usque
955 590 997 659 ad
1010 613 1161 660 occasum
1175 590 1253 661 solis
1265 591 1413 684 ejusdem
1426 592 1492 662 diei
1505 591 1620 662 devote
1634 592 1858 681 visitaverint,
1880 594 1944 686 pias

355 727 438 796 inibi
451 725 492 794 ad
506 725 613 794 Deum
627 747 753 818 preces,
770 732 868 816 prout
880 748 941 793 sua
951 725 1072 816 cuique
1086 735 1240 817 suggeret
1253 727 1396 814 devotio,
1413 727 1633 814 effundentes,
1648 728 1760 798 decem
1772 750 1896 816 annos,
1914 740 1944 799 et

357 861 490 931 totidem
504 860 730 953 quadragenas
750 860 790 929 de
810 859 967 952 injunctis
988 861 1035 930 eis
1046 914 1056 949 ,
1082 885 1141 932 seu
1160 862 1242 931 alias
1264 862 1511 958 quomodolibet
1529 864 1646 932 debitis
1667 864 1869 956 pernitentiis
1891 886 1944 956 per

356 1004 531 1088 presentes
554 995 679 1064 litteras
703 1003 860 1087 perpetuo
880 995 1074 1082 duraturas,
1099 1020 1182 1088 quas
1202 998 1264 1066 sub
1278 997 1452 1090 quibusvis
1474 997 1759 1088 indulgentiarum
1772 999 1945 1069 revocatio

260 1185 265 1195 .
355 1129 471 1216 nibus,
488 1130 540 1199 vel
553 1128 806 1201 limitatiouibus
819 1129 914 1198 nullo
929 1130 1025 1199 modo
1039 1130 1274 1223 comprehendi
1288 1130 1462 1219 volumus,
1487 1133 1736 1203 misericorditer
1758 1134 1794 1202 in
1808 1135 1945 1204 Domino

356 1266 553 1335 relaxamus.
569 1265 729 1348 Quocirca
742 1263 960 1351 fraternitati,
979 1272 1011 1333 ct
1025 1265 1211 1335 discretioni
1223 1274 1338 1336 vestra
1355 1268 1537 1360 apostolicae
1550 1269 1671 1360 scripta
1685 1268 1895 1355 mandamus,
1911 1277 1958 1337 ut

357 1409 531 1493 praesentes
542 1400 679 1487 litteras,
695 1409 727 1469 et
741 1401 778 1469 in
790 1402 836 1470 eis
849 1409 1002 1469 contenta
1014 1423 1233 1494 quacumque
1252 1402 1287 1470 in
1301 1403 1523 1495 suisquilibet
1538 1405 1729 1496 provinciis,
1746 1405 1942 1490 civitatibus,

357 1534 514 1622 ecclesiis,
530 1543 562 1603 et
574 1535 769 1605 dioeeesibus
782 1535 972 1605 solemniter
984 1534 1166 1627 publicari,
1188 1546 1219 1605 et
1233 1538 1275 1605 ab
1288 1537 1443 1606 omnibus
1456 1539 1604 1630 personis
1617 1538 1838 1607 ecelesiasticis
1851 1561 1944 1608 saeu-

357 1670 498 1756 laribus,
514 1678 546 1739 et
560 1670 754 1762 quorumvis
768 1670 923 1739 ordinum
934 1670 1144 1759 regularibus
1158 1672 1283 1764 ubique
1300 1674 1468 1759 locorum,
1485 1660 1517 1742 et
1539 1674 1689 1763 gentium
1703 1674 1860 1743 inviolate
1877 1697 1945 1766 per-

356 1814 456 1897 petuo
478 1805 645 1875 observari
669 1815 855 1898 procurent.
880 1805 1047 1875 Volumus
1068 1813 1201 1892 autem,
1227 1814 1264 1874 ut
1287 1807 1478 1877 earumdem
1502 1809 1712 1901 praesentium
1735 1809 1945 1901 transumptis

357 1942 456 2010 etiam
470 1941 636 2032 impressis
649 1963 751 2008 manu
769 1940 909 2032 alicujus
922 1941 1042 2009 notarii
1056 1939 1181 2032 publici
1200 1942 1410 2035 subscriptis,
1426 1953 1458 2011 et
1472 1944 1581 2034 sigillo
1594 1944 1734 2037 alicujus
1747 1966 1893 2037 persona)
1911 1944 1944 2013 in

357 2076 517 2166 dignitate
530 2075 743 2144 ecclesiastica
756 2075 938 2145 constitutas
952 2076 1108 2162 munitis,
1124 2075 1238 2144 eadem
1252 2099 1387 2167 prorsus
1400 2077 1482 2147 fides
1495 2078 1621 2171 ubique
1642 2078 1853 2167 adhibeatur,
1876 2101 1944 2172 qua

357 2210 437 2304 ipsis
451 2211 665 2304 presentibus
677 2210 900 2297 adhiberetur,
917 2211 945 2279 si
959 2218 1066 2280 essent
1078 2210 1248 2297 exhibitae,
1266 2212 1317 2282 vel
1332 2221 1479 2283 ostensae.
1495 2213 1589 2282 Nulli
1602 2236 1680 2305 ergo
1693 2215 1829 2284 omnino
1843 2213 1944 2283 bomi-

272 2343 278 2354 '
358 2371 441 2416 num
456 2346 551 2414 liceat
565 2345 650 2414 hanc
663 2347 818 2437 paginam
831 2354 1032 2431 nostrarum,
1048 2347 1303 2438 approbationis,
1319 2348 1554 2433 innovationis,
1571 2348 1789 2437 decretorum,
1805 2350 1943 2419 declara-

339 2480 475 2567 tionis,
505 2479 734 2567 voluntatum,
766 2480 938 2573 precepti,
970 2480 1206 2568 concessionis,
1235 2482 1459 2572 elargitionis,
1485 2483 1714 2571 relaxationis,
1747 2493 1780 2552 et
1804 2482 1944 2553 mandati

356 2619 557 2708 intringere,
572 2617 626 2686 vel
644 2617 675 2686 ei
688 2642 772 2687 ausu
788 2618 962 2687 temerario
975 2617 1147 2686 contraire.
1174 2618 1210 2687 Si
1224 2618 1300 2712 quis
1312 2626 1422 2687 autem
1437 2618 1498 2687 boc
1511 2625 1670 2687 attentare
1683 2620 1941 2714 presumpserit,

356 2752 618 2842 indignationem
635 2753 869 2845 omnipotentis
886 2752 967 2839 Dei,
989 2776 1026 2820 ac
1045 2754 1216 2822 beatorum
1240 2754 1474 2845 Apostolorum
1493 2753 1583 2822 Petri
1602 2761 1635 2820 et
1651 2753 1749 2822 Pauli
1770 2778 1803 2822 se
1821 2754 1944 2823 noverit

331 2940 332 2943 ,
356 2887 580 2958 incursurum.
613 2890 699 2958 Data
720 2888 833 2959 Romae
855 2888 943 2980 apud
964 2887 1139 2957 Basilicam
1162 2886 1224 2956 SS.
1247 2910 1295 2955 au
1320 2887 1572 2979 Apostolorum,
1603 2911 1690 2956 anno
1712 2888 1943 2958 Incamatiouis

357 3022 535 3094 Dominicae
549 3025 723 3093 millesimo
733 3024 998 3117 quingentesimo
1012 3022 1234 3113 octuagesimo
1246 3023 1398 3115 septimo,
1414 3022 1519 3114 pridie
1531 3022 1610 3091 Idus
1625 3023 1754 3111 martii,
1773 3022 1942 3093 Pontifica-

359 3166 413 3227 tus
425 3159 528 3229 nostri
541 3181 630 3229 anno
643 3159 752 3228 tertio.
