4100 6300
563 488 663 554 bisi.
685 488 775 556 m.
796 489 888 555 ART.
910 490 935 555 l.
958 490 1109 568 Qdmsr.
1131 491 1182 557 111.
1623 504 1684 566 1811

38 670 58 687 -.
90 623 164 688 Deus
182 637 247 685 non
268 624 315 684 est
334 621 481 704 effeetns3
499 628 531 688 et
548 625 692 689 similiter
706 626 742 687 in
762 644 851 689 crea-
907 626 1075 709 prietatem
1088 625 1326 707 accidentalem,
1340 632 1377 692 ut
1388 629 1565 697 similitudo
1579 634 1612 699 in
1624 635 1685 700 du·

90 736 165 807 tura,
180 728 258 810 quia
269 732 414 794 creatura
427 749 492 795 non
505 738 553 796 est
566 734 617 796 sni
636 750 733 797 eausa
750 750 851 814 :ergo
906 734 979 817 plici
988 733 1147 813 albedine;
1158 733 1330 816 aliquando
1341 737 1684 823 superdependentiam

90 854 208 901 necesse
222 839 268 899 est
280 836 366 919 qued
378 837 455 901 alter
471 839 511 903 sit
527 839 560 903 io
583 840 646 903 lieo
660 862 668 904 z
684 857 774 921 ergo,
790 846 849 903 ete.
907 842 1118 920 essentialem,
1136 841 1217 905 sient
1229 822 1391 924 respectos
1411 845 1461 909 vel
1483 846 1595 912 relatio
1614 869 1685 915 ma·

125 949 153 1007 t.
180 943 269 1024 Item,
285 964 359 1009 enm
372 946 443 1011 dico
461 966 469 1012 ε
493 948 605 1013 «bens
624 954 747 1029 creat»
769 948 853 1014 Deus
907 948 995 1013 teriae
1009 950 1050 1013 ad
1063 950 1220 1015 formem:
1240 967 1329 1029 nam,
1350 950 1433 1014 sicut
1449 952 1524 1017 dicit
1538 953 1684 1022 Philoso-

88 1052 245 1115 verissime
258 1057 306 1115 est
327 1071 422 1117 causa
440 1077 448 1118 ε
472 1060 504 1119 et
521 1057 639 1120 sivero
652 1056 732 1120 ratio
747 1074 852 1120 cansae
907 1056 1017 1138 phus³,
1030 1058 1189 1122 «materia
1201 1057 1262 1121 hee
1274 1057 1381 1140 ipsum
1395 1059 1546 1141 quodest,
1557 1064 1684 1131 adalle-

87 1159 171 1241 penit
201 1177 312 1223 veram
344 1161 542 1244 relationem,
577 1162 763 1246 hujusmodi
791 1183 851 1229 no·
907 1181 982 1228 rum
997 1168 1061 1243 est3
1077 1187 1092 1223 n
1109 1165 1280 1247 aliquando
1304 1184 1401 1248 super
1412 1167 1573 1258 originem
1588 1176 1684 1237 natu-

41 1344 44 1347 ,
87 1265 169 1328 mina
189 1265 272 1331 dieta
291 1267 330 1331 de
350 1266 414 1333 Deo
435 1275 559 1359 ponunt
589 1290 700 1337 veram
721 1272 852 1336 relatio·
906 1271 1018 1349 ralem,
1039 1272 1122 1335 sicut
1141 1271 1271 1336 effeetus
1294 1272 1334 1337 ad
1351 1290 1492 1355 eausam,
1517 1280 1549 1340 et
1568 1277 1625 1341 filii
1643 1279 1684 1343 ed

34 1454 40 1463 Ἰ
86 1391 167 1437 nem.
907 1383 1042 1461 patrem.
1059 1377 1165 1443 Prima
1178 1379 1289 1444 relatio
1298 1398 1365 1444 non
1374 1384 1476 1463 potest
1487 1401 1555 1447 esse
1564 1385 1598 1449 in
1607 1385 1681 1465 ileo,

34 1486 73 1527 ‘a
123 1480 246 1561 Contra
257 1500 314 1564 per
327 1482 513 1567 Dionysium
528 1505 537 1548 ε
553 1510 569 1547 e
584 1486 620 1549 ln
632 1486 809 1551 causalibus
821 1493 853 1551 et
908 1487 983 1567 quia
996 1487 1033 1551 in
1045 1486 1109 1551 Deo
1124 1487 1215 1551 nulla
1228 1490 1275 1551 est
1285 1489 1462 1571 proprietas
1470 1490 1681 1560 accidentalis.
1727 1557 1729 1561 .

34 1580 39 1587 ’
85 1588 204 1665 causis,
227 1607 293 1653 non
310 1591 481 1674 recipimus
503 1593 783 1676 reciprocationem
800 1616 807 1657 :
832 1617 847 1654 s
907 1592 1056 1658 Secunda
1069 1612 1135 1659 non
1149 1599 1251 1676 potest
1264 1614 1331 1659 esse
1344 1597 1377 1658 in
1391 1614 1441 1676 eo,
1455 1599 1532 1680 quio
1547 1599 1637 1665 nulla
1649 1602 1683 1666 in

85 1715 250 1778 0130011111
264 1698 347 1762 Deus
362 1701 510 1765 siteausa
525 1702 751 1785 perfectissima
763 1719 853 1766 crea·
907 1700 971 1765 Deo
990 1707 1039 1765 est
1055 1701 1274 1784 dependentia.
1289 1703 1395 1767 Tertia
1415 1708 1463 1768 est
1479 1705 1513 1768 in
1533 1705 1607 1783 Deo,
1628 1709 1685 1773 sed

83 1810 173 1882 torae,
188 1824 252 1870 non
267 1808 403 1871 retertur
415 1808 455 1872 ad
468 1810 658 1889 creaturam,
673 1812 853 1892 quamvise
907 1827 973 1872 non
993 1812 1137 1892 respectu
1159 1815 1330 1890 creaturae,
1354 1811 1409 1875 sed
1436 1819 1582 1894 respectu
1611 1834 1683 1898 per·

83 1930 235 1977 converso
248 1920 392 1978 ereatura
405 1917 560 1980 referatur
573 1918 612 1980 ad
626 1918 745 1999 ipsum.
908 1934 995 1979 sonae
1010 1938 1016 1978 :
1032 1916 1103 1980 haee
1116 1921 1203 1980 enim
1222 1936 1289 1981 non
1312 1917 1388 1982 dicit
1409 1920 1681 2001 compositionem,

122 2018 211 2097 ltem,
227 2019 437 2104 Philosophus
447 2025 457 2059 ¹
469 2023 544 2086 dicit
555 2024 641 2106 quod
655 2026 785 2088 seientia
798 2044 849 2089 se-
908 2041 966 2087 neo
984 2023 1205 2106 dependentiae
1218 2024 1470 2102 inclinationem,
1485 2025 1566 2090 sicut
1579 2027 1684 2109 prima

33 2136 43 2159 ’·
82 2128 222 2191 cundum
232 2148 298 2193 esse
310 2131 447 2195 retertur
455 2132 496 2196 ad
508 2133 626 2213 scibile,
640 2134 694 2198 sed
707 2153 854 2198 110110011-
907 2135 939 2193 et
952 2131 1108 2212 1001111110,
1132 2131 1187 2196 sed
1200 2132 1289 2215 ponit
1307 2132 1541 2196 distinctionem
1554 2137 1585 2196 et
1598 2134 1684 2198 ordi-

81 2239 218 2301 vertitnr
233 2257 241 2301 :
257 2257 336 2320 ergo
347 2240 373 2303 si
390 2241 494 2306 minor
507 2247 554 2305 ost
575 2241 783 2324 dependentia
798 2242 853 2307 Dei
907 2255 1003 2301 nem:
1018 2245 1049 2303 et
1063 2241 1216 2321 quoniam
1229 2258 1306 2304 vere
1321 2260 1388 2304 una
1400 2258 1537 2323 persona
1555 2241 1684 2305 ordina-

80 2346 119 2408 ad
139 2350 334 2426 ereaturam,
354 2366 452 2430 qnam
474 2349 591 2412 scibilis
611 2349 651 2414 ad
674 2350 850 2428 seientiam,
906 2349 961 2410 tur
974 2347 1013 2412 ad
1028 2347 1136 2425 aliam,
1159 2353 1191 2412 et
1211 2347 1432 2413 habitudinem
1445 2348 1551 2430 habet,
1572 2351 1684 2416 etalio

79 2471 159 2535 ergo
171 2455 262 2518 nulla
273 2456 309 2518 in
322 2474 360 2519 eo
369 2461 416 2519 est
427 2456 548 2520 relatio.
908 2454 1003 2519 modo
1011 2457 1189 2520 seeundum
1197 2474 1307 2521 remse
1315 2457 1410 2520 babet
1417 2455 1456 2521 ad
1466 2475 1577 2537 unam,
1586 2475 1685 2539 qoam

32 2600 33 2603 =
118 2556 575 2645 ltemraticnevid‘etur,i1uia
589 2565 774 2645 hujusmodi
798 2583 853 2629 no
907 2562 947 2627 ud
961 2562 1069 2643 aliam,
1095 2563 1166 2628 ideo
1193 2563 1265 2628 baee
1290 2564 1402 2628 relatio
1424 2569 1471 2627 est
1492 2564 1528 2628 in
1549 2584 1685 2647 persona

79 2670 169 2733 mina
187 2671 214 2733 si
236 2670 346 2735 dieunt
368 2671 555 2735 relationem
571 2672 654 2735 eirca
666 2671 777 2749 ileum,
798 2677 855 2736 aut
907 2675 1052 2753 respectu
1073 2688 1234 2753 personae,
1257 2689 1324 2734 non
1343 2674 1488 2753 respectu
1513 2682 1681 2737 creatmae.

77 2778 133 2842 illa
147 2783 195 2842 est
212 2797 292 2861 pore
310 2778 418 2843 divina
432 2781 579 2856 essentia,
594 2784 650 2843 aut
663 2780 783 2863 aliquid
797 2800 852 2844 su·
908 2774 988 2840 Nam
996 2777 1080 2842 Deus
1092 2778 1319 2843 adcreatnrnm
1329 2793 1395 2842 non
1406 2779 1682 2862 habetordinem*,
1700 2796 1703 2803 ·

76 2886 294 2968 peradditum.
310 2884 343 2950 Si
355 2906 435 2968 pure
446 2886 502 2951 Dei
510 2888 655 2966 essentia,
668 2906 747 2969 0130
759 2894 854 2953 aeter·
907 2905 967 2951 neo
987 2886 1083 2950 habet
1105 2886 1201 2950 aliam
1222 2890 1255 2950 et
1272 2886 1368 2949 aliam
1388 2886 1617 2951 habitudinem
1646 2887 1684 2952 Et

76 3012 163 3057 num
173 2994 252 3076 quid
269 3016 277 3058 ε
294 3012 373 3075 ergo
380 3000 541 3078 respectus
549 2995 737 3077 hujusmodi
747 2997 853 3059 nomi·
908 2994 979 3058 ideo
996 2993 1087 3057 nullo
1106 2994 1201 3058 modo
1221 2997 1269 3058 est
1288 2993 1415 3057 realiter
1433 2995 1468 3058 in
1487 2994 1551 3058 Deo
1574 2994 1683 3060 relatio

76 3120 163 3166 num
197 3107 244 3166 est
277 3107 416 3167 remmus
448 3125 456 3167 :
488 3120 567 3185 0130
600 3103 639 3167 de
672 3104 854 3169 necessitate
908 3105 1054 3183 respectu
1067 3104 1232 3165 creature.
1249 3099 1400 3166 creatura
1413 3102 1683 3167 autemadlteum

75 3212 233 3275 dicuntur
251 3212 291 3275 ab
314 3216 444 3276 aeterno.
470 3209 502 3274 Si
531 3215 641 3275 autem
664 3211 775 3275 dicunt
795 3212 855 3276 ali-
909 3208 1005 3272 habet
1029 3208 1175 3273 ordinem
1199 3214 1231 3271 et
1256 3207 1495 3288 habitudinem,
1525 3210 1684 3275 mediante

75 3320 159 3401 quid
173 3319 425 3402 superadditum,
446 3338 524 3400 0130
545 3319 580 3382 in
601 3318 664 3383 lieo
683 3325 730 3382 est
749 3318 856 3402 aliqua
909 3316 1100 3399 proprietate
1113 3316 1351 3395 accidentali‚et
1363 3315 1683 3399 dependentiaessen-

73 3428 279 3510 compositio.
656 3419 658 3426 ’
900 3425 987 3504 11111,
1003 3429 1034 3489 et
1047 3425 1172 3506 origine
1181 3423 1422 3488 naturalizideo
1431 3425 1607 3488 seeundum
1617 3443 1684 3489 om·

118 3535 202 3599 Item
222 3534 327 3598 omnis
347 3534 458 3598 relatio
480 3534 554 3598 dicit
572 3534 714 3616 aliquam
737 3535 856 3617 depen-
909 3548 984 3593 nem
1012 3530 1147 3594 modum
1173 3530 1310 3593 retertur
1337 3533 1482 3592 creatura
1506 3529 1547 3593 ad
1568 3528 1681 3594 Deum.

73 3645 234 3722 dentiam,
245 3643 296 3708 vel
310 3643 423 3706 saltem
436 3642 582 3705 ordinem
594 3648 625 3706 et
635 3643 855 3707 habitudinem
911 3642 1068 3721 Quoniam
1082 3643 1184 3724 1311111
1204 3641 1380 3705 intellectus
1394 3646 1511 3718 noster,
1533 3627 1608 3705 cum
1630 3641 1684 3705 in·

72 3752 116 3815 ad
141 3751 233 3830 illud,
256 3755 401 3834 respectu
422 3752 515 3831 euius
539 3751 655 3816 dieitur
670 3771 679 3814 ι
697 3752 752 3815 sed
772 3751 856 3816 Deus
910 3750 1025 3831 telligit
1036 3749 1154 3831 aliquid
1177 3747 1288 3812 reterri
1307 3748 1347 3812 ad
1365 3747 1508 3830 aliquid,
1533 3747 1685 3829 intelligit

71 3879 149 3923 non
163 3857 619 3923 ordinaturneeterminatnr:
635 3858 855 3941 ergonihilde
910 3859 1006 3923 etiam
1028 3856 1205 3939 comparari
1224 3856 1303 3920 illud
1323 3855 1363 3919 ad
1392 3854 1478 3919 aliud
1492 3861 1517 3933 ⁸3
1541 3855 1683 3919 11100111-

72 3967 147 4032 1100
158 3967 276 4032 dicitur
288 3966 419 4031 relative
432 3974 577 4049 respectu
590 3972 754 4032 creaturae.
910 3965 1024 4046 telligit
1036 3965 1137 4028 Deum
1151 3983 1208 4047 per
1221 3964 1353 4029 modum
1370 3967 1533 4046 respectus
1546 3967 1577 4027 et
1597 3965 1683 4029 rela-

909 4073 1019 4151 tionis,
1040 4072 1092 4135 cni
1112 4071 1270 4153 respectui
1283 4070 1318 4134 in
1331 4069 1394 4134 Deo
1417 4070 1499 4134 nihil
1517 4071 1684 4154 respondet

355 4207 579 4274 CONCLUSIOO
910 4180 971 4242 nisi
986 4179 1096 4243 divina
1117 4178 1271 4242 essentia:
1295 4196 1336 4241 ex
1356 4182 1444 4261 parte
1464 4182 1571 4242 tamen
1594 4197 1683 4242 crea·

909 4291 993 4350 torae
1006 4286 1089 4350 bene
1102 4284 1223 4368 aliquid
1236 4284 1421 4368 respondet;
1433 4289 1464 4347 et
1473 4284 1544 4349 ideo
1556 4303 1623 4348 non
1636 4291 1684 4350 est

69 4377 204 4435 Nmntno
227 4392 287 4447 tw
310 4376 342 4431 de
364 4378 418 4432 ⁰0⁰
441 4391 474 4431 w
495 4379 612 4446 ‘⁶um
634 4374 778 4442 dicontur,
802 4391 856 4431 '²⁰⁷⁸
911 4412 1025 4458 vanus.
1041 4391 1282 4458 concedendum
1296 4411 1375 4474 ergo
1392 4391 1477 4474 qnod
1495 4392 1684 4474 hujusmodi

113 4469 273 4538 important
286 4466 408 4535 clipeum
420 4465 580 4520 relationem
597 4464 738 4519 secundum
756 4480 812 4519 rem
825 4467 857 4520 iu

115 4562 192 4622 Deo,
207 4555 503 4613 edaciumseemeum
516 4554 819 4625 mmmmm·
912 4501 1043 4564 nomina
1060 4500 1143 4564 dicta
1156 4501 1194 4564 de
1209 4500 1273 4564 Deo
1286 4518 1353 4565 non
1366 4500 1541 4582 important
1554 4499 1682 4564 relatio-

911 4626 986 4671 nem
1005 4608 1042 4671 in
1064 4606 1127 4671 Deo
1145 4607 1322 4671 secundum
1340 4624 1429 4683 rem,
1444 4606 1499 4670 sed
1512 4608 1617 4670 selum
1632 4626 1683 4672 se·

122 4715 218 4798 Hesp.
240 4714 281 4778 ad
298 4714 379 4795 Arg.
398 4713 447 4778 Ad
465 4713 527 4777 boe
548 4712 792 4794 intelligendum
811 4719 858 4778 est
912 4716 1054 4779 eundum
1070 4714 1203 4778 modum
1224 4712 1429 4800 intelligendi.
1448 4712 1496 4778 Ex
1509 4713 1560 4778 his
1575 4718 1684 4796 petent

69 4823 263 4904 sciendum,
279 4821 378 4905 quod,
393 4821 455 4887 dici
468 4822 645 4886 seeundum
657 4821 855 4902 relationem,
912 4823 1058 4906 quaesita.

69 4930 313 5013 dupliciterest
333 4936 411 4994 :aut
425 4931 602 4994 secundum
619 4949 707 5005 rem,
729 4936 786 4994 aut
807 4949 857 4994 se-
953 4935 982 4993 1.
1004 4928 1094 5007 Quod
1108 4926 1196 4991 enim
1216 4926 1365 5008 objicitur
1383 4926 1423 4990 de
1441 4924 1549 5006 Patre,
1573 4927 1682 4991 dieen-

68 5039 228 5103 cundum
238 5038 382 5103 modum.
391 5036 608 5102 Realisautem
620 5038 730 5102 relatio
743 5039 858 5122 triplex
912 5037 990 5102 dum
1004 5036 1091 5118 quod
1102 5053 1167 5100 non
1181 5039 1227 5098 est
1239 5034 1354 5112 simile,
1371 5033 1448 5116 quia
1462 5033 1563 5098 Patris
1577 5033 1683 5099 011111-

66 5151 156 5212 est²
172 5168 180 5210 :
195 5145 365 5228 aliquando
384 5146 471 5209 enim
494 5145 646 5209 tundatur
662 5163 760 5227 super
782 5165 858 5228 pro·
912 5144 992 5207 lium
1006 5149 1053 5205 est
1070 5143 1147 5206 orde
1173 5146 1204 5204 et
1214 5140 1384 5218 habitudo;
1410 5146 1441 5204 et
1457 5140 1519 5204 alia
1531 5140 1684 5206 habitudo

913 5249 1089 5329 additium,
1100 5267 1198 5331 quam
1208 5249 1248 5312 ad
1261 5247 1416 5331 Spiritum
1428 5254 1574 5313 sanctum
1583 5268 1591 5312 :
1601 5248 1685 5313 Deus

117 5342 226 5404 ἱ111111,
239 5341 398 5401 Proedicom,
418 5355 475 5404 cap.
491 5340 527 5390 De
540 5339 580 5389 his
594 5357 648 5405 quoe
661 5341 696 5390 cd
706 5340 815 5406 aliquid.
827 5369 858 5378 -

65 5416 81 5448 ²
94 5412 315 5464 ldemhubetlib.
329 5414 350 5462 ll
359 5450 367 5476 ,
382 5412 441 5463 dist·
460 5424 490 5474 11,
505 5418 553 5462 ert.
569 5424 603 5475 11,
620 5427 647 5475 q.
661 5416 684 5462 2.
699 5414 754 5449 -i
772 5414 857 5477 Arist,
914 5441 944 5452 -
957 5413 1102 5464 ι1111111111
1116 5412 1158 5462 bie
1177 5426 1193 5461 o
1212 5414 1300 5472 Sento,
1314 5410 1359 5460 lib.
1379 5410 1475 5472 t‚dist.
1493 5422 1561 5474 xxx,
1574 5426 1601 5475 q.
1619 5422 1638 5460 1.
1653 5437 1684 5449 -

67 5484 186 5548 Physiu
201 5485 245 5534 lib.
256 5486 280 5549 l,
294 5488 413 5548 0011160,
426 5489 452 5534 et
466 5485 602 5549 lietnptys.
615 5484 659 5535 lib.
670 5486 725 5548 litt,
738 5490 807 5537 cont.
819 5489 857 5536 tt.
916 5485 1003 5536 ⁸idem
1011 5485 1234 5547 sentitS.Tbom.‚
1243 5482 1370 5548 quaestde
1378 5483 1485 5545 Poterit,
1493 5496 1520 5548 q.
1529 5494 1575 5547 vn,
1584 5487 1631 5534 ort.
1644 5487 1684 5553 td,
