4100 6300
470 465 658 534 DlS'l'lNG'l'.
679 465 786 532 XXlll.
809 464 900 532 ΛΒΤ.
919 466 959 531 ll.
979 465 1130 545 QUAEST.
1153 469 1178 533 l.
1377 411 1381 418 v
1554 471 1610 532 381

38 605 216 691 hypostasim
230 604 282 671 vel
293 603 328 668 in
346 603 558 682 concretione,
571 602 660 668 etsie
673 601 789 667 diritur
886 607 916 682 t,
930 606 950 666 i
964 605 997 667 et
1010 607 1041 668 3.
1057 600 1149 680 Quod
1160 605 1269 668 autem
1282 602 1441 685 objicitur,
1454 601 1539 684 quod
1548 619 1614 665 nou

37 730 170 796 persona.
185 709 244 775 Sed
257 714 365 775 tamen
378 727 489 774 omues
509 709 561 773 isti
574 708 661 773 modi
672 707 791 772 habeut
842 710 996 776 debemus
1016 711 1118 777 Deum
1138 711 1305 777 nominare
1326 711 1485 790 absolute;
1505 712 1613 776 dioen-

37 817 226 882 oalumniam.
250 815 376 882 Primus
398 817 546 901 quidem,
571 816 628 899 qui
651 814 791 879 sumitur
843 818 922 883 dum
941 820 1043 902 quod,
1062 820 1212 904 quamvis
1226 819 1430 884 nominemus
1445 818 1545 883 Deum
1557 836 1616 901 per

35 943 87 1007 per
102 923 311 1006 distinguibile
332 929 364 989 et
384 924 586 1002 distinctum,
600 922 677 1005 quia
691 920 788 985 araci
843 930 1020 1007 creaturas,
1046 932 1156 993 tamen
1178 927 1274 992 etiam
1295 945 1353 1010 per
1375 929 1535 992 creaturas
1558 944 1615 991 oo-

35 1036 160 1097 utuntur
168 1033 323 1099 vocabulo
333 1032 520 1117 hypostasis,
531 1031 586 1097 ubi
597 1031 791 1095 nosutimur
843 1034 1119 1115 gnosaimuseum
1131 1032 1616 1100 hahereeaseabsolutum.atia

34 1158 172 1222 persam,
192 1143 224 1204 et
243 1139 288 1205 ita
310 1158 369 1223 pro
390 1141 553 1224 supposito
573 1138 729 1203 dbbnoto.
751 1135 791 1202 Et
842 1144 966 1224 patent.

34 1244 791 1332 Damaraanusdioit¹,quodhypostasisastsub-
1073 1289 1369 1361 ARTIGULUSH

33 1355 137 1418 stantia
153 1373 227 1420 oum
243 1356 504 1439 proprietatibus,
524 1358 556 1419 et
571 1353 616 1418 ita
630 1351 791 1435 significat

32 1465 131 1526 actum
139 1462 333 1530 datarium.
344 1462 512 1554 Secundus
522 1461 636 1526 modus
645 1459 790 1525 similiter
883 1461 1177 1546 Gomequenterest
1195 1464 1378 1548 quastiode
1391 1464 1615 1530 numeratione

32 1569 333 1651 babetjoalumuiam
348 1572 425 1654 quia
437 1572 572 1636 essentia
584 1587 650 1634 non
663 1568 790 1634 videtur
843 1570 1014 1633 nominum
1031 1570 1275 1652 praedictorum:
1295 1576 1328 1636 et
1347 1572 1510 1656 supposito
1528 1572 1615 1655 quod

32 1677 238 1759 aliquomodo
259 1678 434 1761 significari
451 1683 488 1743 ut
501 1679 534 1742 iu
547 1677 671 1742 ratione
684 1693 789 1740 oausae
843 1682 1033 1744 numeretur
1049 1679 1110 1744 har
1130 1698 1261 1757 nomen,
1278 1681 1432 1760 Persona,
1458 1681 1616 1764 quantur

32 1788 166 1865 respectu
179 1784 333 1862 aliomm,
347 1804 422 1851 oum
434 1785 475 1849 sit
487 1803 605 1850 nomen
618 1783 790 1847 absolutis·
843 1791 956 1852 utmm
980 1787 1016 1851 in
1036 1788 1154 1853 divinis
1176 1794 1366 1854 numeretur
1387 1789 1448 1853 hoa
1474 1807 1614 1864 nomen,

32 1890 152 1955 simum.
176 1890 300 1958 Tertius
323 1894 438 1959 modus
460 1894 557 1958 habet
578 1890 788 1968 calumniam,
845 1893 1045 1962 Substantia.
1066 1894 1212 1960 Semrndo
1229 1895 1397 1979 quaritur,
1415 1895 1443 1958 si
1462 1913 1616 1959 numere-

32 1997 100 2080 quia
111 2000 285 2065 substantia
298 2002 500 2083 significatur
511 2001 546 2064 in
561 2000 788 2079 abstractione,
842 2004 897 2066 tur
919 2002 1078 2069 Esseatta.
1093 1999 1257 2083 Tertia,si
1277 2003 1339 2066 boa
1360 2019 1496 2079 nomen,
1516 2003 1613 2083 Data,

32 2107 790 2193 sieutessentia:etpraetereaestdubium,utmm
842 2112 955 2173 utrum
964 2108 1248 2174 sadioetcatbolioe
1261 2110 1421 2193 possimus
1430 2108 1616 2193 diaereplu-

32 2213 67 2277 sit
80 2214 254 2299 intelligere
263 2217 461 2301 hypostases,
472 2216 637 2281 ambaotis
645 2214 791 2299 proprie-
842 2215 996 2281 reslleos.

32 2322 158 2387 tatibus:
174 2328 206 2388 et
224 2324 309 2407 ideo,
324 2325 353 2389 si
370 2344 435 2390 non
452 2328 500 2390 est
514 2323 708 2405 intelligere,
723 2340 790 2405 quo
1115 2344 1169 2425 01]
1168 2344 1294 2412 AEgpp)
1315 2346 1342 2411 Ι,

32 2429 117 2495 modo
139 2431 298 2515 contingit
324 2432 531 2515 signidoaret
560 2431 599 2496 Et
623 2434 791 2514 propterea

32 2542 153 2620 quartam
171 2539 289 2605 modus
302 2541 426 2628 dicendi
438 2544 485 2605 est
501 2538 603 2623 quod,
622 2556 698 2603 oum
712 2538 791 2603 tides

32 2645 104 2709 boat
122 2645 223 2712 Deum
236 2665 307 2713 esse
319 2648 443 2712 trinum
457 2651 488 2713 et
500 2665 622 2726 unum;
640 2646 674 2709 in
686 2664 789 2729 quan-
884 2644 974 2723 Quod
987 2650 1177 2712 numeretur
1188 2646 1250 2712 hoa
1264 2664 1394 2724 nomen,
1409 2646 1611 2727 Substantia,
1627 2675 1733 2721 ruram,

32 2757 92 2817 lum
111 2754 186 2819 dicit
198 2773 323 2835 unum,
343 2772 410 2819 non
427 2771 597 2838 possumus
613 2752 791 2833 intelligere
843 2754 1021 2819 ostenditur
1033 2754 1088 2818 sic.
1105 2753 1254 2833 Hilarius,
1268 2753 1308 2820 tie
1324 2752 1488 2837 sumata:
1506 2751 1614 2818 «Sunt

32 2879 135 2942 uuum,
145 2862 224 2944 quin
238 2862 459 2945 intelligamus
471 2859 558 2945 quod
569 2863 657 2927 estet
669 2875 731 2944 quo
745 2864 792 2926 est
844 2860 974 2944 quidem
984 2878 1043 2943 per
1055 2860 1266 2926 substantiam
1278 2862 1354 2941 tr1a3
1370 2861 1425 2926 sed
1436 2878 1541 2926 unum
1554 2878 1612 2943 per

32 2986 139 3033 unum:
153 2972 185 3034 et
201 2983 266 3052 aaa
289 2973 337 3036 eat
349 2986 470 3049 unum,
491 2971 538 3032 est
550 2967 582 3031 id
602 2983 663 3051 qao
681 2972 744 3042 aab
761 2969 792 3031 et
844 2968 1125 3033 oansonantiam.r

32 3075 104 3156 ruod
117 3081 163 3143 eat
174 3095 302 3158 unum,
318 3080 366 3141 est
379 3073 458 3141 illud
470 3073 556 3160 quod
569 3082 625 3141 ast.
644 3073 791 3139 Primum
884 3074 963 3140 Item
980 3091 1039 3158 per
1056 3074 1260 3157 anselmum,
1284 3075 1319 3139 in
1338 3076 1403 3139 flue
1419 3073 1592 3158 Monologii
1602 3094 1614 3138 .·

34 3188 68 3246 est
81 3185 229 3264 aerenum
246 3184 426 3249 seeundum
439 3183 629 3249 substantia.
648 3182 681 3247 Si
696 3182 792 3246 intel·
848 3183 991 3266 aAptius
1005 3187 1071 3248 tres
1081 3182 1233 3248 dicuntur
1244 3182 1442 3248 substantia.
1457 3205 1473 3243 a

37 3291 157 3372 igamus
169 3292 313 3372 trinum,
327 3310 454 3357 neeesse
468 3295 515 3356 est
533 3290 620 3375 quod
632 3290 790 3371 intelliga-
885 3290 966 3356 ltem
976 3288 1106 3355 ltoetius
1116 3290 1151 3353 in
1165 3289 1247 3354 libro
1258 3288 1298 3355 da
1312 3288 1437 3357 damas
1448 3291 1576 3356 nuans
1585 3297 1617 3359 et

34 3415 179 3464 museum
190 3400 249 3483 qui
260 3399 484 3482 distinguitur,
499 3401 530 3464 et
542 3417 609 3482 quo
619 3397 792 3480 distingui·
843 3415 913 3466 uaa
924 3414 1062 3482 parona
1081 3397 1204 3464 Gbrtatt'
1216 3397 1250 3463 ¹:
1267 3419 1283 3457 r
1298 3396 1436 3462 liioimus
1452 3413 1554 3461 unam
1566 3414 1617 3463 es·

34 3514 86 3570 ur.
113 3506 180 3584 Quo
205 3507 435 3591 distinguitur,
457 3511 505 3572 est
521 3505 710 3591 proprietam
737 3505 791 3569 ille
844 3506 991 3583 sentiam,
1004 3503 1358 3570 etaasubstantias.»

34 3616 126 3677 tuam
141 3614 198 3698 qui
214 3614 438 3696 distinguitur,
452 3631 579 3697 semper
592 3612 792 3703 significatur
885 3613 964 3678 ltem
994 3613 1056 3677 hoo
1087 3612 1195 3697 ipsum
1220 3611 1348 3678 videtur
1373 3612 1514 3692 ratione,
1540 3610 1617 3694 quia

34 3722 58 3782 rt
75 3719 252 3786 distinctus.
270 3719 311 3784 llt
324 3720 387 3785 hoa
407 3723 509 3804 potest
527 3736 595 3785 esse
612 3719 789 3803 dupliciter,
845 3720 1022 3787 substantia
1046 3722 1094 3785 est
1115 3718 1260 3784 medium
1286 3719 1372 3784 inter
1395 3718 1563 3783 essentiam
1584 3719 1617 3782 et

35 3826 70 3891 tel
83 3833 119 3892 ut
132 3829 300 3894 dutmatus
312 3829 504 3911 proprietate
513 3844 727 3911 quacumque,
738 3824 791 3890 vel
844 3849 1012 3915 personam
1029 3853 1037 3895 ε
1059 3829 1114 3895 sed
1127 3828 1273 3894 medium
1293 3829 1375 3912 sapit
1387 3831 1538 3893 naturam
1555 3844 1616 3891 ex-

35 3939 58 3996 rt
74 3918 241 4003 distinctus
254 3936 446 4022 proprietate
462 3935 573 4001 nobili.
587 3933 733 3999 Primum
747 3935 791 3997 si·
844 3941 1046 4003 tremorum:
1068 3954 1166 4019 ergo,
1188 3936 1259 4019 pari
1278 3936 1402 4001 ratione
1422 3954 1487 4018 qua
1501 3933 1616 3999 diutrn

35 4044 189 4122 militatur
201 4045 335 4110 nomine
346 4043 576 4121 subsistentiae,
589 4061 662 4126 quae
675 4041 791 4107 dieitur
844 4065 911 4111 uua
932 4046 1109 4110 substantia
1128 4045 1169 4110 ab
1188 4046 1311 4110 unitate
1322 4044 1483 4123 essenbae,
1500 4042 1616 4127 poterit

35 4150 121 4227 >uma
140 4152 340 4217 substantia:
365 4164 397 4217 et
420 4169 486 4216 nou
503 4155 630 4216 tantum
642 4148 791 4215 convenit
844 4152 904 4217 diei
914 4152 1023 4235 plures
1037 4152 1250 4235 apluralitate
1264 4170 1485 4236 personarum.

35 4258 182 4324 ndividuo
194 4257 356 4339 hominis,
371 4258 426 4324 sed
443 4259 541 4324 etiam
562 4257 653 4323 asini.
672 4256 791 4321 Secun·
884 4259 979 4341 ltem,
1000 4260 1107 4325 omnis
1120 4278 1277 4325 numerus
1289 4261 1329 4324 ad
1342 4258 1614 4324 substantiamre-

35 4363 96 4430 lum
113 4368 316 4450 significatur
331 4387 388 4452 per
408 4368 470 4432 hoo
482 4385 618 4446 nomen,
631 4381 788 4449 persona,
844 4368 973 4434 ducitur
995 4367 1214 4451 originalium
1236 4386 1405 4451 nunquam
1426 4367 1514 4432 enim
1531 4364 1614 4431 aoei-

36 4475 101 4556 [uod
112 4475 265 4560 importat
275 4476 414 4542 nobilem
426 4475 668 4559 proprietatem:
681 4477 713 4539 et
723 4491 789 4537 non
843 4476 950 4541 dantia
964 4475 1015 4541 vel
1027 4476 1235 4559 proprietates
1252 4480 1466 4541 numerantur
1484 4474 1544 4539 nisi
1555 4491 1614 4556 per

36 4586 166 4649 onveuit
179 4586 242 4649 nisi
258 4586 420 4669 supposito
437 4583 602 4649 rationalis
615 4586 788 4661 oreaturae,
843 4583 1075 4648 substantiam:
1089 4583 1143 4647 sed
1156 4585 1246 4647 aetus
1258 4587 1482 4660 numerantur,
1494 4586 1527 4646 et
1538 4580 1614 4664 plu-

36 4708 75 4753 ro
87 4711 151 4775 qua
169 4693 275 4759 Graeci
295 4697 432 4759 utuntur
451 4692 630 4777 hypostasis
641 4691 786 4770 nomine,
842 4689 950 4754 raliter
963 4690 1115 4754 dicuntur
1131 4688 1166 4753 in
1185 4689 1321 4753 divinis:
1336 4708 1415 4772 ergo
1429 4706 1554 4753 neeesse
1566 4690 1614 4751 est

36 4796 165 4866 iautnos
180 4802 314 4867 nomine
325 4819 486 4885 persouae,
500 4804 537 4864 ut
549 4799 625 4864 dicit
640 4798 787 4882 Boetius,
842 4815 961 4880 ponere
988 4815 1163 4862 numerum
1188 4796 1366 4862 secundum
1390 4795 1611 4861 substantiam.

36 4906 73 4986 nri
90 4908 134 4972 ait
153 4910 243 4992 quod
256 4908 359 4974 Graeci
372 4912 509 4973 utuntur
521 4907 651 4972 nomina
667 4907 788 4991 hypos·
843 4902 933 4981 Quod
952 4907 1063 4968 numm
1078 4901 1243 4987 pluraliter
1259 4903 1414 4983 dicantur,
1435 4906 1540 4986 patet;
1563 4900 1611 4965 di·

36 5013 89 5078 uis
107 5035 167 5099 pro
186 5017 351 5101 supposito
368 5014 531 5082 rationalis
548 5014 788 5080 statuariis
842 5012 924 5077 citur
945 5012 1053 5076 enim:
1078 5010 1212 5087 «Pater,
1236 5014 1268 5075 et
1286 5009 1405 5090 Filius,
1424 5014 1456 5075 et
1476 5009 1613 5095 Spiritus

37 5119 93 5184 isis
103 5124 362 5207 patentobjaota.
841 5121 1134 5185 maturauerat.»

882 5225 972 5308 Item,
982 5227 1069 5292 idem
1078 5231 1125 5292 est
1138 5227 1309 5294 relatimm
1319 5225 1515 5304 substantiae,
1530 5224 1613 5291 siout

896 2501 943 2555 Aa
955 2513 1051 2556 aaran
1059 2499 1226 2557 Substantia
1238 2501 1270 2556 ta
1283 2498 1559 2557 &dinunumerare

49 5319 137 5374 ¹loan.
153 5324 284 5386 Damaso,
302 5322 332 5374 de
352 5322 416 5374 Fide
434 5320 541 5381 orthod,
562 5320 608 5371 lib.
628 5322 656 5383 l,
675 5334 700 5371 a.
714 5331 742 5370 x.
755 5345 788 5359 -
1068 5366 1071 5371 .

38 5390 77 5456 Os.
90 5394 164 5446 Alex.
178 5394 290 5461 abusis,
303 5409 331 5460 p.
345 5396 371 5458 l,
388 5408 414 5459 q.
424 5405 472 5459 ur,
485 5392 582 5444 memb.
593 5394 608 5443 3
616 5406 625 5456 ;
642 5392 669 5443 S.
684 5392 787 5457 Thana,
842 5403 868 5455 q.
878 5399 950 5452 ml,
964 5391 1012 5440 art.
1021 5391 1046 5455 3,
1057 5387 1119 5440 dub.
1129 5388 1305 5453 3.-⁸Boet.,
1314 5386 1533 5452 dedaabmatar„
1547 5403 1570 5440 a.
1580 5400 1611 5441 111

37 5464 786 5532 ·¹‚q.xxx,arar,adt;uarsit.1ngueu.,tsenr.,
840 5460 940 5513 intlne.
