4100 6300
364 475 384 533 8
1006 457 1294 524 ARGUMENTUM.

364 605 424 698 qui
451 610 561 670 nosue
587 596 742 668 memoria
763 596 966 679 demetunt,
993 593 1251 684 comparandus,
1281 590 1336 661 sed
1358 591 1522 661 veteribus
1552 594 1649 662 etiam
1669 595 1737 663 illis
1761 595 1945 667 christianae

367 728 540 819 theologiae
552 722 754 819 principibus
766 717 1033 788 annumerandus
1046 717 1208 786 videatur.
1229 717 1270 786 Et
1283 717 1452 808 quoniam,
1464 718 1491 785 si
1503 716 1658 787 doctrine
1667 719 1853 788 innocentia
1871 721 1945 790 vitas

369 854 470 940 deest,
485 848 720 945 propemodum
732 845 859 915 bomini
874 842 1072 929 estsimilis,
1088 842 1147 935 qui
1160 843 1261 911 altero
1276 843 1370 912 oculo
1382 850 1496 934 captus
1517 845 1559 911 sit
1572 843 1660 935 (scite
1678 843 1768 912 enim
1780 846 1870 937 apud
1883 845 1946 914 Na·
2042 871 2043 916 1

364 979 557 1047 zianzennm
568 996 670 1064 grece
682 972 840 1062 scriptum
856 976 904 1037 est
923 994 931 1036 ι
947 982 977 1033 ot
990 978 1033 1050 pa
1045 977 1093 1050 γὰρ
1105 978 1121 1034 t
1135 979 1183 1043 βίον
1196 979 1262 1049 μόνον
1275 977 1291 1033 t
1305 979 1370 1050 λόγον
1382 979 1560 1050 samm,
1572 984 1606 1049 aa
1618 980 1686 1050 capp
1700 973 1728 1031 tt
1744 977 1872 1050 aemma,
1881 977 1945 1033 osas

365 1117 411 1163 aas
424 1108 605 1181 amptius,
617 1104 668 1177 epa
681 1100 770 1169 turta,
785 1099 944 1176 διαφέρουσιν)
960 1122 967 1166 ;
982 1092 1096 1161 Sixtus
1112 1091 1226 1181 igitur,
1241 1100 1280 1161 ut
1300 1114 1375 1161 vere
1392 1092 1519 1177 dicam,
1538 1113 1614 1160 cnm
1634 1102 1667 1159 et
1681 1093 1854 1183 theologiae
1874 1117 1945 1185 per·

367 1225 553 1309 sectionem,
563 1230 767 1291 etsaerarum
780 1219 980 1287 Litterarum
993 1216 1166 1308 perfectam
1181 1216 1412 1306 cognitionem,
1422 1224 1460 1285 et
1472 1224 1591 1284 sanctae
1597 1215 1674 1285 vitae
1685 1216 1827 1308 perfecta
1838 1216 1945 1285 officia
2042 1293 2043 1326 ,

364 1349 400 1415 in
414 1346 588 1438 Serapbico
597 1347 733 1415 Doctore
745 1344 840 1412 beato
851 1343 1083 1411 Beneventum
1090 1342 1360 1411 animadverteret
1375 1341 1417 1431 (a)
1428 1367 1437 1427 ;
1448 1342 1625 1410 necessamo
1632 1342 1835 1434 Reipublicae
1843 1342 1945 1411 chris·
2042 1365 2043 1444 J

366 1473 464 1542 tianae
478 1481 634 1564 tempore,
650 1479 683 1539 et
695 1471 761 1539 lere
775 1442 957 1539 collabente
970 1467 1049 1536 cleri
1062 1466 1242 1559 populique
1254 1464 1421 1534 christiani
1434 1464 1621 1557 discipline,
1634 1466 1785 1535 divinum
1801 1467 1889 1559 cepit
1906 1467 1942 1557 (t)
2042 1449 2043 1504 l

363 1597 554 1683 consilium,
574 1619 642 1664 non
663 1596 771 1664 solum
791 1594 832 1662 de
845 1615 884 1661 eo
902 1593 938 1660 in
957 1591 1086 1659 eximiis
1097 1590 1247 1659 Ecclesia
1261 1589 1448 1658 doctoribus
1467 1589 1691 1678 adscribendo,
1713 1590 1886 1659 sedetiam
1904 1592 1944 1660 de

364 1721 550 1790 emittendis
563 1721 598 1789 in
612 1743 731 1789 manus
742 1719 916 1788 hominum
930 1716 1024 1784 libris
1036 1716 1126 1806 ejus:
1141 1715 1236 1806 cujus
1246 1723 1408 1806 quantum
1422 1716 1464 1783 sit
1476 1715 1621 1807 pondus,
1634 1724 1758 1807 manta
1771 1716 1814 1783 ait
1833 1726 1943 1785 aucto
2042 1741 2043 1810 }

365 1846 461 1933 ritas,
479 1869 555 1916 cum
571 1868 609 1913 es
623 1842 846 1935 superioribus
858 1840 977 1910 nostris
989 1839 1244 1923 narrationibus,
1261 1839 1455 1932 conciliique
1467 1839 1695 1930 Lugdunensis
1707 1840 1786 1908 actis
1802 1840 1941 1930 intelligi
2042 1839 2043 1912 ᾗ

361 1979 484 2062 potest,
497 1980 577 2039 -tum
599 1991 695 2037 exeo
716 1967 833 2054 etiam,
859 1965 947 2058 quod
968 1964 1112 2057 synodos
1132 1965 1329 2034 ecumenica
1348 1964 1558 2050 Florentius,
1572 1963 1609 2034 in
1626 1965 1942 2056 quaestionegraris-

361 2096 445 2165 sima
458 2115 482 2182 ⁴,
498 2117 651 2185 magnam
667 2095 709 2162 ab
724 2093 783 2162 illo
796 2093 981 2183 argumenti
994 2115 1032 2160 ac
1048 2089 1224 2158 testimonii
1238 2090 1305 2158 vim
1319 2089 1492 2180 assumpsit
1502 2089 1525 2157 ¹.

409 2215 628 2296 Quamobrem
639 2213 709 2304 jam
719 2213 894 2282 obscurum
907 2235 974 2282 esse
987 2236 1055 2282 non
1069 2222 1190 2306 potest,
1209 2213 1299 2324 Supra
1312 2215 1343 2284 V
1363 2214 1521 2306 sapientia
1538 2214 1739 2305 Reipublicae
1757 2215 1941 2286 christiane

364 2338 546 2407 rationibus
559 2337 680 2429 optime
693 2337 879 2406 consultum
893 2359 960 2405 esse
969 2336 1110 2406 editione
1119 2359 1255 2428 operum
1269 2337 1305 2406 S.
1321 2337 1574 2422 Bouamaruaa,
1589 2338 1677 2412 unde
1689 2338 1751 2407 hoc
1763 2343 1940 2410 neeessano

362 2474 507 2554 tempore
529 2484 643 2530 omnes
664 2472 696 2531 et
716 2462 886 2551 theologia
905 2461 1112 2548 facultatem,
1132 2470 1165 2530 et
1186 2463 1365 2549 rrirtrrturu,
1385 2485 1462 2554 quae
1482 2461 1659 2530 christiano
1681 2462 1817 2531 bomine
1834 2464 1940 2553 digne

360 2595 456 2670 aunt,
482 2594 569 2654 recta
593 2608 630 2653 ac
649 2586 788 2677 perfecta
806 2585 931 2670 officia,
948 2594 980 2653 et
992 2595 1187 2676 argumenta
1206 2587 1398 2656 baudemus
1413 2585 1454 2654 ad
1470 2585 1688 2677 explodendas
1711 2586 1936 2655 haeretieorum

358 2712 572 2804 opinationes.
587 2710 694 2778 Deum
708 2720 818 2779 autem
831 2708 906 2801 Opt.
924 2709 1011 2779 Max.
1029 2718 1140 2797 testor,
1155 2711 1212 2803 qui
1228 2713 1378 2781 omnium
1393 2715 1525 2780 ‘mentes
1537 2711 1706 2803 perspicit,
1726 2734 1780 2780 me
1793 2735 1863 2781 non
1876 2712 1937 2782 hac

361 2837 494 2922 dixisse,
510 2844 548 2904 nt
560 2835 726 2904 Pontificis
740 2835 822 2904 mihi
837 2836 874 2927 (c)
891 2837 1048 2926 gratiam,
1063 2861 1164 2930 quam
1177 2861 1238 2929 ego
1251 2860 1378 2930 semper
1393 2837 1529 2906 maximi
1543 2838 1622 2924 feci,
1637 2859 1695 2929 par
1708 2836 1794 2907 banc
1810 2859 1935 2906 cansam

362 2951 444 3020 mibi
457 2951 626 3020 conciliem
643 2975 650 3017 :
667 2950 829 3042 siquidem
842 2960 875 3018 et
886 2950 1047 3042 ejusmodi
1060 2955 1143 3023 ratio
1156 2953 1244 3045 apud
1256 2952 1463 3040 Pontificem,
1478 2960 1511 3020 et
1524 2952 1646 3021 errurc
1659 2951 1855 3022 Pontificem
1866 2954 1936 3021 nul·

362 3076 434 3144 lum
449 3075 545 3144 babet
557 3075 679 3161 locum,
695 3084 727 3143 et
739 3075 808 3167 ipse
820 3076 856 3143 in
870 3098 942 3145 eam
959 3100 1012 3145 me
1033 3099 1164 3170 prosus
1180 3077 1340 3168 singulari
1354 3077 1554 3167 benignitate
1564 3130 1577 3166 „
1588 3078 1692 3147 nullis
1704 3078 1786 3147 meis
1802 3077 1932 3163 meritis

365 3203 505 3293 recepit:
521 3202 576 3270 sed
590 3200 669 3292 quia
683 3200 777 3287 milri,
789 3202 932 3270 multum
946 3201 1072 3293 diuque
1084 3202 1251 3292 cogitanti,
1265 3203 1349 3272 nibil
1362 3203 1414 3271 bis
1426 3204 1629 3295 temporibus
1640 3205 1859 3297 opportunius
1867 3204 1932 3272 fieri
2016 3254 2019 3261 -

361 3326 469 3395 visum
484 3334 543 3413 est,
559 3349 659 3418 quam
674 3334 711 3393 ut
723 3324 929 3417 potissimum
943 3327 978 3395 in
992 3327 1252 3396 Christianorum
1267 3350 1385 3397 manus
1395 3330 1605 3421 pervenirent
1620 3330 1769 3421 ejusdem
1781 3329 1817 3399 S.
1834 3331 1932 3399 Bom-

361 3475 509 3521 vaurums
521 3473 637 3544 opera,
662 3474 749 3544 quae,
763 3450 932 3520 Pontificis
953 3451 1044 3520 errr
1063 3451 1274 3538 auctoritate,
1292 3454 1440 3545 undique
1453 3453 1598 3546 impense
1614 3454 1817 3547 conquisita,
1835 3454 1930 3523 leree

360 3579 502 3648 tenebris
528 3586 623 3647 eruta
652 3587 730 3646 snut
753 3578 788 3645 in
814 3577 935 3645 lucem.
960 3576 1024 3645 Sed
1046 3577 1087 3646 ad
1111 3577 1196 3646 banc
1216 3601 1346 3665 curam,
1375 3578 1440 3647 alia
1465 3579 1562 3647 etiam
1584 3579 1749 3669 praecipua
1771 3577 1931 3646 Pontinas

359 3702 493 3789 accedit,
508 3703 587 3794 quia
598 3711 636 3771 ut
648 3702 756 3770 omnis
767 3702 837 3770 baec
850 3701 949 3770 editio
959 3703 1050 3770 omni
1064 3727 1103 3771 es
1118 3711 1208 3795 parte
1221 3702 1473 3794 splendesceret,
1486 3703 1520 3771 id
1533 3704 1654 3793 negotii
1671 3704 1836 3795 precipue
1848 3702 1929 3771 dedit
2040 3695 2041 3698 '

359 3830 560 3921 amplissimo
573 3830 742 3900 Cauarum
765 3829 910 3899 Sarrano
930 3830 966 3897 iu
985 3829 1100 3921 primis
1117 3829 1222 3916 doctu,
1240 3836 1273 3895 et
1292 3828 1535 3917 religiosissimo
1549 3827 1634 3914 viro,
1657 3828 1718 3921 qui
1734 3827 1926 3897 sanctissimi

358 3954 398 4022 l).
414 3954 456 4022 N.
474 3951 788 4039 observantissimus,
804 3954 873 4022 sine
886 3953 957 4022 ulla
970 3953 1157 4045 exceptione
1170 3951 1223 4020 vel
1235 3950 1400 4043 temporis,
1415 3951 1468 4020 vel
1481 3951 1717 4043 occupationis,
1732 3975 1805 4022 eam
1819 3954 1925 4021 talium

358 4102 496 4171 operum
518 4078 735 4147 emendationi
756 4078 959 4168 diligentiam
977 4078 1127 4165 navavit,
1144 4100 1244 4169 quam
1266 4098 1333 4145 non
1350 4077 1539 4161 minimam,
1563 4075 1620 4143 sed
1640 4075 1739 4166 louge
1758 4077 1923 4146 maximam

357 4204 471 4291 fuisse,
486 4227 527 4272 ex
540 4204 726 4297 eoquisque
740 4203 999 4272 animadvertere
1012 4210 1129 4295 potest,
1144 4200 1272 4294 quadis
1283 4199 1445 4268 librorum
1457 4199 1493 4267 S.
1504 4199 1817 4268 Bouavsuruamon
1827 4201 1922 4269 solum

357 4327 613 4397 studiosissimus
626 4336 691 4412 est,
710 4327 765 4396 sed
778 4350 847 4396 non
858 4328 969 4397 minus
990 4328 1080 4397 illius
1093 4326 1240 4396 doctrine
1258 4348 1295 4393 ac
1308 4324 1445 4412 virtute,
1465 4346 1566 4415 quam
1590 4322 1810 4393 cardinalatus
1827 4326 1923 4416 splen-

354 4450 434 4523 dore
446 4451 588 4536 excellit,
604 4459 642 4519 ut
653 4474 721 4520 non
732 4451 826 4521 facile
839 4452 1012 4543 dijudicari
1020 4451 1142 4543 possit,
1158 4459 1271 4520 utrum
1285 4450 1327 4517 sit
1339 4447 1506 4537 diguitatis
1516 4447 1732 4540 amplitudine
1745 4448 1872 4536 clarior,
1885 4471 1921 4516 an

352 4576 517 4664 preclaris
529 4574 634 4644 animi
646 4576 847 4644 ornamentis
858 4575 1032 4645 illustrior.
1048 4575 1192 4660 Caetera,
1217 4597 1292 4666 quae
1306 4573 1347 4641 ad
1370 4573 1451 4642 alios
1466 4572 1550 4642 duos
1568 4573 1670 4642 libros
1688 4574 1920 4647 Sententiarum

353 4698 503 4785 attinent,
517 4699 652 4771 alterius
669 4699 769 4791 partis
782 4699 876 4769 initio
889 4700 1057 4768 enucleate
1070 4698 1265 4768 scribentur.

340 4844 344 4851 '
384 4840 496 4906 ¹Nempe
511 4841 542 4891 de
553 4841 679 4893 additione
694 4844 760 4894 voris
773 4843 888 4908 Filioque
902 4844 929 4893 tu
942 4841 1070 4908 Symbola.
1079 4867 1110 4881 -
1120 4843 1130 4873 ²
1141 4841 1232 4892 collat.
1242 4840 1311 4891 Vlll.
1325 4841 1383 4892 Vid.
1396 4841 1486 4907 labb,
1502 4841 1598 4892 Coactt.
1612 4846 1631 4894 t.
1644 4844 1715 4907 ltttt,
1728 4843 1778 4893 col.
1790 4844 1897 4896 att—w.

384 4930 416 4993 (a)
431 4930 559 4997 limusque
572 4931 651 4997 teget.
665 4931 881 4985 animadverterit.
890 4959 921 4971 -
931 4932 966 4998 (b)
977 4933 1106 4996 Hucusque
1119 4930 1198 4996 leget.
1213 4930 1301 4995 oepit.
1311 4958 1341 4970 -
1352 4930 1381 4995 (c)
1394 4931 1423 4980 lu
1435 4930 1507 4983 Edit.
1520 4930 1598 4996 laced
1611 4930 1678 4983 deest
1691 4931 1761 4984 mibi.

1069 5149 1215 5166 ⁸¹-t-
