4100 6300
656 479 754 546 DIST.
775 478 826 546 [Χ.
848 476 941 544 ART.
966 476 1165 558 l.'tQUAEST.
1189 477 1239 544 lv.
1687 488 1741 548 181

146 621 355 688 rectedicitur
364 622 522 706 perfectus
533 622 619 688 tilius
634 643 642 686 ε
657 635 737 703 ergo
752 615 916 700 generatio
971 614 1147 695 generandi
1170 632 1238 679 non
1259 616 1420 699 perditur,
1440 619 1495 683 sad
1512 617 1699 703 perficitur:
1716 619 1743 683 si

146 729 470 812 ejusestterminata.
971 740 1052 804 ergo
1068 723 1103 785 in
1122 722 1185 789 ileo
1199 726 1246 787 ast
1256 724 1443 789 facundas
1456 726 1604 808 perlecta,
1618 743 1744 809 semper

127 856 130 861 ·
185 842 216 904 i.
238 836 336 914 Item,
356 836 480 901 ratione
501 835 679 900 ostenditur
700 835 745 899 sic
758 856 766 900 :
780 823 926 899 Produoi'
971 848 1051 912 ergo
1064 835 1218 912 generat:
1233 832 1288 896 sed
1301 849 1367 897 non
1390 838 1523 914 generat
1547 832 1667 913 atium,
1681 834 1743 898 nisi

144 944 337 1010 terminatur
350 944 391 1009 ad
406 943 598 1027 productum
611 960 683 1007 esee
699 964 707 1006 :
723 960 802 1024 ergo
816 959 917 1023 gene-
970 936 1089 1006 Filium
1103 961 1110 1003 :
1124 949 1203 1021 ergo
1217 939 1318 1005 Filius
1334 958 1460 1024 semper
1471 946 1655 1023 generatim.

144 1052 214 1117 rari
233 1051 273 1117 ad
295 1053 488 1134 generatum
506 1068 575 1114 esse
588 1071 596 1114 :
610 1049 665 1114 sed
677 1049 778 1114 Filius
796 1048 851 1113 liei
870 1052 918 1113 est
1299 1104 1301 1111 .

144 1163 318 1244 genestae
332 1162 365 1224 et
384 1162 509 1223 natus:
535 1176 615 1241 ergo
642 1159 713 1242 ejus
738 1157 915 1241 productio,
1227 1193 1488 1262 CONCLUSIO·

144 1267 213 1332 sive
225 1265 401 1349 generatio,
414 1268 462 1330 est
474 1267 655 1330 terminata.

185 1381 216 1441 3.
232 1376 323 1458 item,
336 1373 476 1440 nobilius
488 1378 536 1440 est
547 1393 613 1440 asse
622 1378 811 1457 generatum
818 1394 917 1460 quam
971 1365 1114 1424 simil>
1126 1364 1197 1464 uitii
1207 1365 1240 1419 θ’
1253 1361 1356 1466 &istst
1368 1364 1407 1418 esi
1425 1364 1590 1466 mimia»
1604 1365 1630 1419 εἰ
1641 1364 1746 1467 verset·

144 1483 311 1566 generari,
332 1482 410 1566 quia
427 1483 575 1565 generari
598 1486 645 1548 est
660 1482 715 1548 via
729 1483 769 1547 ad
781 1500 917 1564 genera·
1008 1457 1108 1558 ΨΜ
1134 1469 1192 1524 m
1218 1467 1404 1524 'mamm
1430 1452 1502 1555 m
1526 1467 1551 1509 ⁸²
1575 1452 1747 1556 ΜΨ

147 1596 292 1655 mmm
318 1593 350 1655 et
363 1607 430 1653 non
443 1608 462 1654 θ
476 1606 656 1654 converso·
681 1589 735 1654 sed
754 1590 841 1673 quod
855 1607 917 1655 no-
1006 1547 1249 1614 catecumenorum
1261 1555 1364 1614 semper
1376 1539 1473 1610 derret,
1488 1546 1671 1599 interminate
1691 1542 1746 1599 dccc

294 1638 303 1668 ,
648 1637 657 1653 .

145 1697 242 1777 bilius
256 1701 314 1777 est,
330 1696 393 1761 lieo
409 1700 457 1761 est
478 1697 741 1763 attribuendum:
756 1715 918 1779 ergoma·
1008 1632 1093 1688 debet.

145 1804 205 1893 gis
218 1805 311 1870 debet
327 1804 357 1869 ei
370 1804 500 1869 attribui
515 1807 710 1886 generatum
720 1822 804 1885 esse,
820 1823 918 1887 quam
1011 1806 1104 1888 Resp.
1119 1805 1160 1870 ad
1173 1806 1254 1887 Arg.
1265 1802 1315 1868 Ad
1325 1801 1553 1887 praedictorum
1562 1802 1747 1886 intelligen-

147 1913 295 1995 generari
314 1931 321 1973 :
347 1929 426 1993 ergo
456 1912 621 1993 generatio
646 1910 718 1976 Filii
745 1911 861 1977 dicitur
882 1913 918 1977 in
971 1915 1060 1994 tiam,
1074 1912 1251 1977 notandum
1263 1910 1351 1994 quod
1367 1910 1515 1992 quaedeun
1533 1914 1608 1974 sunt
1623 1911 1657 1974 in
1671 1912 1746 1994 qui-

146 2019 381 2084 terminatione.
971 2022 1033 2086 bus
1044 2022 1130 2086 idem
1143 2023 1191 2085 est
1203 2038 1272 2084 esse
1285 2023 1317 2085 et
1328 2019 1549 2093 mammaeae,
1569 2017 1675 2083 differt
1693 2023 1765 2083 ta-'

186 2128 217 2188 t.
243 2123 343 2200 ltem,
357 2123 563 2205 generatione
582 2141 656 2208 quae
675 2141 801 2207 semper
818 2130 866 2191 est
883 2125 919 2189 in
971 2148 1046 2194 men
1067 2130 1138 2194 fieri
1158 2132 1191 2193 et
1209 2145 1293 2204 esse,
1307 2129 1345 2191 ut
1367 2128 1443 2190 sunt
1454 2125 1509 2189 illa
1522 2142 1663 2207 quorum
1678 2143 1746 2190 esse

146 2232 339 2316 generando,
355 2250 480 2315 semper
500 2230 622 2314 aliquid
640 2231 694 2297 vel
714 2231 830 2314 aliquis
848 2249 919 2316 pro-
971 2242 1231 2320 estpermaneus,
1248 2252 1307 2298 nec
1320 2231 1476 2315 dependet
1488 2231 1746 2315 omninoaprin·

146 2341 301 2406 ducitur:
325 2340 381 2404 sed
393 2358 459 2404 non
474 2339 663 2424 producitur
681 2339 714 2403 id
734 2340 819 2422 quod
840 2358 918 2423 pro·
971 2344 1054 2429 cipio
1074 2344 1287 2427 producente,
1311 2344 1343 2405 et
1364 2339 1426 2404 hoc
1450 2339 1600 2422 proximo
1625 2340 1746 2421 produ-

146 2448 280 2514 ductum
293 2451 359 2526 est,
370 2446 547 2512 secuudum
565 2445 599 2510 id
616 2445 703 2529 quod
718 2449 765 2510 est
777 2447 917 2529 produc·
971 2457 1077 2528 cente,
1100 2452 1134 2515 in
1157 2450 1238 2516 iacto
1257 2466 1343 2527 esse,
1363 2447 1429 2512 imo
1446 2446 1566 2512 habent
1588 2447 1745 2512 rationem

145 2561 218 2621 tum
234 2578 242 2620 :
259 2573 337 2637 ergo
358 2558 483 2639 oportet
501 2553 554 2619 val
578 2555 664 2637 quod
689 2554 839 2632 iteretur,
866 2556 918 2622 vel
971 2559 1164 2624 subsistendi
1183 2558 1324 2640 aliquam
1337 2556 1424 2620 iutra
1441 2574 1485 2634 se,
1506 2555 1574 2620 sive
1586 2574 1644 2638 per
1656 2556 1747 2640 prin-

146 2664 234 2747 quod
255 2663 402 2727 succedat
421 2665 614 2745 generatum
643 2662 679 2726 in
702 2662 758 2727 tali
782 2681 919 2745 genera-
972 2668 1055 2752 cipia
1075 2666 1204 2750 propria
1224 2664 1276 2728 sui
1296 2663 1448 2747 subjecti,
1470 2666 1507 2727 ut
1524 2663 1702 2728 substantia
1715 2666 1747 2729 et
1783 2654 1786 2661 ’

145 2771 233 2835 tione
248 2789 258 2835 ι
273 2771 327 2835 sed
341 2770 375 2834 in
388 2769 468 2835 Filio
482 2768 537 2833 liei
548 2788 607 2834 nec
620 2773 668 2834 est
679 2769 844 2849 successio,
860 2788 919 2835 nec
971 2776 1145 2842 accidentia
1164 2776 1285 2839 innata.
1307 2771 1461 2850 Quadam
1478 2774 1554 2836 sunt
1572 2772 1606 2834 in
1628 2772 1747 2854 quibus

145 2876 192 2940 ibi
213 2876 359 2940 iteratio:
386 2892 465 2955 ergo
481 2892 541 2938 nec
562 2875 715 2939 continua
731 2875 916 2956 generatio:
972 2883 1077 2949 diflert
1092 2900 1158 2947 esee
1179 2886 1211 2945 et
1230 2882 1351 2945 sactum
1368 2898 1456 2959 esse,
1470 2879 1557 2943 idem
1577 2882 1686 2943 tamen
1700 2882 1747 2945 est

147 2999 227 3063 ergo
238 2981 310 3045 Filii
323 2979 377 3046 Dei
387 2980 552 3063 generatio
563 2985 612 3046 esi
624 2981 804 3045 terminata·
972 2992 1043 3056 fleri
1055 2994 1088 3055 et
1100 3008 1178 3068 mse,
1194 2992 1232 3053 ut
1242 2991 1318 3052 sunt
1328 2987 1518 3064 successiva,
1529 3003 1670 3069 quorum
1678 3004 1746 3051 esse

26 3135 129 3179 sm„
189 3089 321 3171 Gontra,
335 3108 392 3174 per
409 3089 659 3156 Damascenum¹
675 3113 682 3155 :
697 3094 780 3156 Deus
794 3090 918 3156 infinite
972 3098 1127 3183 dependet
1161 3096 1293 3163 omnino
1318 3114 1338 3161 a
1363 3094 1518 3178 principio
1551 3094 1747 3178 producente

11 3202 99 3243 ΜΨ·
146 3202 180 3264 ei
190 3199 259 3264 sine
270 3204 414 3282 tempore
426 3218 494 3276 ens,
510 3200 633 3263 infinite
646 3203 678 3264 et
690 3199 918 3282 inquiescibili·
972 3210 1127 3274 existente
1141 3208 1177 3271 iu
1193 3224 1253 3271 sua
1272 3203 1470 3282 actualitate,
1486 3206 1524 3267 ut
1536 3206 1611 3267 sunt
1625 3206 1744 3284 motus,

145 3312 362 3390 tergerent:
378 3327 457 3391 ergo
484 3308 649 3390 generatio
677 3326 845 3391 nunquam
857 3311 919 3373 ter·
972 3323 1004 3382 et
1017 3315 1223 3380 mutationes.
1246 3312 1400 3390 Quadam
1420 3312 1496 3373 sunt
1515 3309 1551 3373 in
1569 3310 1686 3393 quihus
1699 3313 1747 3374 est
1823 3358 1828 3378 .

146 3416 302 3481 minatur.
476 3485 481 3496 ,
971 3424 1057 3489 idem
1071 3422 1141 3486 fleri
1158 3424 1190 3486 et
1205 3439 1272 3485 esse
1286 3419 1449 3483 attactum
1462 3435 1541 3496 esse,
1554 3418 1746 3481 utsuntllla

189 3521 289 3603 Item,
314 3523 438 3588 ratione
463 3522 591 3589 videtur
620 3522 682 3588 hoe
710 3522 795 3587 idem
827 3541 918 3605 posse
972 3549 1047 3615 quae
1066 3530 1186 3594 habent
1204 3541 1486 3609 essepermanens‚
1502 3527 1533 3588 et
1544 3524 1681 3588 totaliter
1694 3525 1747 3589 de-

145 3630 318 3695 monstrari
340 3654 348 3694 :
370 3629 540 3696 AEternum
561 3650 626 3696 non
649 3630 745 3694 hahet
768 3650 802 3695 se
829 3631 919 3695 aliter
972 3635 1310 3724 pendentaprincipio
1322 3634 1528 3729 producente,
1543 3632 1697 3697 existente
1710 3633 1745 3698 iu

145 3756 247 3815 mmo,
262 3756 360 3822 quam
373 3739 549 3823 priusssed
563 3757 688 3821 semper
703 3739 916 3830 omninouni·
973 3765 1033 3812 sua
1059 3744 1238 3810 actualitate
1268 3740 1502 3826 pereundam
1528 3739 1661 3803 modum
1687 3757 1745 3822 per

144 3845 311 3910 formiter:
326 3864 405 3928 ergo
417 3896 426 3926 ,
439 3846 466 3910 si
479 3864 605 3929 semper
618 3846 711 3911 Peter
726 3864 746 3909 a
761 3845 918 3928 principio
973 3872 1071 3937 quem
1086 3857 1161 3918 sunt
1173 3851 1208 3914 in
1221 3847 1392 3933 principio,
1413 3865 1479 3911 non
1505 3850 1633 3910 uncum
1650 3847 1685 3910 in
1698 3865 1743 3929 sa,

145 3959 303 4039 generat,
331 3956 436 4020 adhuc
462 3959 595 4039 generat
623 3977 630 4019 ἱ
661 3955 803 4039 alioquin
829 3954 919 4018 aliter
973 3961 1282 4041 sedetiamrespectu
1290 3956 1447 4039 producti,
1455 3956 1499 4019 ita
1507 3954 1747 4038 quodeonsimi.

145 4083 181 4129 se
193 4064 325 4128 haberet
341 4081 441 4142 nunc,
456 4081 555 4146 quam
565 4063 667 4145 prius,
681 4066 712 4129 et
725 4063 769 4127 ita
781 4081 919 4145 genera-
972 4069 1013 4133 lis
1020 4068 1136 4133 modus
1146 4063 1334 4131 actualitatis
1344 4062 1526 4127 attendatur
1534 4065 1692 4145 quantum
1706 4061 1746 4126 ad

144 4173 193 4236 tio
203 4175 324 4237 aterna
335 4175 527 4236 mutaretur.
974 4170 1579 4259 utrumque,ettaliasuntintluentiae‚
1595 4170 1747 4235 sivecor-

189 4278 289 4359 ltem,
317 4279 452 4362 simplex
471 4280 503 4343 et
526 4278 692 4342 infinitum
715 4280 801 4341 caret
830 4276 919 4342 omni
974 4283 1109 4368 portatos,
1124 4283 1192 4347 sive
1204 4279 1394 4362 spirituatae.
1408 4276 1498 4342 Unde
1510 4276 1714 4359 Augustinus
1722 4277 1745 4353 ²,

143 4386 284 4452 termino
303 4404 313 4450 ε
332 4386 389 4451 sed
401 4385 564 4469 generatio
584 4384 657 4448 Filii
672 4383 865 4466 estsimplex
888 4385 921 4447 at
975 4406 1070 4473 super
1089 4390 1235 4456 Genesim
1255 4385 1300 4453 ed
1316 4385 1470 4464 litterum,
1493 4383 1569 4448 dicit
1588 4383 1674 4466 quod
1692 4384 1747 4447 lu-

144 4493 274 4559 infinita
288 4516 296 4557 ι
309 4511 389 4575 ergo
401 4492 565 4574 generatio
574 4490 646 4556 Filii
656 4496 742 4556 caret
752 4491 841 4556 omni
854 4494 918 4555 ter·
976 4517 1051 4564 men
1064 4513 1189 4580 semper
1205 4493 1360 4573 nascitur,
1376 4495 1407 4556 et
1420 4493 1499 4556 dum
1512 4491 1664 4570 nascitur,
1676 4493 1745 4555 est:

146 4603 249 4667 mino·
274 4600 365 4680 Quod
382 4601 423 4665 sii
442 4601 587 4681 infinite,
601 4603 707 4683 petet,
723 4599 799 4682 quia
818 4597 920 4663 Filius
975 4607 1062 4673 unde
1082 4623 1137 4670 aer
1158 4620 1282 4685 semper
1300 4603 1349 4665 est
1360 4599 1580 4677 illuminatus,
1604 4602 1637 4661 et
1661 4615 1748 4661 sem-

146 4714 197 4774 est
218 4708 379 4787 infinitus3
395 4709 427 4771 et
445 4708 563 4771 iterum
586 4710 655 4790 ipsa
681 4705 848 4787 generatio
874 4709 920 4770 est
975 4733 1033 4798 per
1055 4713 1267 4778 illuminatur,
1296 4707 1449 4773 similiter
1478 4706 1611 4771 omnino
1634 4705 1748 4770 dioen.

146 4822 280 4895 aeiefflfl,
291 4819 323 4879 ei
335 4818 494 4879 &leffium
505 4818 552 4878 ⁰⁸1
563 4814 729 4879 ‘lumime
743 4812 919 4878 infinitum·
976 4823 1055 4889 dum
1072 4820 1250 4886 delumine
1267 4815 1441 4900 spirituali,
1457 4814 1544 4897 quod
1560 4816 1608 4878 est
1630 4814 1745 4895 gratia.

189 4921 921 5007 Item,Wffflfi⁰1¹⁰⁵il³0tfflfiflseffillflfflssiui
977 4930 1011 4996 Si
1029 4929 1130 5011 igitur
1150 4926 1251 4991 Filius
1274 4923 1330 4989 liei
1349 4924 1447 4987 hahet
1469 4939 1536 4986 esse
1554 4939 1748 5005 permanen·

147 5022 319 5115 conjuncte
334 5080 343 5110 ,
358 5048 458 5116 quam
480 5048 555 5113 11ω
572 5047 639 5096 non
662 5046 788 5112 semper
812 5047 921 5111 :ereo
977 5037 1156 5113 patmum,
1182 5038 1215 5098 a
1237 5050 1304 5097 ese
1329 5029 1628 5113 conjunctissimum
1654 5028 1747 5112 pan-

148 5139 317 5223 perfectior
329 5145 376 5204 est
387 5137 575 5205 loecunditas
588 5136 812 5221 semperactui
825 5155 923 5219 gene·
977 5146 1059 5229 cipio
1093 5141 1313 5227 productiva,
1345 5142 1383 5203 ut
1413 5138 1449 5202 in
1481 5135 1532 5201 sui
1568 5135 1748 5201 actualitata

149 5246 283 5311 rationis
295 5249 475 5328 conjuncta,
492 5244 633 5308 maxime
647 5262 723 5308 cum
733 5244 922 5309 fmounditas
977 5251 1136 5329 existenti,
1150 5249 1226 5331 quia
1236 5247 1302 5330 ipse
1315 5249 1363 5310 est
1374 5244 1474 5309 Filius
1485 5248 1517 5309 et
1530 5262 1632 5327 purus
1645 5248 1747 5323 actus,

183 5419 278 5469 ¹toun.
292 5419 453 5481 Damascum,
471 5416 502 5468 de
516 5416 618 5468 orthod.
630 5415 688 5482 fide,
702 5415 747 5466 tib,
758 5416 785 5480 l,
799 5428 881 5467 euru
895 5417 921 5467 in
978 5376 1111 5426 ⁰mnm⁰
1126 5357 1218 5478 'ldem
1237 5357 1284 5418 est
1302 5372 1337 5416 111
1356 5370 1556 5475 193001185οῊ
1582 5355 1615 5416 et
1634 5354 1748 5416 natum

149 5489 409 5554 ⁵110·-‘Ausu⁸t.,
422 5488 453 5540 de
467 5487 675 5550 (remeantur,
688 5487 733 5540 nb.
747 5487 793 5538 vr.
978 5487 1062 5546 esse,
1081 5469 1114 5531 et
1124 5464 1196 5530 ideo
1208 5479 1333 5545 semper
1350 5463 1503 5543 nascrtur,
1517 5463 1550 5527 et
1561 5477 1688 5543 semper
1700 5463 1749 5525 ast
