4100 6300
556 506 653 575 bist.
675 508 795 575 XXXII.
817 507 909 575 Aut.
931 506 971 572 11.
994 505 1146 585 (tumst.
1169 507 1195 571 l.
1619 508 1675 568 tul

909 646 1082 707 suntaetus
1094 641 1151 725 qui
1163 640 1272 706 dicunt
1285 643 1410 704 motum
1423 636 1547 703 arabus
1559 638 1600 701 ad
1611 637 1680 701 ani-

342 766 599 834 ggNgLUfflQ,
908 769 1015 828 mam,
1038 752 1076 812 ut
1097 747 1270 830 sapientia3
1294 746 1424 828 quidam
1446 746 1487 809 ab
1510 746 1619 809 anima
1638 747 1678 810 ad

908 875 970 935 res,
987 860 1024 921 ut
1042 873 1174 920 amare:
1190 855 1261 919 ideo
1279 854 1474 936 comparatio
1495 853 1614 918 amoris
1632 857 1679 916 est

92 946 153 1003 clm
171 960 228 1001 “³⁸
249 945 397 1017 ”limem
418 946 529 1003 dicatu
550 946 729 1003 militianm
750 947 852 1016 ³⁰¹¹¹²⁷¹3
908 967 947 1030 ad
966 971 1128 1032 amantem
1142 966 1176 1029 in
1189 965 1311 1029 ratione
1324 963 1472 1029 exeuntis
1498 966 1610 1029 nonin
1622 984 1678 1028 ra-

31 1082 35 1121 7
123 1037 183 1092 lieet
200 1039 338 1108 sapientia
359 1038 431 1093 Filio
453 1040 658 1110 approprietur,
679 1036 854 1113 nibilominus
922 1075 929 1088 .
1011 1076 1018 1088 .
1129 1075 1136 1088 .
1195 1074 1245 1109 ·‚
1286 1072 1341 1135 sd
1474 1014 1527 1137 ’d
1615 1074 1620 1086 ·
1661 1112 1678 1124 .

123 1125 854 1183 tmsmtenttancttatcnusestadmuronda:arare
906 1079 1284 1158 uonelmpamenm'e
1311 1090 1489 1198 1ωᾶΠῖοΓ
1529 1092 1657 1195 ΜΨ,

122 1217 278 1287 eruptos
290 1217 430 1287 sapientia
443 1218 545 1285 perito.
565 1236 579 1266 s
907 1185 1011 1262 portat
1038 1182 1174 1270 formam
1196 1186 1227 1245 et
1251 1179 1410 1243 effectum.
1434 1180 1495 1243 bed
1526 1186 1679 1262 sapientia

907 1288 983 1369 quia
996 1289 1114 1353 dicitur
1129 1291 1168 1351 ut
1187 1287 1227 1350 ad
1241 1285 1491 1365 intelligentem,
1505 1305 1570 1350 non
1584 1294 1621 1350 ut
1637 1288 1678 1351 ab
1752 1318 1758 1329 ·

125 1392 217 1475 Resp.
246 1395 285 1458 ad
310 1396 391 1474 Arg.
421 1394 593 1458 Dicendum
613 1395 699 1477 quod
724 1396 852 1475 (alsine
906 1396 1115 1477 intelligente,
1132 1394 1202 1477 ideo
1215 1393 1372 1457 ablativus
1389 1394 1680 1474 tantumimportet

31 1524 32 1529 ¹
87 1502 378 1578 distinctione,cum
391 1520 458 1565 esse
474 1503 647 1584 sapientem
662 1501 852 1565 dicatures-
906 1503 1061 1581 termam,
1077 1521 1143 1567 non
1163 1501 1313 1565 effectum
1329 1522 1336 1564 :
1352 1504 1384 1563 et
1403 1499 1473 1564 ideo
1495 1506 1543 1563 est
1561 1501 1679 1565 locutio

86 1607 266 1686 sentialiter,
280 1609 365 1690 quod
376 1609 494 1673 locutio
502 1613 549 1672 θεῖ
558 1608 740 1690 simpliciter
752 1608 849 1672 falsa:
906 1609 993 1674 ialsa.
1014 1609 1055 1674 Et
1077 1610 1139 1673 alia
1158 1609 1240 1671 ratio
1262 1612 1310 1669 est
1328 1605 1473 1688 specialis
1494 1606 1528 1668 in
1546 1606 1676 1685 divinis,

31 1762 48 1801 ¹.
85 1717 115 1776 et
136 1715 161 1776 si
182 1714 300 1778 alicubi
319 1715 437 1795 legitur
451 1716 473 1792 ¹,
493 1716 533 1778 ab
554 1715 660 1796 aliquo
679 1718 788 1777 sancto
805 1719 852 1777 est
905 1717 984 1798 quia
997 1736 1089 1781 amor
1101 1716 1273 1799 procedens
1286 1718 1333 1777 est
1347 1730 1439 1776 amor
1452 1714 1590 1796 proprie,
1612 1733 1678 1778 non

31 1888 32 1893 ἵ
84 1822 279 1901 exponenda.
297 1821 382 1885 Unde
395 1822 597 1903 Augustinus
608 1822 643 1884 iu
655 1820 711 1884 lib.
726 1820 851 1886 Retrac-
905 1841 962 1905 per
976 1823 1278 1917 appropriationem.
1300 1820 1339 1884 Εῖ
1353 1820 1486 1900 diligere
1507 1829 1554 1885 est
1566 1822 1678 1885 simili-

84 1928 335 1991 tattortumillam
349 1928 385 2010 (b)
397 1933 545 1993 retractat
558 1928 674 2006 dicens,
686 1927 771 2010 quod
787 1945 852 1990 me·
905 1935 953 1992 ter
970 1931 1091 1996 dictum
1114 1929 1324 2006 notionuliter,
1344 1927 1431 1990 unde
1446 1926 1596 2010 importat
1612 1929 1677 1992 ori-

45 2022 50 2025 ’
83 2031 143 2095 lius
156 2033 245 2096 illum
259 2035 469 2116 quaestionom
483 2036 516 2098 iu
530 2035 620 2099 libris
633 2034 673 2101 de
692 2034 851 2101 Trinitate
904 2038 1035 2118 ginem,
1058 2042 1209 2119 utsupra
1227 2038 1438 2098 monstratum
1453 2039 1501 2096 est
1522 2056 1529 2097 :
1551 2036 1605 2098 sed
1626 2055 1676 2099 sa-

82 2140 238 2218 tractavit,
245 2141 442 2205 ubi¹seilicet
453 2141 529 2206 dicit
536 2142 742 2219 contrarium,
750 2146 851 2205 osten·
905 2144 1024 2227 pientia
1035 2163 1160 2226 semper
1172 2141 1394 2216 essentialiter3
1411 2144 1443 2204 θῖ
1455 2139 1516 2204 hoc
1530 2143 1617 2224 quod
1630 2149 1678 2207 est

38 2332 40 2337 Α
82 2247 158 2309 deus
177 2249 266 2312 illam
280 2250 435 2313 rationem
452 2250 661 2314 nonvalere:
682 2250 743 2314 esi
758 2248 851 2313 Pater
903 2271 972 2316 esse
986 2253 1173 2333 sapientem,
1188 2248 1385 2313 nullomodo
1403 2247 1677 2314 dicitrunoliona-

80 2354 141 2417 iuit
153 2355 221 2419 sine
237 2355 327 2437 Filio,
342 2376 415 2421 cum
435 2356 534 2421 Filius
547 2359 588 2421 sit
600 2359 627 2437 ej
633 2376 671 2421 us
683 2358 848 2440 sapientia,
903 2359 987 2439 liter,
1000 2359 1078 2441 quia
1098 2357 1187 2422 nullo
1206 2355 1301 2419 modo
1321 2355 1474 2435 importat
1490 2355 1673 2435 originem:

80 2460 173 2526 Pater
189 2463 252 2527 tuit
271 2465 425 2546 insipiens
443 2484 451 2528 :
470 2488 485 2523 n
510 2464 587 2545 quia
608 2464 762 2545 sapientia
783 2481 850 2527 non
903 2470 935 2530 θῖ
948 2466 1020 2530 ideo
1035 2471 1082 2531 est
1094 2465 1212 2530 locutio
1225 2463 1314 2527 ialsa.

78 2575 206 2635 tautum
216 2575 366 2637 convenit
376 2572 475 2652 Filio,
496 2574 551 2636 sed
571 2572 655 2636 Patri
674 2577 706 2636 et
718 2571 800 2635 Filio
819 2576 850 2635 θῖ
942 2580 974 2652 2,
990 2579 1053 2639 [tet
1064 2556 1095 2638 tj
1112 2575 1160 2638 lld
1173 2573 1253 2637 illud
1266 2569 1351 2652 quod
1363 2568 1514 2650 objicitur
1525 2574 1609 2653 quod
1619 2571 1676 2638 Pa-

79 2675 211 2761 Spiritui
234 2686 353 2744 sancto.
376 2681 414 2745 Et
432 2683 493 2746 boe
508 2682 616 2763 ipsum
639 2681 673 2742 iu
697 2680 788 2743 libris
812 2682 849 2746 de
904 2686 952 2745 ter
961 2682 1053 2746 novit
1062 2681 1171 2745 omnia
1186 2681 1221 2743 in
1232 2678 1323 2753 Filio,
1339 2676 1508 2740 dicendum
1520 2680 1607 2760 quod
1619 2681 1676 2745 dii-

81 2785 242 2854 Tt‘t'nitate
267 2787 341 2851 dicit
361 2788 396 2851 in
418 2788 564 2870 pluribus
579 2788 674 2867 loris3
698 2788 754 2852 sed
779 2806 849 2850 ma·
902 2789 1122 2853 ieruntdicerc
1135 2808 1144 2851 ε
1159 2787 1364 2867 Naucrate,
1382 2789 1481 2853 etrite
1490 2786 1675 2855 FilioNam

77 2893 165 2958 xime
179 2895 214 2957 in
226 2894 265 2958 Vl
280 2900 311 2959 et
326 2894 389 2959 XV.
602 2896 606 2904 '
902 2915 976 2960 cum
994 2897 1130 2961 dieitur:
1149 2894 1248 2961 Novit
1266 2897 1367 2976 Filio,
1381 2898 1538 2961 ablativus
1555 2896 1675 2977 impor-

117 3001 208 3065 l.Ad
220 3001 298 3066 illud
308 3021 387 3083 ergo
398 3003 484 3085 quod
494 3002 643 3083 objicitur
651 3003 737 3085 quod
747 3000 848 3066 Filius
901 3010 947 3068 tat
967 3006 1126 3069 rationem
1151 3005 1265 3068 iormae
1289 3004 1341 3067 vel
1368 3004 1515 3088 principii
1536 3021 1674 3085 cognos-

76 3112 123 3173 θεῖ
150 3110 307 3193 sapientia
340 3115 372 3175 et
405 3111 509 3175 virtus
529 3108 650 3188 Patris,
676 3109 846 3175 dicendum
901 3112 992 3176 cendi
1015 3131 1024 3176 :
1051 3117 1083 3177 et
1107 3112 1178 3176 ideo
1200 3111 1277 3174 talea
1299 3114 1347 3175 θεῖ
1378 3112 1573 3196 simpliciter.
1598 3110 1675 3176 Haec

74 3218 162 3300 quod
186 3219 246 3282 ista
263 3219 469 3283 conceditur:
489 3217 616 3282 «Filius
633 3221 680 3282 est
692 3219 847 3301 sapientia
901 3223 1007 3281 tamen
1020 3224 1067 3283 est
1080 3218 1318 3299 distinguenda.
1334 3220 1432 3286 Novit
1445 3223 1482 3286 itt
1492 3220 1586 3298 Fttto,
1598 3221 1674 3302 qula

75 3322 180 3388 Patris
200 3327 394 3408 sapientis3u
413 3344 473 3389 nec
489 3330 598 3389 tamen
616 3325 698 3388 ista:
719 3349 735 3385 a
754 3323 847 3389 Pater
901 3328 1081 3410 praepositio
1098 3329 1137 3392 itt
1154 3346 1229 3391 cum
1243 3345 1302 3390 suo
1321 3329 1439 3392 causali
1453 3333 1555 3411 potest
1567 3330 1671 3392 deter-

72 3435 256 3515 estsapiens
264 3431 662 3516 sapientiagenita.rUnde
671 3433 846 3496 noandum
901 3436 1024 3498 minare
1037 3434 1098 3498 hoc
1109 3435 1257 3513 verbum,
1267 3435 1377 3509 Novit,
1393 3436 1427 3498 in
1437 3436 1672 3520 comparatione
1723 3425 1726 3430 ⁴

72 3541 161 3622 quod
177 3559 252 3604 cum
262 3541 539 3623 dicitursapientia
549 3540 846 3621 alieuiushocdici-
900 3544 939 3606 ad
951 3544 1148 3625 subiectum.
1170 3547 1201 3605 et
1220 3548 1297 3607 tunc
1311 3548 1359 3607 θεῖ
1371 3545 1488 3610 locutio
1510 3548 1587 3611 ialsa
1602 3566 1610 3608 :
1626 3551 1673 3611 est

70 3654 127 3712 tur
139 3650 329 3730 dupliciter:
346 3653 402 3714 aut
421 3650 503 3713 sicut
519 3649 664 3731 subjecti,
681 3655 716 3713 ut
733 3649 845 3713 albedo
899 3651 985 3714 cuim
1005 3668 1117 3713 sensus
1135 3649 1222 3731 quod
1240 3648 1344 3714 Filius
1357 3652 1397 3715 sit
1413 3652 1498 3716 Patri
1515 3655 1597 3718 ratic
1615 3672 1672 3717 oo-

69 3754 177 3836 Petri3
203 3762 260 3821 aut
281 3758 366 3821 sicut
384 3756 551 3840 principii,
576 3755 737 3836 genitivus
756 3758 843 3820 enim
898 3757 1083 3838 gnoscendi.
1095 3754 1261 3838 Vclpotest
1269 3758 1405 3822 verbum
1416 3760 1628 3825 determinare
1638 3762 1671 3824 iu

68 3864 234 3945 originem
247 3866 417 3946 importat:
431 3864 584 3946 quoniam
599 3882 678 3945 ergo
689 3863 788 3928 Filius
797 3871 844 3928 est
898 3863 1133 3946 comparatione
1145 3864 1185 3927 ad
1197 3864 1371 3944 objectum,
1386 3873 1418 3930 θῖ
1431 3874 1507 3930 tune
1521 3886 1598 3931 vera
1611 3873 1669 3948 est,

66 3973 228 4055 sapientia
238 3972 361 4036 babens
370 3972 529 4053 originem
543 3991 563 4035 a
577 3970 677 4046 Patre,
688 3972 760 4036 ideo
773 3972 844 4036 baee
897 3979 929 4035 θῖ
940 3976 987 4035 θεῖ
997 3989 1121 4050 sensus,
1134 3971 1221 4053 quod
1231 3970 1333 4034 Filius
1346 3974 1387 4036 sit
1399 3974 1434 4036 in
1446 3975 1544 4038 rebus
1557 3976 1671 4056 cogui-

66 4081 208 4141 estvera
224 4101 231 4141 :
249 4078 743 4161 «liliusestsapientiapatris.1>
761 4079 841 4143 Cum
897 4081 937 4149 tis
948 4080 1041 4159 ratio,
1055 4085 1086 4143 θῖ
1096 4079 1271 4162 exemplar,
1292 4084 1323 4143 et
1336 4099 1433 4145 causa
1454 4084 1668 4164 exemplandi.

65 4190 181 4249 autem
197 4185 330 4250 dicitur:
347 4209 362 4246 a
377 4185 469 4250 Pater
486 4191 533 4249 est
547 4187 672 4269 sapiens
688 4187 843 4269 sapientia
898 4187 936 4251 Et
957 4187 1044 4270 quod
1064 4188 1123 4250 iste
1144 4187 1242 4269 possit
1263 4205 1332 4252 esse
1354 4207 1466 4254 sensus
1483 4191 1669 4266 locutionis,

65 4294 197 4374 genita3
210 4315 226 4352 u
238 4294 398 4356 ablativus
405 4295 600 4358 construitur
609 4294 644 4358 in
653 4295 774 4358 ratione
787 4295 843 4359 ali·
897 4299 983 4376 patet
1002 4312 1010 4355 :
1024 4295 1081 4377 qui
1098 4294 1187 4358 enim
1201 4296 1337 4376 perlecto
1351 4298 1514 4377 cognoscit
1534 4297 1667 4380 aliquid,

65 4404 167 4482 cujus
179 4400 380 4478 causalitatis,
397 4401 448 4464 vel
466 4401 499 4463 in
513 4401 699 4465 habitudine
711 4403 839 4483 iormae,
896 4403 1059 4483 cognoscit
1071 4419 1166 4465 omne
1177 4401 1262 4483 quod
1276 4403 1369 4466 estin
1381 4403 1435 4468 illo
1452 4406 1501 4468 :si
1513 4423 1592 4485 ergo
1606 4405 1670 4470 Pe-

65 4509 121 4573 vel
131 4509 293 4591 principii,
306 4509 622 4589 etmarimeiormae3
631 4511 742 4574 etideo
751 4511 839 4589 falsa,
897 4513 945 4571 ter
958 4508 1093 4590 perfecte
1106 4508 1269 4588 cognoscit
1279 4507 1408 4588 Filium,
1419 4515 1451 4574 et
1460 4510 1495 4574 iu
1502 4510 1583 4576 Filio
1595 4518 1670 4576 sunt

65 4616 149 4698 quia
168 4615 191 4679 F
192 4616 266 4679 ilius
284 4635 343 4680 uec
359 4617 479 4695 forma,
501 4635 560 4680 uec
581 4618 775 4700 principium
794 4625 842 4685 est
897 4615 1017 4691 omnia,
1035 4631 1115 4696 ergo
1128 4615 1239 4678 omnia
1252 4617 1415 4697 cognoscit
1435 4617 1470 4680 in
1489 4616 1569 4683 Filio
1585 4641 1593 4682 :
1610 4638 1670 4683 nec

65 4722 186 4788 Patris.
207 4723 239 4788 Si
256 4729 292 4788 tu
306 4742 431 4807 quaeres
444 4744 543 4807 quare
560 4744 626 4788 nou
647 4728 843 4793 construitur
897 4726 1005 4786 tamen
1017 4741 1059 4785 ex
1075 4722 1137 4785 hoc
1150 4723 1295 4805 sequitur
1316 4723 1404 4805 quod
1417 4725 1458 4787 sit
1475 4728 1600 4808 sapiens
1612 4725 1669 4790 Fi-

65 4829 103 4890 in
120 4830 246 4891 ratione
259 4828 401 4892 formalis
414 4828 554 4906 effectus
570 4829 653 4893 sicut
666 4848 842 4895 emarcum
897 4830 957 4906 lio,
974 4830 1051 4912 quia
1073 4833 1152 4892 tune
1174 4828 1385 4910 significatur,
1407 4831 1493 4913 quod
1511 4829 1612 4896 Filius
1630 4833 1669 4897 sit

64 4938 234 4999 amantea
248 4956 312 5018 quo
323 4937 474 5019 procedit,
488 4938 656 5002 dicendum
676 4940 762 5021 quod
776 4957 842 5002 non
897 4936 978 4999 ratio
991 4937 1202 5016 cognoscendi
1216 4936 1275 5018 ipsi
1289 4934 1387 4999 Patri.

65 5045 119 5104 θεῖ
132 5040 260 5106 simile:
283 5048 315 5106 et
336 5043 435 5126 hujus
453 5044 571 5126 duplex
592 5049 639 5107 est
661 5045 760 5124 ratio,
776 5064 842 5109 una
938 5046 967 5105 5.
982 5042 1032 5105 Ad
1045 5042 1123 5114 illud
1135 5042 1221 5124 qrrcd
1230 5042 1380 5124 objicitur
1389 5043 1505 5108 ultimo
1517 5046 1602 5126 quod
1612 5045 1668 5110 Pu·

64 5151 267 5227 communis,
277 5154 308 5213 et
317 5152 379 5214 alia
388 5151 530 5233 specialis
543 5174 550 5214 :
562 5152 754 5228 communis,
768 5170 841 5232 quae
898 5154 946 5214 tcr
959 5150 1034 5213 dicit
1046 5150 1156 5214 omnia
1169 5149 1284 5227 Verbo,
1299 5152 1473 5216 dicendum
1487 5153 1573 5234 quod
1587 5155 1665 5235 hoc,

65 5262 201 5336 sumpta
225 5263 272 5320 est
291 5276 311 5319 a
331 5259 504 5332 creaturis,
530 5259 683 5339 quoniam
710 5259 842 5339 quidem
898 5257 984 5339 quod
992 5261 1039 5320 est
1047 5255 1163 5334 dicae,
1172 5256 1324 5339 importat
1334 5258 1505 5337 originem,
1518 5259 1669 5343 importat

103 5399 290 5452 enormen
304 5401 712 5464 August.lib.txxxlttoaast.,
728 5412 844 5466 qumi,
899 5419 943 5468 seo
967 5416 1197 5466 remeaverat
1220 5375 1337 5476 recreer,
1357 5432 1379 5466 ι.
1403 5429 1479 5481 xxva
1502 5419 1546 5468 ru.
1569 5421 1611 5469 vu
1639 5421 1669 5471 aa

104 5489 141 5553 (a)
158 5491 231 5550 Quod
240 5490 338 5554 demam
348 5493 373 5540 st
385 5490 457 5541 vetes.
466 5518 498 5530 -
512 5491 545 5554 (t)
558 5491 618 5544 Cart,
631 5490 692 5542 east.
707 5491 759 5542 illa.
899 5492 978 5552 Tria,
989 5505 1012 5540 c.
1025 5493 1050 5540 l.
1059 5513 1090 5527 -
1103 5488 1115 5522 ³
1133 5491 1210 5553 Aug,
1223 5488 1253 5539 cic
1273 5490 1351 5550 turc,
1364 5490 1408 5541 lib.
1420 5490 1465 5541 vll
1473 5527 1482 5553 ‚
1498 5505 1521 5541 c.
1536 5504 1560 5555 t,
1581 5507 1608 5543 n.
1620 5497 1645 5543 2.
