4100 6300
705 476 893 542 DlSTlNCT.
916 477 995 543 Xlil.
1587 483 1645 543 mr

57 616 225 695 naturam,
247 607 303 677 sad
325 616 529 701 pernatare
548 611 676 679 unitam
699 612 969 697 similitudinem,
993 634 1052 704 per
1070 613 1276 681 nativitatem
1300 612 1439 680 viventis
1459 636 1499 680 ex
1513 612 1645 681 vivente

57 733 196 794 natura:
212 723 291 793 dum
314 747 453 794 resnou
473 726 600 811 differt,
624 727 705 796 dum
725 735 879 797 naturam
903 728 961 797 Dei
986 751 1054 797 nou
1077 728 1252 817 degenerat
1278 728 1450 811 nativitas,
1476 728 1556 796 darm
1577 752 1644 798 non

56 841 147 909 aliud
170 840 296 932 aliquid
324 865 363 910 ex
388 842 456 911 Deo
478 866 579 934 quam
601 842 690 912 Deus
709 845 853 912 nascitur
868 870 876 912 ε
892 844 973 914 dum
1000 845 1085 913 nihil
1105 846 1141 913 in
1164 845 1215 913 his
1239 867 1363 912 novum
1387 852 1450 928 est,
1465 844 1549 910 nihil
1565 845 1644 911 alie-

56 982 158 1045 num,
179 958 263 1026 nibil
284 959 475 1052 separabile.
492 988 509 1026 a
526 960 606 1027 Ecce
628 960 680 1028 his
699 961 826 1046 verbis,
843 970 941 1052 prout
959 962 1107 1031 humana
1118 961 1275 1054 permittit
1286 960 1473 1046 infirmitas,
1485 962 1642 1052 aperitur,

56 1098 98 1144 ex
122 1099 187 1167 quo
206 1098 301 1143 sensu
324 1075 473 1144 Christus
495 1075 616 1144 dixerit
634 1099 668 1144 se
687 1100 754 1145 esse
768 1078 803 1146 in
818 1079 927 1165 Patre,
944 1086 975 1146 et
988 1079 1120 1147 Patrem
1135 1078 1170 1147 in
1182 1101 1227 1146 se.
1243 1077 1293 1146 Ex
1306 1078 1421 1147 eodem
1435 1077 1535 1146 etiam
1548 1100 1645 1146 sensu

56 1181 259 1281 intelligitur
274 1190 417 1282 Spiritus
439 1200 571 1261 sauctus
590 1216 658 1262 esse
680 1193 716 1262 in
738 1203 897 1287 utroque,
914 1204 946 1264 et
959 1194 1092 1285 singula
1104 1218 1320 1287 personarum
1334 1195 1370 1264 in
1383 1195 1524 1284 singulis
1541 1221 1550 1256 τ
1566 1198 1646 1288 quia

55 1307 177 1376 seilicet
189 1308 225 1375 in
238 1307 378 1397 singulis
392 1314 439 1376 est
455 1308 567 1379 eadem
582 1309 754 1402 plenitudo
768 1311 964 1394 divinitatis
979 1320 1011 1380 et
1027 1312 1121 1380 unita
1133 1311 1317 1380 similitudo
1331 1319 1470 1398 naturae,
1486 1312 1644 1403 quianon

55 1433 105 1491 est
118 1425 221 1517 major
234 1426 347 1496 divina
361 1436 480 1495 natura
494 1428 528 1495 in
549 1428 663 1520 aliqua
677 1428 796 1496 harum
811 1451 1040 1520 personarum,
1056 1429 1112 1498 sed
1126 1430 1227 1498 unius
1240 1439 1272 1497 et
1286 1428 1504 1497 indifferentis
1519 1437 1647 1496 naturae

53 1548 135 1609 sunt
154 1541 204 1611 hm
226 1550 291 1610 tres
311 1565 471 1634 personae.
496 1544 639 1636 Ideoque
661 1546 763 1613 altera
786 1545 821 1613 in
841 1546 944 1613 altera
966 1567 1036 1615 esse
1056 1545 1189 1631 dicitur,
1211 1554 1250 1614 ut
1266 1545 1460 1638 pradictum
1475 1552 1535 1613 est.
1551 1542 1647 1612 Unde

53 1657 278 1744 Ambrosius¹,
298 1660 528 1750 praedictorum
547 1661 725 1731 verborum
748 1663 941 1732 sententiam
964 1662 1060 1731 nobis
1084 1662 1233 1755 aperiens
1252 1686 1351 1754 super
1364 1663 1543 1754 Epistulam
1557 1663 1588 1730 II
1602 1661 1649 1730 ad

55 1773 257 1858 Corinthios,
275 1799 309 1861 v,
325 1776 371 1844 ait
391 1802 399 1844 ε
421 1776 519 1846 «Per
536 1778 597 1845 hoc
621 1778 817 1867 intelligitur
835 1779 934 1846 Pater
953 1802 1021 1847 esse
1043 1778 1080 1846 in
1100 1769 1204 1863 Filio,
1227 1785 1259 1847 et
1275 1778 1382 1846 Filius
1395 1779 1430 1846 iu
1444 1778 1553 1860 Patre,
1569 1778 1649 1869 quia

52 1911 125 1958 una
146 1898 193 1958 est
214 1913 330 1961 eorum
352 1894 545 1963 substantia.
574 1895 623 1962 lbi
647 1894 735 1963 enirn
761 1902 809 1963 est
834 1895 962 1982 unitas,
986 1894 1045 1964 ubi
1068 1895 1162 1964 nulla
1186 1895 1370 1963 diversitas.
1397 1919 1414 1959 a
1438 1894 1519 1962 Ecce
1542 1893 1649 1962 tribus

52 2005 235 2075 illustrium
258 2007 404 2079 virorum
428 2010 640 2097 testimoniis,
665 2010 785 2079 scilicet
802 2011 1008 2101 Augustini,
1025 2011 1165 2097 Hilarii,
1180 2021 1280 2104 atque
1294 2010 1461 2079 Ambrosii
1478 2011 1513 2078 in
1532 2010 1646 2078 eodem

51 2123 325 2193 concurrentibus
338 2126 536 2194 revelatione
552 2126 696 2218 Spiritus
709 2128 810 2197 sancti
824 2128 859 2195 iu
873 2128 920 2197 eis
934 2127 1113 2221 loquentis,
1126 2127 1178 2219 pie
1194 2129 1325 2197 credere
1339 2126 1529 2197 volentibus
1539 2135 1648 2195 osteu-
1755 2179 1762 2191 ,

51 2239 147 2307 ditur
163 2240 291 2329 (tamen
304 2243 398 2332 quasi
406 2266 471 2335 per
482 2246 649 2336 speculum
664 2258 695 2314 et
708 2246 745 2314 in
758 2247 940 2340 oenipmate
951 2246 982 2337 ¹)
1009 2245 1151 2338 qualiter
1173 2244 1398 2336 accipiendum
1423 2243 1484 2328 sit,
1500 2264 1575 2310 cum
1595 2242 1646 2309 di-

50 2355 141 2424 citur
153 2355 250 2426 Pater
263 2357 299 2426 in
312 2357 397 2428 Filio
413 2383 498 2448 esse,
515 2362 567 2429 vel
580 2361 685 2430 Filius
697 2363 734 2431 in
747 2363 860 2449 Patre,
877 2363 931 2432 vel
944 2362 1088 2454 Spiritus
1103 2369 1234 2430 sanctus
1249 2362 1284 2429 in
1299 2369 1453 2454 utroque.

99 2471 164 2541 Sed
174 2474 244 2566 jam
258 2498 347 2544 nunc
361 2476 400 2545 ad
416 2477 619 2570 propositum
633 2479 818 2566 redeamus,
833 2489 1004 2573 coeptoque
1017 2480 1226 2562 insistamus,
1244 2478 1449 2547 ostendentes
1466 2476 1555 2568 quod
1576 2500 1645 2544 ma·
1660 2501 1712 2545 aaa
1735 2501 1767 2544 rr.

51 2590 230 2678 gnitudine
255 2592 349 2664 nulla
370 2594 471 2663 trium
491 2618 706 2687 personarum
723 2597 823 2665 aliam
841 2607 991 2688 superat;
1008 2598 1088 2690 quia
1102 2597 1207 2688 major
1222 2595 1307 2680 aliia,
1323 2617 1383 2662 nec
1397 2593 1504 2684 majus
1518 2592 1643 2683 aliquid
1668 2561 1769 2696 {Zabi

48 2715 133 2774 sunt
156 2707 230 2776 duae
249 2732 349 2800 quam
372 2734 456 2798 una,
472 2734 531 2780 nec
553 2721 618 2781 tres
635 2736 736 2805 quam
749 2713 844 2799 dnae,
861 2736 921 2782 nec
935 2714 1042 2804 major
1055 2713 1143 2781 Deus
1157 2735 1258 2805 quam
1272 2710 1395 2800 singuli
1411 2710 1551 2795 horum,
1567 2708 1645 2800 quia
1659 2699 1769 2792 'lffiluffi

46 2823 210 2912 singulus
223 2824 342 2895 horum
356 2829 518 2918 perfectus
530 2838 594 2914 εει,
610 2852 669 2898 nec
683 2838 731 2899 est
743 2853 810 2921 quo
824 2839 946 2899 crescat
958 2830 1017 2898 illa
1029 2831 1199 2921 perfectio.
1663 2812 1769 2920 ,iffi

97 2938 168 3008 Nec
181 2949 229 3009 est
241 2942 353 3034 aliqua
366 2945 469 3013 trium
483 2968 697 3037 personarum
714 2969 790 3037 pars
806 2946 885 3033 Dei,
901 2947 955 3015 vel
969 2945 1093 3015 divinae
1107 2946 1268 3038 essentiae,
1283 2945 1362 3038 quia
1379 2944 1514 3032 singula
1527 2943 1648 3011 harum
1669 2940 1768 3044 ffi·

45 3078 157 3126 verus
166 3065 199 3126 ει
207 3058 323 3148 plenus
332 3059 420 3128 Deus
438 3069 497 3148 est,
508 3070 540 3129 et
553 3069 621 3131 tota
634 3072 666 3130 ει
679 3062 777 3155 plena
790 3063 902 3132 diviua
915 3063 1056 3132 essentia
1069 3070 1129 3146 est,
1143 3070 1175 3131 ει
1189 3061 1262 3131 ideo
1277 3061 1373 3130 nulla
1387 3060 1525 3128 istarum
1536 3058 1649 3125 inTri-
1672 3065 1760 3170 313¹:-

44 3173 160 3242 nitate
169 3197 245 3266 pars
256 3184 314 3243 est.
330 3177 426 3245 Unde
439 3178 649 3268 Augustinus
660 3179 696 3247 in
709 3179 796 3248 libro
811 3181 905 3248 tertio
921 3182 1048 3250 Contra
1061 3179 1287 3249 Maximinum
1303 3178 1492 3247 haereticum
1505 3175 1550 3243 sic
1560 3176 1607 3243 ait
1639 3201 1646 3241 ε
1739 3157 1746 3170 ’

50 3318 70 3355 a
85 3290 195 3359 Putas
218 3291 323 3360 Βεεω
341 3293 473 3363 Patrem
492 3318 567 3363 cum
586 3295 671 3365 Filio
686 3303 719 3364 ει
731 3296 858 3387 Spiritu
870 3306 993 3382 sancto,
1009 3319 1117 3366 unum
1130 3296 1238 3364 Deum
1254 3316 1322 3363 esse
1336 3316 1404 3362 uon
1419 3315 1522 3383 posse.
1539 3292 1650 3360 Times

44 3407 148 3476 euim
164 3430 205 3475 ue
218 3408 317 3477 Pater
329 3410 370 3477 sit
384 3432 459 3502 pars
473 3410 572 3480 unius
588 3411 659 3493 Dei,
674 3412 733 3504 qai
745 3419 867 3480 constet
888 3436 928 3481 err
953 3411 1071 3481 tribus.
1096 3411 1174 3480 Noli
1193 3412 1254 3480 hoc
1277 3411 1391 3478 timere
1417 3435 1424 3476 :
1450 3408 1543 3476 nulla
1560 3408 1650 3476 enim

43 3524 90 3592 fit
107 3523 255 3615 partium
265 3525 302 3593 in
316 3526 450 3595 Deitatis
463 3527 589 3597 unitate
602 3526 719 3596 divisio
736 3553 744 3594 :
762 3551 848 3596 unus
862 3537 911 3597 est
923 3528 1010 3597 Deus
1022 3529 1141 3616 Pater,
1159 3538 1191 3598 et
1204 3529 1328 3614 Filius,
1351 3534 1383 3595 et
1397 3524 1541 3616 Spiritus
1559 3545 1651 3591 sanc·

44 3649 130 3727 tus,
147 3639 263 3727 idest,
278 3641 349 3733 ipsa
364 3642 508 3711 Trinitas
522 3666 611 3713 unus
623 3653 671 3713 est
684 3644 773 3713 Deus
786 3642 812 3713 ⁸.
827 3645 927 3734 Ergo,
941 3646 1066 3737 inquis,
1084 3646 1172 3714 Deus
1188 3646 1286 3714 Pater
1299 3652 1347 3713 est
1360 3665 1435 3735 pars
1449 3641 1520 3708 Dei.
1542 3640 1647 3708 Absit.

43 3758 138 3825 Tres
153 3756 242 3825 enim
256 3780 401 3848 personae
414 3765 492 3827 sunt
505 3760 613 3845 Pater,
629 3769 661 3829 et
671 3760 788 3847 Filius,
805 3769 837 3829 et
849 3760 992 3853 Spiritus
1002 3768 1135 3830 sanctus
1152 3787 1160 3828 :
1177 3770 1209 3828 et
1222 3760 1258 3829 hi
1273 3769 1350 3844 tres,
1367 3759 1447 3850 quia
1460 3755 1561 3825 unius
1574 3755 1651 3823 sub·
1691 3776 1753 3828 onor

42 3873 188 3942 stantia
201 3882 297 3960 sont,
312 3898 417 3943 uuum
432 3884 529 3962 sunt,
545 3883 577 3944 ει
589 3899 718 3946 summe
734 3900 840 3945 unum
854 3887 943 3963 sunt,
960 3878 1019 3946 ubi
1033 3878 1129 3946 nulla
1144 3884 1357 3960 naturarum,
1373 3872 1468 3942 nulla
1481 3881 1529 3940 est
1542 3872 1652 3939 diver·
1665 3841 1769 3959 pffl..

42 3992 137 4060 sitas
150 3990 371 4060 voluntatum.
392 3992 429 4062 Si
450 3993 539 4060 enim
562 4000 682 4062 natura
704 4017 811 4063 unum
831 4002 950 4079 essent,
968 4002 1001 4063 et
1013 3994 1229 4064 consensione
1243 4016 1350 4061 unum
1364 4012 1431 4059 uon
1444 3997 1567 4074 essent,
1584 4011 1652 4056 non
1665 3976 1771 4097 ¹⁰ss35'

42 4128 190 4176 summe
210 4130 315 4175 unum
329 4117 447 4176 essent.
463 4107 500 4177 Si
513 4131 592 4177 vero
607 4118 726 4178 natura
739 4109 883 4202 dispares
899 4119 1017 4196 essent,
1033 4133 1101 4179 non
1115 4133 1244 4179 summe
1258 4131 1364 4177 unum
1382 4114 1498 4174 essent.
1514 4104 1559 4172 Hi
1573 4126 1652 4192 ergo
1666 4089 1770 4131 *¹⁰¹³oe

42 4234 136 4309 tres,
156 4222 236 4313 quia
250 4247 356 4293 unum
369 4232 446 4293 sunt
459 4234 592 4317 propter
606 4226 807 4296 ineffabilem
820 4227 1087 4318 conjunctionem
1101 4225 1243 4311 deitatis,
1251 4247 1319 4317 qua
1328 4222 1539 4291 ineffabiliter
1551 4243 1652 4311 copu·
1711 4288 1716 4297 .

42 4340 376 4425 lantur,unusDeus
389 4348 446 4408 est.
460 4342 542 4409 Pars
555 4365 633 4432 ergo
647 4342 818 4413 Trinitatis
832 4365 900 4412 esse
914 4365 982 4412 non
992 4350 1099 4434 potest
1110 4341 1314 4433 quicumque
1325 4361 1415 4407 unus
1423 4338 1516 4406 estin
1529 4336 1647 4405 tribus.

42 4458 90 4525 In
108 4454 274 4525 Trinitata
287 4478 365 4545 ergo
377 4479 452 4548 quae
465 4456 552 4526 Deus
565 4466 625 4544 est,
641 4467 673 4528 et
687 4459 785 4528 Pater
793 4460 881 4528 Deus
895 4467 955 4544 est,
971 4466 1004 4527 ει
1016 4458 1123 4526 Filius
1136 4456 1226 4526 Deus
1241 4465 1301 4541 est,
1314 4464 1347 4523 et
1360 4453 1505 4546 Spiritus
1523 4461 1654 4523 sanctus

41 4574 150 4642 Deus
164 4579 223 4657 est,
239 4580 272 4640 et
283 4572 382 4640 simul
397 4572 431 4641 hi
446 4582 509 4642 tres
522 4597 609 4644 unus
622 4575 722 4645 Deus.
735 4575 803 4645 Nec
818 4576 918 4668 hujus
933 4575 1106 4644 Trinitatis
1119 4573 1216 4641 tertia
1230 4594 1305 4663 pars
1323 4580 1370 4638 est
1387 4593 1496 4656 tinus,
1513 4592 1572 4637 nee
1586 4592 1654 4638 ma-

37 4691 110 4782 jus
124 4686 254 4777 aliquid
267 4687 346 4775 duc,
362 4712 461 4781 quam
477 4713 565 4759 unus
578 4700 627 4759 est
639 4691 685 4760 ibi
702 4718 710 4760 :
725 4715 785 4762 nec
799 4692 906 4783 majus
920 4691 1048 4784 aliquid
1063 4699 1139 4758 sunt
1155 4711 1281 4773 omnes,
1296 4709 1397 4779 quam
1411 4685 1534 4775 singuli
1551 4710 1558 4751 :
1575 4686 1655 4777 quia

42 4802 238 4899 spiritalis,
261 4826 328 4873 non
344 4806 521 4897 corporalis
543 4815 592 4876 est
612 4809 817 4899 magnitudo.
844 4809 909 4894 Qui
920 4820 1033 4901 potest
1057 4830 1186 4900 capere,
1206 4804 1344 4896 εαρὶαι5
1360 4829 1369 4890 3
1384 4802 1443 4894 qui
1462 4808 1572 4869 autem
1587 4823 1655 4869 non

41 4927 181 5014 potest,
196 4919 320 5007 credat,
336 4930 368 4990 et
384 4929 454 4991 oret
477 4931 514 4992 ut
533 4925 624 5016 quod
643 4925 764 5011 credit,
780 4925 958 5015 intelligat.
975 4925 1103 4995 Verum
1119 4932 1167 4992 est
1179 4922 1269 4990 enim
1282 4919 1371 5012 quod
1385 4941 1444 5010 per
1456 4917 1655 5009 Prophetam

41 5037 300 5109 dicitur⁸zNisi
309 5037 524 5123 credideritis,
536 5064 604 5109 uon
614 5041 816 5134 intellipetis.
829 5069 847 5108 a
860 5041 920 5109 His
928 5041 1040 5110 verbis
1050 5047 1163 5132 aperte
1179 5034 1573 5108 ostenditindifferentem
1588 5056 1657 5101 ma·

41 5152 272 5245 gnitudinem
286 5154 386 5223 trium
401 5177 627 5246 personarum.
643 5158 725 5225 ltem
741 5158 776 5226 in
790 5158 904 5228 eodem
918 5158 1047 5250 capiar:
1067 5184 1084 5224 a
1099 5160 1148 5226 Tu
1167 5165 1286 5246 nempe
1299 5152 1411 5221 dixisti
1424 5173 1530 5221 unum
1550 5150 1656 5219 Deum

84 5339 95 5372 ¹
110 5334 249 5397 ambros,
260 5333 302 5383 vel
315 5335 400 5398 potios
413 5335 523 5385 Hilarius
537 5336 642 5399 Sardus,
656 5336 683 5385 tn
695 5337 777 5400 Epist.
790 5335 856 5387 llud
868 5337 917 5387 Cor
925 5372 942 5397 .,
953 5350 976 5386 c.
987 5348 1013 5400 v,
1024 5336 1070 5385 ubi
1081 5301 1274 5399 explanatillud
1283 5346 1289 5383 :
1299 5334 1365 5382 Deus
1375 5336 1430 5380 erat
1444 5331 1470 5378 in
1482 5328 1591 5387 Christo,
1606 5331 1656 5382 etc.

43 5436 82 5449 -
92 5408 128 5457 Ἰ
147 5406 484 5472 Cor.,1111,12.-⁸Aug.,
500 5407 571 5459 Cant.
585 5408 731 5471 Mastane,
746 5407 790 5458 tib.
805 5409 855 5474 ΙΙΙ,
870 5407 903 5458 al.
917 5409 957 5471 lt,
971 5422 994 5457 c.
1005 5419 1032 5470 x,
1047 5404 1257 5468 n.1.-·1tta.,
1271 5418 1299 5454 n.
1320 5406 1344 5454 2.
1359 5430 1391 5440 -
1405 5403 1416 5438 ⁸
1431 5400 1534 5465 nato,
1546 5411 1600 5463 ιιι,
1618 5403 1659 5454 12.

43 5479 179 5540 -usa,
188 5476 348 5542 v11,9,J'uxta
357 5479 553 5544 ιιι-ἵης,
566 5478 608 5529 loc
620 5478 664 5529 cit.
676 5492 704 5531 n.
714 5480 740 5529 3.
