4100 6300
715 477 902 544 orsuuer.
926 477 1004 543 ur.
1063 447 1064 450 ‘
1599 483 1658 544 aro

82 616 192 710 species
204 622 261 700 est,
276 612 450 683 individua
469 622 580 683 autem
597 612 779 699 Abraham,
793 614 904 701 Isaac,
919 623 951 682 et
964 614 1076 684 Jacob.
1093 612 1129 682 Si
1142 614 1231 682 enim
1245 614 1383 684 essentia
1395 614 1515 706 species
1535 622 1596 696 est,
1618 624 1673 708 ut·

83 734 190 816 homo,
213 730 296 799 sicut
316 753 384 799 non
405 730 525 799 dicitur
548 752 637 799 uuus
653 729 753 799 homo
775 752 843 798 esse
865 729 1054 815 Abram,
1068 731 1172 818 Isaac,
1188 730 1352 815 etlacob,
1374 730 1420 799 ita
1443 753 1510 798 non
1534 730 1655 798 dicitur

83 871 144 917 una
164 846 298 915 essentia
317 869 386 915 esse
408 855 473 915 tres
495 869 653 939 personae.
679 847 754 916 Non
781 847 892 937 itaque
920 847 1101 916 secuudum
1120 870 1225 937 genus
1239 856 1271 915 et
1284 848 1404 939 species
1423 848 1485 915 ista
1505 847 1655 916 dicimus.

121 962 302 1032 Notandum
325 962 424 1031 etiam
446 963 535 1054 quod
549 962 687 1031 essentia
699 962 812 1031 diviua
823 984 890 1031 non
904 971 953 1032 est
965 963 1103 1033 materia
1115 962 1217 1032 trium
1232 986 1461 1054 personarum,
1477 970 1514 1032 ut
1527 966 1659 1053 Augus·
1689 987 1733 1029 ree
1748 1000 1781 1029 a.

1687 1049 1780 1091 cundum

81 1081 164 1149 tinus
183 1079 218 1146 in
239 1079 353 1147 eodem
370 1079 456 1148 libro
479 1080 571 1148 docet
584 1080 615 1166 ¹,
634 1107 651 1144 s
665 1089 824 1170 tauquam
839 1080 1019 1148 secundum
1034 1102 1242 1149 communem
1257 1081 1472 1172 eamdemque
1489 1080 1659 1148 materiam
1683 1113 1781 1153 intrens-

1675 1173 1717 1216 lem
1729 1185 1779 1214 eau-

81 1205 140 1265 tres
150 1217 294 1287 personae
306 1196 458 1265 dicantur
473 1219 540 1264 esse
555 1220 622 1264 una
635 1196 787 1281 essentia,
803 1195 887 1265 sicut
902 1219 943 1265 ex
956 1196 1070 1266 eodem
1083 1218 1165 1265 auro
1179 1198 1208 1264 si
1221 1196 1338 1265 fierent
1355 1205 1420 1264 tres
1434 1205 1561 1281 stature,
1575 1197 1660 1266 dice·
1683 1249 1727 1278 ,Μ
1744 1237 1775 1277 u-

81 1335 183 1381 remus
200 1320 265 1380 tres
284 1320 407 1381 statuas
429 1336 535 1381 unum
553 1336 683 1383 aurum.
700 1312 775 1381 Non
788 1322 899 1381 autem
920 1314 965 1380 sic
978 1312 1194 1398 Trinitatem,
1213 1312 1247 1379 id
1267 1319 1332 1398 est,
1354 1321 1419 1381 tres
1443 1335 1596 1403 personas
1612 1312 1660 1380 di·
1675 1303 1768 1402 βω

1685 1374 1719 1404 res
1734 1375 1782 1417 per·

79 1451 183 1497 cemus
199 1450 299 1496 uuam
327 1430 520 1514 essentiam,
541 1440 574 1497 et
594 1430 702 1499 Deum
722 1453 847 1515 unum,
870 1438 1029 1522 tauquam
1052 1452 1094 1497 ex
1111 1451 1178 1497 una
1191 1430 1328 1497 materia
1342 1429 1406 1497 tria
1418 1430 1571 1520 quadam
1585 1429 1662 1497 suh-
1675 1436 1781 1527 {2332}

79 1545 197 1612 sistant.
211 1544 250 1612 In
264 1545 380 1612 statuis
393 1545 482 1613 enim
496 1546 680 1637 aequalibus
694 1546 769 1636 plus
782 1545 855 1613 nuri
870 1553 918 1613 est
931 1553 996 1612 tres
1008 1545 1109 1614 simul
1125 1565 1225 1638 quam
1240 1545 1394 1634 singular,
1410 1552 1443 1613 et
1459 1544 1568 1612 minus
1586 1566 1627 1611 au
1634 1544 1662 1610 ri

79 1668 123 1728 est
142 1683 208 1727 una
233 1682 335 1751 qnam
358 1660 444 1729 dura.
473 1661 513 1727 lu
530 1660 589 1729 illa
615 1684 694 1730 vero
712 1661 850 1730 essentia
872 1661 1043 1729 Trinitatis
1066 1661 1161 1730 nullo
1183 1661 1280 1730 modo
1303 1669 1351 1728 est
1373 1661 1429 1728 ita.
1457 1687 1474 1725 c
1495 1660 1569 1728 Nou
1586 1681 1663 1749 ergo

78 1775 252 1844 secundum
264 1776 466 1845 materialem
484 1798 616 1844 causam
632 1786 697 1844 tres
711 1800 864 1868 personas
877 1801 980 1846 uuam
995 1777 1135 1847 dicimus
1154 1800 1222 1847 esse
1239 1776 1472 1863 substantiam,
1489 1777 1542 1844 vel
1558 1799 1664 1844 essen·

77 1892 162 1975 tiam,
178 1892 262 1960 sicut
278 1900 341 1960 tres
354 1901 471 1961 statuae
489 1892 648 1962 dicuntur
661 1916 768 1962 unum
784 1916 917 1963 aurum.

118 2009 175 2076 His
187 2031 321 2100 quoque
334 2008 522 2078 addendum
548 2018 616 2095 est,
633 2010 722 2102 quod
737 2019 803 2078 tres
816 2033 970 2102 personas
984 2033 1053 2080 non
1066 2010 1112 2079 ita
1124 2011 1264 2079 dicimus
1277 2033 1345 2079 esse
1358 2032 1460 2079 uuam
1474 2011 1659 2096 essentiam,
1701 2031 1794 2076 utera.

1685 2094 1785 2136 dicuntur

78 2133 114 2192 ut
137 2127 342 2214 Augustinus
358 2125 393 2194 in
416 2126 530 2195 eodem
544 2132 555 2166 ²
570 2128 629 2213 ait,
656 2127 709 2195 rel
733 2127 833 2196 unius
857 2128 1020 2212 essentia,
1036 2127 1120 2195 sicut
1133 2127 1272 2196 dicimus
1288 2128 1418 2220 aliquos
1435 2139 1502 2196 tres
1514 2127 1665 2196 homiues
1678 2159 1721 2197 aa
1736 2169 1785 2211 per-

1679 2232 1735 2262 floltoe
1743 2232 1785 2261 unu

77 2242 217 2332 ejusdem
236 2265 351 2329 sexuS,
367 2250 399 2312 et
412 2243 557 2333 ejusdem
581 2243 824 2333 temperationis
841 2244 1000 2335 corporis,
1018 2242 1231 2335 ejusdemque
1253 2243 1356 2312 animi
1370 2266 1472 2312 unam
1486 2266 1554 2311 esse
1568 2251 1664 2311 natu·
1679 2282 1784 2336 menn„

77 2380 156 2445 ram,
171 2359 223 2427 vel
238 2359 340 2428 unius
353 2368 491 2427 naturae.
506 2359 591 2427 Nam
607 2358 643 2426 in
657 2359 710 2427 his
723 2359 822 2427 rebus
834 2382 901 2428 non
917 2367 1046 2429 tantum
1060 2369 1108 2427 est
1117 2382 1205 2428 unus
1218 2359 1331 2445 homo,
1349 2369 1513 2451 quantum
1528 2370 1593 2428 tres
1606 2360 1663 2429 ho·
1690 2348 1787 2448 ζξῃξζξξ,

78 2472 177 2542 mines
195 2474 318 2561 simul,
334 2483 365 2544 et
384 2475 460 2566 plus
481 2475 608 2568 aliquid
630 2484 708 2544 sunt
722 2475 872 2544 homines
885 2476 951 2546 duo
966 2499 1068 2568 quam
1082 2499 1171 2544 unus
1184 2475 1303 2561 homo,
1319 2475 1403 2544 sicut
1416 2476 1451 2544 in
1467 2476 1585 2545 statuis
1598 2500 1665 2545 esse
1680 2482 1785 2583 ,22:¹⁰3

76 2587 215 2658 diximus
232 2616 241 2657 ι
256 2599 292 2659 at
305 2591 339 2658 in
354 2591 421 2661 Deo
435 2614 502 2660 nou
517 2602 565 2661 est
577 2592 633 2660 ita.
650 2592 724 2661 Nou
738 2591 827 2660 euim
839 2591 943 2684 major
956 2593 1095 2661 essentia
1104 2602 1152 2660 est
1165 2592 1262 2661 Pater
1278 2601 1310 2660 et
1323 2592 1428 2661 Filius
1438 2594 1550 2679 simul,
1564 2617 1665 2687 quam
1689 2596 1776 2700 ,23:¹2

74 2705 160 2773 solus
171 2706 273 2775 Pater
285 2707 339 2776 vel
353 2708 442 2776 solus
454 2707 580 2794 Filius;
595 2708 651 2777 sed
666 2717 730 2777 tres
743 2709 843 2777 simul
859 2708 926 2777 illae
938 2731 1086 2800 personat
1098 2709 1241 2802 aequales
1253 2717 1331 2777 sunt
1344 2709 1496 2799 singulis.
1513 2710 1562 2778 Ex
1579 2732 1667 2802 prae-
1783 2704 1786 2710 ’

74 2820 176 2890 missis
188 2830 280 2914 patet
292 2823 382 2914 quod
393 2832 458 2892 tres
471 2847 617 2916 personae
632 2824 789 2893 dicuntur
802 2825 915 2893 divina
928 2826 1077 2911 essentia,
1094 2848 1153 2894 uec
1167 2824 1346 2894 secundum
1363 2825 1566 2893 materialem
1590 2848 1667 2894 cau·

75 2958 152 3021 sam,
163 2946 202 3006 ut
214 2947 282 3006 tres
292 2947 409 3007 statuae
423 2962 529 3008 unum
543 2963 676 3026 aurum,
693 2939 941 3009 necsecundum
950 2941 1186 3033 complexionis
1198 2940 1464 3028 similitudinem,
1476 2949 1514 3009 ut
1531 2951 1595 3008 tres
1608 2941 1667 3010 ho·

73 3052 177 3121 mines
190 3055 295 3124 unius
306 3062 447 3142 naturae,
463 3078 524 3123 nec
537 3064 575 3123 ut
588 3078 693 3145 genus
707 3056 903 3150 praedicatur
913 3057 955 3124 de
968 3056 1149 3148 speciebus,
1163 3056 1215 3125 vel
1231 3069 1268 3124 ut
1282 3057 1403 3148 species
1415 3056 1456 3125 de
1470 3057 1665 3145 individuis,

74 3166 105 3234 id
116 3176 174 3255 est,
190 3172 363 3241 continens
375 3172 417 3241 de
428 3174 601 3259 contentis,
621 3173 727 3266 majus
750 3174 790 3242 de
805 3173 1000 3242 minoribus.

115 3286 175 3356 His
197 3297 311 3358 autem
328 3290 484 3359 videntur
504 3291 669 3360 adversari
691 3313 767 3383 quse
786 3290 923 3382 quidam
941 3312 1041 3359 sacrae
1061 3288 1240 3382 Scriptura
1256 3297 1444 3361 tractatores
1468 3292 1618 3361 catholici
1630 3293 1665 3359 iu
1690 3313 1786 3364 ouen-

1698 3377 1776 3420 deutur

72 3402 138 3472 suis
150 3404 283 3498 scriptis
294 3405 511 3494 tradiderunt,
526 3409 562 3474 in
576 3407 698 3498 quibus
711 3406 895 3496 siguificare
907 3406 1064 3475 videntur
1078 3407 1166 3498 quod
1180 3408 1319 3476 essentia
1334 3408 1448 3477 divina
1458 3408 1499 3476 sit
1508 3408 1664 3499 quiddam
1681 3438 1788 3481 autema

1682 3502 1790 3558 pradictts

73 3542 247 3591 commune
270 3529 304 3590 et
322 3523 527 3608 universale,
543 3521 636 3591 velut
654 3524 791 3615 species3
808 3531 873 3591 tres
895 3546 970 3592 vero
986 3545 1133 3615 persouae
1147 3525 1213 3591 sint
1225 3523 1289 3591 tria
1302 3523 1526 3615 particularia,
1540 3525 1604 3593 tria
1618 3525 1669 3592 in-

72 3635 208 3707 dividua
220 3659 363 3708 numero
376 3639 572 3708 differentia.
592 3638 689 3723 Unde
708 3639 851 3707 loannes
872 3639 1110 3727 Damascenus,
1125 3641 1212 3709 inter
1225 3639 1371 3709 doctores
1388 3640 1584 3709 Graecorum
1601 3664 1668 3709 ma·

73 3753 195 3840 ximus,
217 3756 256 3823 in
270 3756 355 3824 libro
377 3779 477 3847 quem
492 3755 532 3823 de
553 3755 718 3824 Trinitate
734 3756 880 3847 scripsit,
901 3778 1002 3848 quern
1020 3765 1054 3824 et
1078 3757 1167 3848 Papa
1187 3756 1356 3844 Eugenius
1380 3756 1549 3825 transferri
1576 3757 1667 3842 fecit,

73 3869 117 3936 ait
130 3880 166 3938 ⁸:
193 3872 432 3940 «Communia
457 3881 490 3940 et
514 3871 714 3940 universalia
734 3872 955 3962 praedicautur
975 3873 1015 3941 de
1038 3872 1192 3965 subjectis
1215 3872 1378 3964 sibiipsis
1400 3873 1666 3966 particularibus.

73 3984 258 4056 Commune
272 4010 351 4077 ergo
364 3988 546 4057 substantia
558 3995 618 4073 est,
635 3986 837 4079 particulare
850 4010 928 4056 vero
942 3989 1126 4081 hypostasis
1143 4041 1152 4074 ,
1167 3989 1274 4072 idest,
1298 4011 1448 4080 persona.
1465 3989 1669 4058 Particulare

73 4109 182 4171 autem
197 4104 333 4190 dicitur,
350 4126 418 4173 non
434 4104 524 4196 qrrod
548 4110 674 4195 partem
697 4112 826 4174 natura
838 4104 959 4190 hahet;
977 4106 1034 4173 sed
1048 4105 1243 4197 particulare
1257 4128 1410 4191 numero,
1426 4114 1464 4174 ut
1478 4114 1619 4191 atomus,
1635 4106 1668 4173 id

73 4210 135 4305 est,
150 4219 380 4289 individuum.
407 4219 554 4288 Numero
579 4219 692 4305 euim,
718 4242 786 4288 non
810 4229 946 4306 natura,
962 4220 1095 4289 differre
1115 4221 1270 4290 videntur
1283 4222 1482 4313 hypostases.
1505 4247 1522 4285 c
1539 4221 1621 4290 Item
1634 4220 1669 4288 iu

74 4334 188 4404 codem
202 4334 239 4403 ⁸:
259 4336 478 4406 «Substantia
499 4334 664 4424 siguificat
685 4356 896 4404 communem
919 4343 952 4404 et
967 4337 1266 4428 circumplectivam
1292 4336 1439 4427 speciem·
1458 4337 1668 4422 homoideon,

72 4448 107 4518 id
119 4458 182 4538 est,
196 4451 362 4520 similium
375 4451 492 4544 specie,
508 4451 739 4542 hypostaseon,
750 4451 783 4519 id
794 4461 854 4537 est,
868 4474 1095 4544 personarum,
1110 4459 1228 4544 utputa
1242 4454 1341 4540 Deus,
1358 4453 1472 4530 homo:
1489 4452 1671 4545 hypostasis

72 4574 184 4636 autem
198 4567 414 4637 individuum
429 4567 641 4650 demonstrat,
659 4567 693 4635 id
707 4576 766 4655 est,
780 4568 926 4654 Patrem,
941 4568 1084 4654 Filium,
1101 4577 1132 4638 et
1149 4569 1311 4660 Spiritum
1332 4576 1499 4654 sanctum;
1515 4571 1668 4656 Petrum,

74 4679 241 4770 Paulum,
263 4692 296 4753 et
316 4683 518 4774 hujusmodi.
536 4709 552 4747 o
571 4683 651 4752 Eece
678 4691 788 4775 aperte
810 4683 889 4752 dicit
905 4685 1120 4753 substantiam
1144 4707 1212 4754 csse
1239 4686 1441 4771 universale,
1469 4685 1670 4777 hypostasim

73 4821 150 4868 vero
165 4800 382 4892 particulare3
398 4809 430 4868 et
443 4799 532 4892 quod
553 4799 640 4868 Deus
662 4808 711 4869 est
728 4800 850 4892 species
867 4808 905 4869 ut
927 4801 1042 4889 homo,
1060 4810 1092 4870 et
1105 4801 1193 4893 quod
1212 4784 1320 4887 Pater,
1337 4810 1368 4870 et
1383 4802 1502 4887 Filius,
1518 4810 1550 4869 et
1563 4801 1669 4894 Spiri-

74 4921 127 4982 tus
139 4923 275 4985 sauctus
296 4925 374 4986 suut
392 4916 584 5002 individua,
599 4917 684 4985 sicut
697 4917 817 4986 Petrus
840 4925 872 4985 et
893 4917 1036 5005 Paulus,
1056 4941 1095 4986 eo
1117 4918 1206 5009 quod
1229 4940 1369 4987 numero
1393 4917 1551 4987 differunt
1571 4941 1579 4985 :
1596 4940 1672 5010 quar

72 5033 257 5120 praemissae
279 5034 452 5102 sententiaa
472 5033 804 5125 Augustinipenitus
829 5033 1049 5103 contradicere
1071 5034 1235 5103 ridentur.
1261 5034 1452 5124 Quid-ergo
1473 5034 1612 5104 dicimus
1630 5035 1671 5104 ad

74 5145 168 5217 baect
183 5148 257 5219 Hoc
279 5149 395 5241 utique
417 5149 524 5218 dicere
544 5172 719 5242 possumus
740 5159 840 5243 atque
862 5150 1040 5237 dehemus,
1057 5150 1146 5243 quod
1159 5173 1199 5219 ea
1212 5172 1288 5242 quae
1309 5151 1519 5240 Augustinus
1537 5151 1673 5221 tradidit

72 5266 245 5353 superius,
259 5265 328 5335 siue
339 5266 433 5335 omni
445 5265 650 5335 hesitatione
664 5266 812 5336 tenenda
824 5274 915 5337 sunt.

74 5417 253 5539 ..affluam
265 5417 410 5539 dpvfflott,
429 5417 475 5469 lib.
493 5417 549 5481 Vll,
567 5433 590 5469 c.
608 5430 648 5482 vr,
664 5432 691 5469 n.
704 5422 745 5470 tt.
756 5446 788 5458 -
799 5419 1018 5470 ²thid-‘toan
1033 5422 1196 5484 Damascen,
1214 5419 1258 5469 lib.
1279 5417 1367 5483 1u,de.
1385 5419 1488 5471 orthod.
1510 5420 1567 5471 Fid.
1591 5435 1615 5473 c.
1636 5432 1670 5473 vr.

199 5521 219 5553 .,
255 5524 261 5538 .
303 5523 311 5538 .
