4100 6300
344 378 404 441 eso
914 370 1226 439 suurnurnanu
1247 367 1323 435 nte.
1347 370 1370 433 r.
1393 315 1397 324 ¹

344 511 373 575 ci
390 511 476 575 bona
492 518 624 574 aterna.
646 507 736 574 Unde
757 508 912 592 sapientia
933 506 1117 592 superaddit
1172 504 1931 590 dicuntincompleticnem,sicutpatientia,pea

344 617 517 703 qnamdam
533 616 717 682 ulteriorem
733 616 900 695 virtutem,
914 633 988 699 quea
1001 614 1118 678 habili·
1171 617 1203 678 et
1222 613 1424 696 hujusmodi,
1444 632 1519 697 quae
1536 633 1602 679 non
1623 614 1747 678 cadunt
1767 613 1805 676 in
1823 612 1933 697 Dmpu

344 730 407 803 tat,
431 744 506 810 quae
530 726 713 807 comparata
734 723 774 787 ud
798 723 985 788 charitatem
1003 721 1118 816 minus
1171 721 1355 800 essentiam,
1371 721 1425 785 sed
1439 738 1651 803 percausam,
1666 721 1747 803 quia
1764 720 1933 802 hujumodi

345 833 430 897 hona
442 836 506 911 est;
526 831 580 896 sed
595 834 692 915 prout
704 831 825 896 claudit
836 831 1034 909 charitatem,
1048 847 1118 893 ma·
1171 831 1280 891 sunta
1297 828 1372 892 Deo.
1390 827 1526 906 Quidam
1541 833 1652 893 autem
1664 834 1744 893 sunt
1762 828 1934 892 hahitusd's

341 942 397 1024 ius
409 941 532 1005 honum
545 942 592 1003 est
605 938 729 1004 mhone
741 941 811 1022 ejus
823 939 911 1021 qnod
928 955 1119 1021 praesuppo-
1172 939 1279 1000 centes
1287 936 1574 1018 complementum3
1585 942 1619 1001 et
1627 935 1828 1019 hujusmodi
1838 937 1934 999 suntin

345 1049 412 1113 nit:
436 1050 468 1112 et
488 1047 533 1109 ita
546 1048 633 1128 patet
643 1046 730 1128 quod
749 1046 887 1110 charitas
903 1043 1054 1128 (praecise
1068 1044 1119 1108 lo-
1173 1042 1236 1106 lleo
1250 1043 1468 1121 essentialiter,
1482 1045 1566 1109 sicut
1576 1044 1730 1123 charitas,
1739 1049 1775 1109 et
1787 1046 1934 1128 sapienta,

345 1152 488 1238 qnando)
512 1155 561 1218 est
580 1153 882 1218 excellentissimum
902 1153 1043 1232 donum3
1067 1170 1119 1215 sa-
1172 1152 1205 1214 et
1218 1150 1416 1233 hujusmodi.
1440 1150 1623 1217 Notandum
1643 1157 1758 1217 autern
1786 1153 1936 1236 quodtu

345 1261 466 1345 pientia
481 1278 578 1338 vero,
608 1260 887 1344 praesupponenda
913 1259 983 1324 sive
1011 1258 1120 1342 impli-
1173 1257 1325 1339 gnstinns
1337 1258 1410 1324 vult
1421 1258 1536 1336 dicere,
1548 1260 1636 1344 quod
1650 1259 1738 1325 Deus
1753 1265 1807 1325 est
1820 1259 1937 1324 charitas

346 1370 446 1435 cando
459 1367 581 1433 donum
598 1367 772 1449 charitatis,
786 1368 903 1434 dicitur
918 1367 1120 1433 excettentts-
1172 1366 1394 1447 esmnhaliten
1411 1367 1464 1431 sed
1481 1367 1550 1451 ipse
1561 1385 1629 1431 non
1640 1369 1715 1432 vult
1730 1368 1852 1448 dicere,
1867 1369 1936 1451 quud

345 1478 478 1543 simum
1172 1474 1213 1538 sit
1226 1473 1364 1539 charitas
1376 1479 1484 1539 nostra
1497 1475 1719 1553 essentialiter,
1740 1476 1800 1540 sed
1818 1477 1938 1540 musal

386 1586 435 1651 td
452 1583 532 1650 illud
553 1583 641 1666 quod
656 1582 805 1666 objicitur
827 1580 867 1646 dc
880 1582 1118 1665 comequentia,
1172 1586 1232 1664 ter,
1248 1587 1279 1648 et
1301 1583 1538 1666 exemplariter.
1558 1583 1714 1661 Quamvis
1734 1584 1826 1648 enim
1841 1603 1939 1650 omne

346 1691 517 1758 dicendum
537 1689 623 1773 qnod
643 1692 783 1773 utroque
797 1688 892 1754 modo
907 1688 993 1754 bona
1011 1694 1069 1756 est.
1086 1690 1120 1756 Si
1173 1690 1309 1756 virtutes
1319 1691 1459 1756 habeant
1467 1691 1632 1775 exemplar
1644 1692 1939 1773 cognoscitivnmin

347 1801 434 1867 enim
455 1798 653 1880 intelligatur
670 1797 710 1862 de
728 1796 882 1861 charitate
900 1796 1053 1879 increata,
1075 1799 1121 1864 sic
1174 1798 1249 1879 lieo,
1265 1803 1297 1863 et
1314 1816 1426 1863 omnes
1438 1799 1579 1863 habeant
1591 1799 1759 1884 exemplar
1770 1803 1939 1866 secundun

346 1911 416 1993 ipsa
434 1911 484 1973 est
500 1908 624 1972 donum
643 1906 787 1990 primum
802 1909 834 1970 et
848 1906 1050 1990 praecipuum
1066 1930 1074 1973 ε
1089 1911 1121 1973 at
1173 1905 1413 1971 similitudinem
1427 1905 1641 1988 longinquam
1651 1929 1661 1985 ;
1673 1912 1785 1971 tamen
1800 1909 1939 1991 maedan

348 2016 485 2101 Spiritus
497 2018 626 2079 sanctus
645 2018 692 2078 est
708 2013 916 2096 hujusmodi:
932 2032 1011 2097 ergo
1025 2033 1119 2099 opor·
1172 2016 1311 2081 virtutos
1328 2034 1395 2081 non
1417 2015 1538 2080 hahent
1559 2016 1621 2081 sibi
1644 2019 1898 2099 mmaspondens
1912 2020 1940 2083 ir

347 2127 393 2190 tet
405 2124 491 2209 qnod
504 2123 575 2207 ipsc
588 2124 629 2186 sit
639 2121 777 2205 Spiritus
790 2125 929 2203 amotus,
945 2123 1021 2206 quia
1034 2125 1121 2208 quod
1173 2123 1238 2188 Deo
1266 2140 1324 2206 per
1348 2122 1468 2202 omnia,
1493 2123 1577 2186 sicut
1600 2122 1767 2206 patientia,
1792 2142 1867 2206 qnae
1885 2125 1940 2189 duc

347 2250 406 2316 per
418 2227 746 2313 superabundantiam
758 2228 885 2307 dicitur,
903 2230 962 2293 uni
974 2230 1034 2295 soli
1047 2248 1121 2294 con·
1174 2230 1259 2309 dicit,
1268 2228 1386 2293 scilicet
1397 2228 1591 2312 passionem,
1604 2233 1637 2293 et
1645 2230 1823 2312 superdei-ri
1833 2233 1941 2313 pm

348 2339 447 2405 venit
474 2337 508 2403 Si
528 2341 638 2403 autem
665 2338 704 2402 de
726 2337 878 2403 charitate
900 2340 1019 2417 creata,
1043 2341 1122 2402 tunc
1174 2340 1281 2403 nibus.
1306 2337 1469 2416 Quantum
1482 2338 1523 2402 ud
1545 2338 1708 2420 primum,
1724 2356 1794 2403 non
1808 2339 1941 2404 hahetir

350 2446 577 2530 consequentia
605 2444 781 2526 Augustini
802 2445 1010 2528 intelligenda
1033 2450 1080 2512 est
1101 2465 1122 2511 a
1174 2447 1238 2513 Deo
1258 2447 1516 2530 correspondens,
1529 2447 1584 2511 sed
1604 2451 1765 2529 quantum
1780 2447 1823 2511 ad
1836 2467 1941 2512 semn-

336 2557 439 2638 parte
452 2552 592 2619 nominis
605 2553 660 2616 sic.
676 2551 710 2616 Si
723 2552 859 2617 charitas
873 2558 979 2618 creata
990 2558 1122 2619 estma-
1174 2555 1253 2620 dnm
1276 2555 1393 2620 solum.
1413 2553 1554 2619 Charitas
1567 2559 1678 2618 autem
1695 2554 1940 2619 hahetamoren

331 2662 476 2727 -ximum
488 2660 573 2724 inter
585 2659 670 2724 donc
681 2663 797 2740 creata,
807 2664 840 2724 ct
848 2659 985 2745 Spiritus
993 2668 1123 2728 sanctus
1175 2662 1234 2726 sihi
1247 2663 1282 2726 in
1296 2661 1360 2725 Deo
1379 2679 1436 2744 per
1452 2662 1562 2726 omnia
1585 2662 1939 2744 correspondentemt

352 2769 533 2834 maximum
547 2771 594 2831 cst
604 2768 775 2847 donorum,
790 2786 869 2850 ergo
885 2768 1000 2834 melius
1012 2770 1122 2835 nomi·
1175 2785 1318 2832 amorem
1332 2786 1397 2833 non
1415 2771 1543 2833 tannim
1555 2769 1774 2847 essentialem,
1786 2770 1842 2834 sed
1854 2770 1940 2833 edan

350 2881 447 2941 natur
468 2876 599 2940 nomine
619 2873 695 2939 doni
717 2874 995 2957 excellentissimi,
1023 2895 1123 2960 quam
1176 2876 1393 2959 personalem:
1407 2881 1439 2940 et
1448 2876 1519 2941 ideo
1529 2875 1641 2940 dicunt
1650 2876 1940 2959 auctoritatesqnod

350 2983 424 3049 clio.
448 2982 650 3065 Consequens
661 3000 740 3064 ergo
753 2985 800 3046 cst
817 2988 855 3047 ut
877 2982 1013 3067 Spiritus
1026 3002 1121 3049 sanc-
1177 2982 1314 3066 Spiritus
1326 2988 1455 3049 sanctus
1476 2989 1524 3049 est
1537 2984 1772 3067 charitasque
1787 2985 1940 3067 difigtm

350 3095 403 3156 tus
413 3089 455 3155 sit
467 3088 614 3171 umus,
628 3089 682 3155 sed
696 3107 763 3156 non
773 3093 888 3171 creata,
903 3090 970 3157 imo
980 3091 1035 3158 illa
1048 3111 1123 3176 qnae
1177 3087 1279 3154 Deum
1293 3108 1302 3155 τ
1318 3091 1350 3155 et
1363 3088 1534 3169 ablativus,
1546 3106 1624 3173 quo,
1636 3090 1715 3155 dicit
1727 3090 1939 3155 habitudinffl

351 3198 433 3265 Deus
444 3201 502 3263 est.
1177 3201 1383 3263 nontantum
1392 3198 1939 3279 causaecfficientis,sedetiamiar·

668 3297 737 3344 ΜΒ·
764 3297 798 3343 V·
1178 3305 1370 3371 malis:non
1382 3305 1587 3389 perficientis,
1603 3306 1895 3391 sedexemphntis

505 3404 564 3456 Non
575 3403 663 3469 utique
673 3403 733 3455 ideo
747 3403 844 3457 dichtm
857 3408 904 3472 est,
919 3409 969 3458 etc.

390 3520 481 3598 Quod
493 3519 548 3585 Ilei
565 3520 742 3586 substantia
763 3525 811 3586 est
831 3526 940 3588 nostra
958 3525 1121 3608 patientia,
1492 3512 1563 3561 ⁰⁰¹³·
1581 3514 1628 3559 Ἦ·

351 3629 478 3693 videtur
494 3628 578 3693 male
599 3629 719 3708 dicere,
737 3629 814 3712 qrria
826 3630 963 3696 charitas
982 3652 1049 3716 qua
1065 3652 1124 3698 nos
1217 3639 1307 3692 Solum
1318 3644 1357 3691 est
1367 3640 1436 3705 quod
1452 3639 1622 3724 diudicium
1633 3638 1702 3691 titos
1714 3641 1801 3706 regni,
1811 3646 1839 3692 a
1848 3639 1908 3692 mos

351 3734 519 3816 diligimus
532 3734 644 3815 Deum,
657 3754 724 3800 non
737 3740 784 3801 est
796 3736 864 3819 ipse
882 3736 981 3817 Deus,
995 3740 1059 3804 nisi
1071 3741 1122 3806 in·
1214 3734 1221 3750 ‘
1482 3712 1642 3777 perdnoms

352 3841 536 3924 telligamus
554 3861 620 3925 quo
633 3842 800 3926 diligimus
818 3846 1053 3929 exemplariter,
1070 3849 1124 3914 vel
1218 3844 1350 3910 Videtur
1361 3845 1423 3910 hoc
1437 3845 1638 3910 maledicere
1657 3846 1700 3910 de
1718 3846 1805 3911 dono
1817 3846 1936 3910 charita

352 3949 521 4015 causaliter
537 3972 544 4013 ε
560 3967 655 4031 ergo,
678 3968 753 4013 cnm
767 3950 869 4015 dmile
882 3952 923 4015 sit
940 3952 979 4018 de
999 3955 1124 4036 patieu-
1177 3952 1236 4030 tis;
1249 3953 1328 4035 quia
1342 3957 1399 4017 aut
1412 3953 1554 4036 loquutur
1567 3953 1607 4017 de
1620 3953 1781 4018 divisione
1794 3960 1935 4037 quantun

351 4053 408 4131 tia,
422 4053 550 4117 videtur
565 4052 651 4135 quod
674 4053 875 4136 Augustinras
888 4056 972 4120 male
989 4058 1125 4124 destruit
1178 4060 1454 4143 adcognitiouem,
1466 4063 1523 4125 aut
1533 4064 1696 4142 quantum
1706 4060 1747 4125 ad
1760 4063 1936 4127 verinum:

351 4160 433 4225 illud
445 4159 559 4224 simile.
576 4157 673 4240 ltem,
686 4179 762 4225 cum
773 4161 856 4227 Deus
868 4163 963 4228 iaciat
976 4183 1036 4228 nos
1050 4165 1123 4230 dili·
1178 4169 1205 4232 si
1219 4174 1378 4252 quantum
1399 4168 1438 4232 ad
1455 4167 1624 4232 veritatem
1636 4215 1646 4246 ,
1669 4167 1733 4231 hoc
1762 4169 1875 4233 laisum
1887 4174 1935 4244 est

352 4273 475 4351 gentes,
504 4267 586 4333 sictu
609 4266 774 4351 patientes,
797 4287 897 4352 quare
922 4288 989 4336 non
1010 4272 1124 4337 dicitur
1178 4278 1341 4361 quianon
1362 4277 1468 4342 solum
1480 4277 1515 4340 in
1535 4277 1707 4357 charitate,
1731 4278 1788 4342 sed
1808 4278 1936 4342 mantin

353 4375 437 4441 Deus
449 4374 588 4440 chadtas
601 4379 720 4455 nostra,
740 4375 822 4441 sicut
831 4377 984 4460 patientia
996 4383 1124 4445 nostrat
1179 4385 1241 4450 fide
1255 4385 1397 4467 gratuita
1409 4389 1505 4468 etspe
1517 4384 1685 4464 differunt3
1698 4385 1727 4448 si
1739 4391 1894 4467 qnantum
1903 4384 1935 4447 ad

393 4483 486 4568 Resp.
502 4483 678 4550 Dicendum
691 4485 777 4567 quod
790 4484 873 4550 Deus
883 4490 931 4551 est
944 4487 1082 4553 charitas
1093 4495 1125 4554 et
1179 4492 1406 4575 cognitionem,
1423 4496 1501 4556 tunc
1513 4491 1649 4557 minime
1663 4492 1791 4573 dividit,
1805 4494 1878 4575 qnia
1889 4510 1934 4556 ns·

353 4592 571 4674 essentialiter,
581 4597 614 4658 et
623 4592 1037 4676 causaliter:essentialiter,
1047 4596 1126 4680 quia
1179 4601 1278 4665 scitur
1289 4598 1363 4682 quis
1375 4598 1437 4663 hoc
1449 4598 1572 4663 donum
1581 4599 1712 4663 habeat.

353 4700 388 4764 in
409 4719 443 4766 se
466 4720 559 4766 amor
583 4706 645 4780 est;
668 4701 847 4781 causaliter,
867 4703 945 4785 quia
971 4704 1006 4767 in
1032 4704 1125 4769 nohis
1220 4705 1499 4791 Respllirendum
1513 4706 1599 4789 quod
1618 4708 1730 4771 omnia
1748 4708 1830 4773 dona
1847 4709 1933 4772 virtu-

355 4825 497 4872 amorem
516 4808 622 4874 eflicit.
643 4808 703 4873 Sed
719 4807 803 4874 Deus
820 4827 888 4874 non
907 4813 955 4875 cst
972 4811 1125 4894 patientia
1178 4820 1250 4880 tum
1264 4820 1397 4898 possunt
1410 4832 1476 4877 esse
1495 4813 1659 4890 informia,
1677 4821 1797 4898 praeter
1812 4816 1932 4880 charita·

355 4916 571 4996 essentialiter,
593 4918 649 4982 sed
669 4917 773 4981 solum
794 4918 959 4984 causaliter
975 4941 983 4984 ε
1000 4923 1033 4985 et
1053 4920 1125 4986 ideo
1180 4929 1262 4988 tem:
1275 4927 1308 4987 ct
1323 4922 1478 5005 quoniam
1490 4927 1624 5003 possum
1632 4941 1703 4987 asse
1713 4923 1866 4999 iniormia,
1877 4941 1931 5006 μα’

321 5008 328 5026 ’
356 5021 538 5105 Scriptura,
560 5025 658 5088 istum
683 5024 847 5090 diversum
870 5025 1002 5091 modum
1030 5027 1123 5092 inve·
1180 5030 1382 5096 suutcssein
1392 5030 1491 5112 justis
1502 5034 1534 5092 et
1543 5032 1778 5112 peccatoribus,
1791 5031 1929 5097 etideoin

356 5131 458 5207 niens,
471 5131 547 5196 dicit
567 5131 668 5197 Deum
681 5151 750 5198 esse
770 5134 956 5216 patientiam
970 5140 1123 5215 nostram,
1180 5139 1242 5203 illis
1261 5156 1430 5220 nunquam
1449 5142 1641 5220 separantur
1656 5140 1699 5204 ad
1721 5141 1861 5205 invioenc
1881 5136 1928 5202 se

357 5238 499 5304 cillenm
510 5257 578 5305 esse
589 5241 786 5321 charitatem,
796 5243 866 5307 sine
877 5241 1048 5333 additione.
1061 5241 1125 5307 lla-
1180 5244 1319 5310 charitas
1331 5263 1499 5327 nunqnam
1515 5249 1621 5327 potest
1642 5265 1713 5312 csse
1723 5248 1866 5324 informis,
1883 5262 1928 5308 nac

359 5345 403 5411 tio
415 5351 525 5412 autem
545 5349 645 5432 hujus
662 5355 729 5427 est,
748 5352 835 5433 quod
849 5351 980 5434 mudum
996 5352 1125 5417 habitus
1180 5371 1249 5417 esse
1262 5371 1337 5417 cnm
1349 5355 1486 5434 peccato,
1495 5353 1573 5434 quia
1582 5358 1757 5440 amusejns
1767 5356 1927 5435 settim
