<?xml version="1.0" encoding="UTF-8"?>
<!DOCTYPE html PUBLIC "-//W3C//DTD XHTML 1.0 Transitional//EN"
    "http://www.w3.org/TR/xhtml1/DTD/xhtml1-transitional.dtd">
<html xmlns="http://www.w3.org/1999/xhtml" xml:lang="en" lang="en">
 <head>
  <title>
</title>
<meta http-equiv="Content-Type" content="text/html;charset=utf-8" />
  <meta name='ocr-system' content='tesseract 3.04.00' />
  <meta name='ocr-capabilities' content='ocr_page ocr_carea ocr_par ocr_line ocrx_word'/>
</head>
<body>
  <div class='ocr_page' id='page_1' title='image "./srecardinalissb00peltgoog_0027.png"; bbox 0 0 4100 6300; ppageno 0'>
   <div class='ocr_carea' id='block_1_1' title="bbox 876 457 1726 526">
    <p class='ocr_par' dir='ltr' id='par_1_1' title="bbox 876 457 1726 526">
     <span class='ocr_line' id='line_1_1' title="bbox 876 457 1726 526; baseline -0.001 0"><span class='ocrx_word' id='word_1_1' title='bbox 876 457 982 526; x_wconf 74' lang='lat' dir='ltr'>Vlla.</span> <span class='ocrx_word' id='word_1_2' title='bbox 1669 478 1726 525; x_wconf 82' lang='lat' dir='ltr'>xix</span> 
     </span>
    </p>
   </div>
   <div class='ocr_carea' id='block_1_2' title="bbox 135 591 1726 892">
    <p class='ocr_par' dir='ltr' id='par_1_2' title="bbox 135 591 1726 892">
     <span class='ocr_line' id='line_1_2' title="bbox 137 591 1726 675; baseline -0.001 -16"><span class='ocrx_word' id='word_1_3' title='bbox 137 593 186 659; x_wconf 87' lang='lat' dir='ltr'>sed</span> <span class='ocrx_word' id='word_1_4' title='bbox 198 610 328 673; x_wconf 87' lang='lat' dir='ltr'>verens,</span> <span class='ocrx_word' id='word_1_5' title='bbox 345 611 386 658; x_wconf 94' lang='lat' dir='ltr'>ne</span> <span class='ocrx_word' id='word_1_6' title='bbox 405 592 516 659; x_wconf 83' lang='lat' dir='ltr'>Romae</span> <span class='ocrx_word' id='word_1_7' title='bbox 531 595 611 660; x_wconf 85' lang='lat' dir='ltr'>torte</span> <span class='ocrx_word' id='word_1_8' title='bbox 627 612 847 673; x_wconf 82' lang='lat' dir='ltr'>commorans,</span> <span class='ocrx_word' id='word_1_9' title='bbox 864 593 1008 675; x_wconf 79' lang='lat' dir='ltr'>Gregorii</span> <span class='ocrx_word' id='word_1_10' title='bbox 1028 593 1175 657; x_wconf 91' lang='lat' dir='ltr'>animum</span> <span class='ocrx_word' id='word_1_11' title='bbox 1192 591 1237 656; x_wconf 88' lang='lat' dir='ltr'>ita</span> <span class='ocrx_word' id='word_1_12' title='bbox 1249 592 1404 672; x_wconf 85' lang='lat' dir='ltr'>alliceret,</span> <span class='ocrx_word' id='word_1_13' title='bbox 1419 596 1457 656; x_wconf 91' lang='lat' dir='ltr'>ut</span> <span class='ocrx_word' id='word_1_14' title='bbox 1473 592 1566 657; x_wconf 91' lang='lat' dir='ltr'>illum</span> <span class='ocrx_word' id='word_1_15' title='bbox 1580 592 1620 657; x_wconf 86' lang='lat' dir='ltr'>ed</span> <span class='ocrx_word' id='word_1_16' title='bbox 1632 593 1726 659; x_wconf 83' lang='lat' dir='ltr'>altio-</span> 
     </span>
     <span class='ocr_line' id='line_1_3' title="bbox 137 697 1724 782; baseline -0.001 -17"><span class='ocrx_word' id='word_1_17' title='bbox 137 716 201 765; x_wconf 87' lang='lat' dir='ltr'>rem</span> <span class='ocrx_word' id='word_1_18' title='bbox 218 699 358 780; x_wconf 90' lang='lat' dir='ltr'>gradum</span> <span class='ocrx_word' id='word_1_19' title='bbox 371 701 538 782; x_wconf 87' lang='lat' dir='ltr'>eveheret,</span> <span class='ocrx_word' id='word_1_20' title='bbox 557 701 658 767; x_wconf 83' lang='lat' dir='ltr'>Roma</span> <span class='ocrx_word' id='word_1_21' title='bbox 671 703 797 778; x_wconf 87' lang='lat' dir='ltr'>relicta,</span> <span class='ocrx_word' id='word_1_22' title='bbox 811 701 886 766; x_wconf 91' lang='lat' dir='ltr'>inde</span> <span class='ocrx_word' id='word_1_23' title='bbox 900 700 1048 765; x_wconf 89' lang='lat' dir='ltr'>Pisarum</span> <span class='ocrx_word' id='word_1_24' title='bbox 1060 701 1175 765; x_wconf 90' lang='lat' dir='ltr'>urbem</span> <span class='ocrx_word' id='word_1_25' title='bbox 1187 700 1322 764; x_wconf 87' lang='lat' dir='ltr'>contulit</span> <span class='ocrx_word' id='word_1_26' title='bbox 1338 717 1383 763; x_wconf 87' lang='lat' dir='ltr'>se.</span> <span class='ocrx_word' id='word_1_27' title='bbox 1396 697 1457 763; x_wconf 87' lang='lat' dir='ltr'>Ubi</span> <span class='ocrx_word' id='word_1_28' title='bbox 1472 718 1547 764; x_wconf 89' lang='lat' dir='ltr'>cum</span> <span class='ocrx_word' id='word_1_29' title='bbox 1560 700 1724 782; x_wconf 88' lang='lat' dir='ltr'>pervenit,</span> 
     </span>
     <span class='ocr_line' id='line_1_4' title="bbox 135 806 1726 892; baseline 0.001 -22"><span class='ocrx_word' id='word_1_30' title='bbox 135 806 295 891; x_wconf 85' lang='lat' dir='ltr'>generalia</span> <span class='ocrx_word' id='word_1_31' title='bbox 314 807 442 872; x_wconf 83' lang='lat' dir='ltr'>comitia</span> <span class='ocrx_word' id='word_1_32' title='bbox 463 809 576 874; x_wconf 87' lang='lat' dir='ltr'>iterato</span> <span class='ocrx_word' id='word_1_33' title='bbox 595 809 768 876; x_wconf 85' lang='lat' dir='ltr'>celebravit</span> <span class='ocrx_word' id='word_1_34' title='bbox 787 809 889 892; x_wconf 81' lang='lat' dir='ltr'>pridie</span> <span class='ocrx_word' id='word_1_35' title='bbox 908 808 981 874; x_wconf 89' lang='lat' dir='ltr'>idus</span> <span class='ocrx_word' id='word_1_36' title='bbox 996 808 1093 892; x_wconf 87' lang='lat' dir='ltr'>junii.</span> <span class='ocrx_word' id='word_1_37' title='bbox 1114 807 1188 872; x_wconf 90' lang='lat' dir='ltr'>Post</span> <span class='ocrx_word' id='word_1_38' title='bbox 1207 822 1281 890; x_wconf 82' lang='lat' dir='ltr'>quac</span> <span class='ocrx_word' id='word_1_39' title='bbox 1296 807 1336 872; x_wconf 92' lang='lat' dir='ltr'>ad</span> <span class='ocrx_word' id='word_1_40' title='bbox 1355 807 1431 870; x_wconf 88' lang='lat' dir='ltr'>anni</span> <span class='ocrx_word' id='word_1_41' title='bbox 1446 810 1525 871; x_wconf 62' lang='grc' dir='ltr'>ΜΞ</span> <span class='ocrx_word' id='word_1_42' title='bbox 1543 810 1726 873; x_wconf 84' lang='lat' dir='ltr'>extremum</span> 
     </span>
    </p>
   </div>
   <div class='ocr_carea' id='block_1_3' title="bbox 11 914 1725 1000">
    <p class='ocr_par' dir='ltr' id='par_1_3' title="bbox 11 914 1725 1000">
     <span class='ocr_line' id='line_1_5' title="bbox 11 914 1725 1000; baseline 0 -19"><span class='ocrx_word' id='word_1_43' title='bbox 11 914 16 921; x_wconf 86' lang='lat'>&#39;</span> <span class='ocrx_word' id='word_1_44' title='bbox 136 914 268 981; x_wconf 80' lang='lat' dir='ltr'>Parisios</span> <span class='ocrx_word' id='word_1_45' title='bbox 284 916 430 993; x_wconf 70' lang='lat' dir='ltr'>accessit,</span> <span class='ocrx_word' id='word_1_46' title='bbox 449 917 674 998; x_wconf 81' lang='lat' dir='ltr'>concionibus,</span> <span class='ocrx_word' id='word_1_47' title='bbox 694 922 732 982; x_wconf 92' lang='lat' dir='ltr'>ut</span> <span class='ocrx_word' id='word_1_48' title='bbox 748 919 931 1000; x_wconf 86' lang='lat' dir='ltr'>conjectura</span> <span class='ocrx_word' id='word_1_49' title='bbox 948 916 1186 998; x_wconf 79' lang='lat' dir='ltr'>consequimur,</span> <span class='ocrx_word' id='word_1_50' title='bbox 1207 933 1338 997; x_wconf 90' lang='lat' dir='ltr'>operam</span> <span class='ocrx_word' id='word_1_51' title='bbox 1356 918 1545 980; x_wconf 90' lang='lat' dir='ltr'>navaturus.</span> <span class='ocrx_word' id='word_1_52' title='bbox 1566 914 1630 981; x_wconf 89' lang='lat' dir='ltr'>Nec</span> <span class='ocrx_word' id='word_1_53' title='bbox 1646 934 1725 981; x_wconf 85' lang='lat' dir='ltr'>vero</span> 
     </span>
    </p>
   </div>
   <div class='ocr_carea' id='block_1_4' title="bbox 107 1020 1731 5167">
    <p class='ocr_par' dir='ltr' id='par_1_4' title="bbox 126 1020 1727 2177">
     <span class='ocr_line' id='line_1_6' title="bbox 134 1020 1727 1105; baseline 0.001 -17"><span class='ocrx_word' id='word_1_54' title='bbox 134 1024 204 1101; x_wconf 88' lang='lat' dir='ltr'>diu,</span> <span class='ocrx_word' id='word_1_55' title='bbox 223 1023 428 1105; x_wconf 89' lang='lat' dir='ltr'>multumque</span> <span class='ocrx_word' id='word_1_56' title='bbox 446 1023 512 1087; x_wconf 91' lang='lat' dir='ltr'>illic</span> <span class='ocrx_word' id='word_1_57' title='bbox 531 1025 722 1089; x_wconf 91' lang='lat' dir='ltr'>immoratus</span> <span class='ocrx_word' id='word_1_58' title='bbox 741 1025 824 1089; x_wconf 86' lang='lat' dir='ltr'>fuit:</span> <span class='ocrx_word' id='word_1_59' title='bbox 841 1043 916 1088; x_wconf 88' lang='lat' dir='ltr'>nam</span> <span class='ocrx_word' id='word_1_60' title='bbox 932 1021 1123 1105; x_wconf 79' lang='lat' dir='ltr'>Gregorius,</span> <span class='ocrx_word' id='word_1_61' title='bbox 1144 1023 1202 1105; x_wconf 89' lang='lat' dir='ltr'>qui</span> <span class='ocrx_word' id='word_1_62' title='bbox 1216 1020 1451 1087; x_wconf 81' lang='lat' dir='ltr'>Bonaventurae</span> <span class='ocrx_word' id='word_1_63' title='bbox 1471 1022 1587 1087; x_wconf 88' lang='lat' dir='ltr'>merita</span> <span class='ocrx_word' id='word_1_64' title='bbox 1605 1023 1727 1105; x_wconf 93' lang='lat' dir='ltr'>optime</span> 
     </span>
     <span class='ocr_line' id='line_1_7' title="bbox 133 1128 1727 1214; baseline -0.001 -19"><span class='ocrx_word' id='word_1_65' title='bbox 133 1132 243 1205; x_wconf 88' lang='lat' dir='ltr'>norat,</span> <span class='ocrx_word' id='word_1_66' title='bbox 263 1128 479 1194; x_wconf 76' lang='lat' dir='ltr'>cardinalium</span> <span class='ocrx_word' id='word_1_67' title='bbox 497 1150 635 1197; x_wconf 88' lang='lat' dir='ltr'>numero</span> <span class='ocrx_word' id='word_1_68' title='bbox 653 1131 747 1196; x_wconf 87' lang='lat' dir='ltr'>illnm</span> <span class='ocrx_word' id='word_1_69' title='bbox 765 1131 929 1214; x_wconf 83' lang='lat' dir='ltr'>adscripsit</span> <span class='ocrx_word' id='word_1_70' title='bbox 948 1148 1034 1195; x_wconf 86' lang='lat' dir='ltr'>anno</span> <span class='ocrx_word' id='word_1_71' title='bbox 1049 1133 1143 1206; x_wconf 72' lang='lat'>1273,</span> <span class='ocrx_word' id='word_1_72' title='bbox 1165 1129 1215 1193; x_wconf 90' lang='lat' dir='ltr'>die</span> <span class='ocrx_word' id='word_1_73' title='bbox 1229 1133 1248 1191; x_wconf 64' lang='grc' dir='ltr'>Ξ</span> <span class='ocrx_word' id='word_1_74' title='bbox 1262 1133 1318 1192; x_wconf 90' lang='lat' dir='ltr'>aut</span> <span class='ocrx_word' id='word_1_75' title='bbox 1331 1129 1457 1211; x_wconf 76' lang='lat' dir='ltr'>ejunii.</span> <span class='ocrx_word' id='word_1_76' title='bbox 1473 1128 1540 1195; x_wconf 89' lang='lat' dir='ltr'>Hoc</span> <span class='ocrx_word' id='word_1_77' title='bbox 1558 1147 1634 1194; x_wconf 92' lang='lat' dir='ltr'>cum</span> <span class='ocrx_word' id='word_1_78' title='bbox 1654 1129 1727 1194; x_wconf 87' lang='lat' dir='ltr'>lecit</span> 
     </span>
     <span class='ocr_line' id='line_1_8' title="bbox 132 1235 1726 1319; baseline -0.002 -17"><span class='ocrx_word' id='word_1_79' title='bbox 132 1236 324 1318; x_wconf 88' lang='lat' dir='ltr'>Gregorius,</span> <span class='ocrx_word' id='word_1_80' title='bbox 344 1236 465 1301; x_wconf 76' lang='lat' dir='ltr'>litteras</span> <span class='ocrx_word' id='word_1_81' title='bbox 487 1237 624 1304; x_wconf 87' lang='lat' dir='ltr'>Parisios</span> <span class='ocrx_word' id='word_1_82' title='bbox 643 1239 747 1319; x_wconf 83' lang='lat' dir='ltr'>misit,</span> <span class='ocrx_word' id='word_1_83' title='bbox 769 1256 835 1303; x_wconf 90' lang='lat' dir='ltr'>non</span> <span class='ocrx_word' id='word_1_84' title='bbox 855 1239 987 1303; x_wconf 89' lang='lat' dir='ltr'>hortans</span> <span class='ocrx_word' id='word_1_85' title='bbox 1008 1239 1121 1317; x_wconf 89' lang='lat' dir='ltr'>modo,</span> <span class='ocrx_word' id='word_1_86' title='bbox 1141 1237 1196 1301; x_wconf 90' lang='lat' dir='ltr'>sed</span> <span class='ocrx_word' id='word_1_87' title='bbox 1216 1236 1387 1319; x_wconf 92' lang='lat' dir='ltr'>prohibens</span> <span class='ocrx_word' id='word_1_88' title='bbox 1407 1235 1521 1317; x_wconf 87' lang='lat' dir='ltr'>etiam,</span> <span class='ocrx_word' id='word_1_89' title='bbox 1543 1254 1585 1302; x_wconf 94' lang='lat' dir='ltr'>ne</span> <span class='ocrx_word' id='word_1_90' title='bbox 1604 1236 1726 1301; x_wconf 75' lang='lat' dir='ltr'>collata</span> 
     </span>
     <span class='ocr_line' id='line_1_9' title="bbox 132 1342 1726 1430; baseline -0.001 -21"><span class='ocrx_word' id='word_1_91' title='bbox 132 1344 295 1425; x_wconf 71' lang='lat' dir='ltr'>dignitati,</span> <span class='ocrx_word' id='word_1_92' title='bbox 311 1362 393 1409; x_wconf 87' lang='lat' dir='ltr'>neve</span> <span class='ocrx_word' id='word_1_93' title='bbox 403 1345 503 1426; x_wconf 85' lang='lat' dir='ltr'>jussis</span> <span class='ocrx_word' id='word_1_94' title='bbox 515 1344 688 1410; x_wconf 84' lang='lat' dir='ltr'>Pontificiis</span> <span class='ocrx_word' id='word_1_95' title='bbox 701 1350 908 1430; x_wconf 89' lang='lat' dir='ltr'>repugnaret.</span> <span class='ocrx_word' id='word_1_96' title='bbox 924 1345 995 1411; x_wconf 90' lang='lat' dir='ltr'>Non</span> <span class='ocrx_word' id='word_1_97' title='bbox 1007 1345 1161 1409; x_wconf 86' lang='lat' dir='ltr'>iaciemus</span> <span class='ocrx_word' id='word_1_98' title='bbox 1174 1344 1231 1407; x_wconf 88' lang='lat' dir='ltr'>abs</span> <span class='ocrx_word' id='word_1_99' title='bbox 1244 1362 1294 1422; x_wconf 92' lang='lat' dir='ltr'>re,</span> <span class='ocrx_word' id='word_1_100' title='bbox 1311 1343 1337 1407; x_wconf 92' lang='lat' dir='ltr'>si</span> <span class='ocrx_word' id='word_1_101' title='bbox 1351 1362 1424 1427; x_wconf 81' lang='lat' dir='ltr'>quae</span> <span class='ocrx_word' id='word_1_102' title='bbox 1437 1342 1612 1426; x_wconf 85' lang='lat' dir='ltr'>Gregorius</span> <span class='ocrx_word' id='word_1_103' title='bbox 1624 1342 1726 1408; x_wconf 88' lang='lat' dir='ltr'>Bona·</span> 
     </span>
     <span class='ocr_line' id='line_1_10' title="bbox 130 1450 1724 1537; baseline -0.001 -21"><span class='ocrx_word' id='word_1_104' title='bbox 130 1455 277 1516; x_wconf 73' lang='lat' dir='ltr'>venturae</span> <span class='ocrx_word' id='word_1_105' title='bbox 292 1451 431 1534; x_wconf 88' lang='lat' dir='ltr'>scripsit,</span> <span class='ocrx_word' id='word_1_106' title='bbox 443 1469 486 1516; x_wconf 84' lang='lat' dir='ltr'>ex</span> <span class='ocrx_word' id='word_1_107' title='bbox 497 1457 586 1536; x_wconf 88' lang='lat' dir='ltr'>parte</span> <span class='ocrx_word' id='word_1_108' title='bbox 599 1454 824 1519; x_wconf 89' lang='lat' dir='ltr'>recitabimus:</span> <span class='ocrx_word' id='word_1_109' title='bbox 838 1478 854 1517; x_wconf 79' lang='lat' dir='ltr'>r</span> <span class='ocrx_word' id='word_1_110' title='bbox 866 1454 911 1518; x_wconf 90' lang='lat' dir='ltr'>De</span> <span class='ocrx_word' id='word_1_111' title='bbox 923 1454 1068 1537; x_wconf 90' lang='lat' dir='ltr'>ipsorum</span> <span class='ocrx_word' id='word_1_112' title='bbox 1081 1451 1230 1516; x_wconf 84' lang='lat' dir='ltr'>Fratrum</span> <span class='ocrx_word' id='word_1_113' title='bbox 1245 1451 1388 1531; x_wconf 90' lang='lat' dir='ltr'>consilio,</span> <span class='ocrx_word' id='word_1_114' title='bbox 1400 1451 1506 1532; x_wconf 86' lang='lat' dir='ltr'>inquit</span> <span class='ocrx_word' id='word_1_115' title='bbox 1515 1450 1536 1530; x_wconf 93' lang='lat'>¹,</span> <span class='ocrx_word' id='word_1_116' title='bbox 1551 1450 1724 1514; x_wconf 74' lang='lat' dir='ltr'>libanensi</span> 
     </span>
     <span class='ocr_line' id='line_1_11' title="bbox 129 1556 1724 1644; baseline -0.001 -22"><span class='ocrx_word' id='word_1_117' title='bbox 129 1556 280 1622; x_wconf 76' lang='lat' dir='ltr'>Ecclesiae</span> <span class='ocrx_word' id='word_1_118' title='bbox 293 1563 371 1622; x_wconf 91' lang='lat' dir='ltr'>tunc</span> <span class='ocrx_word' id='word_1_119' title='bbox 383 1560 509 1623; x_wconf 89' lang='lat' dir='ltr'>vacanti</span> <span class='ocrx_word' id='word_1_120' title='bbox 523 1560 563 1624; x_wconf 94' lang='lat' dir='ltr'>de</span> <span class='ocrx_word' id='word_1_121' title='bbox 576 1565 607 1625; x_wconf 91' lang='lat' dir='ltr'>te</span> <span class='ocrx_word' id='word_1_122' title='bbox 624 1561 778 1626; x_wconf 83' lang='lat' dir='ltr'>duximus</span> <span class='ocrx_word' id='word_1_123' title='bbox 796 1561 1049 1644; x_wconf 89' lang='lat' dir='ltr'>providendum,</span> <span class='ocrx_word' id='word_1_124' title='bbox 1068 1563 1100 1623; x_wconf 90' lang='lat' dir='ltr'>te</span> <span class='ocrx_word' id='word_1_125' title='bbox 1117 1559 1152 1622; x_wconf 92' lang='lat' dir='ltr'>in</span> <span class='ocrx_word' id='word_1_126' title='bbox 1166 1557 1358 1642; x_wconf 82' lang='lat' dir='ltr'>Episcopum</span> <span class='ocrx_word' id='word_1_127' title='bbox 1377 1558 1589 1642; x_wconf 78' lang='lat' dir='ltr'>praeficientes</span> <span class='ocrx_word' id='word_1_128' title='bbox 1601 1557 1724 1637; x_wconf 88' lang='lat' dir='ltr'>eidem;</span> 
     </span>
     <span class='ocr_line' id='line_1_12' title="bbox 130 1664 1726 1751; baseline 0.002 -24"><span class='ocrx_word' id='word_1_129' title='bbox 130 1664 267 1746; x_wconf 90' lang='lat' dir='ltr'>ideoque</span> <span class='ocrx_word' id='word_1_130' title='bbox 281 1665 462 1730; x_wconf 89' lang='lat' dir='ltr'>discretioni</span> <span class='ocrx_word' id='word_1_131' title='bbox 473 1670 541 1731; x_wconf 84' lang='lat' dir='ltr'>tuae</span> <span class='ocrx_word' id='word_1_132' title='bbox 555 1669 762 1750; x_wconf 76' lang='lat' dir='ltr'>praesentium</span> <span class='ocrx_word' id='word_1_133' title='bbox 775 1672 884 1733; x_wconf 87' lang='lat' dir='ltr'>tenore</span> <span class='ocrx_word' id='word_1_134' title='bbox 899 1667 1112 1751; x_wconf 69' lang='lat' dir='ltr'>precipiendo</span> <span class='ocrx_word' id='word_1_135' title='bbox 1127 1667 1332 1746; x_wconf 82' lang='lat' dir='ltr'>mandantes,</span> <span class='ocrx_word' id='word_1_136' title='bbox 1346 1670 1506 1749; x_wconf 71' lang='lat' dir='ltr'>quamnus</span> <span class='ocrx_word' id='word_1_137' title='bbox 1523 1683 1606 1731; x_wconf 90' lang='lat' dir='ltr'>onus</span> <span class='ocrx_word' id='word_1_138' title='bbox 1618 1664 1726 1747; x_wconf 90' lang='lat' dir='ltr'>dispo-</span> 
     </span>
     <span class='ocr_line' id='line_1_13' title="bbox 127 1771 1725 1858; baseline 0.001 -23"><span class='ocrx_word' id='word_1_139' title='bbox 127 1772 243 1837; x_wconf 87' lang='lat' dir='ltr'>sitione</span> <span class='ocrx_word' id='word_1_140' title='bbox 264 1772 443 1855; x_wconf 81' lang='lat' dir='ltr'>Apostolica</span> <span class='ocrx_word' id='word_1_141' title='bbox 463 1774 607 1840; x_wconf 89' lang='lat' dir='ltr'>humeris</span> <span class='ocrx_word' id='word_1_142' title='bbox 627 1777 691 1841; x_wconf 87' lang='lat' dir='ltr'>iuis</span> <span class='ocrx_word' id='word_1_143' title='bbox 712 1775 900 1858; x_wconf 90' lang='lat' dir='ltr'>impositum</span> <span class='ocrx_word' id='word_1_144' title='bbox 921 1775 1034 1841; x_wconf 90' lang='lat' dir='ltr'>devote</span> <span class='ocrx_word' id='word_1_145' title='bbox 1056 1774 1230 1857; x_wconf 90' lang='lat' dir='ltr'>suscipiens</span> <span class='ocrx_word' id='word_1_146' title='bbox 1250 1774 1330 1838; x_wconf 91' lang='lat' dir='ltr'>huic</span> <span class='ocrx_word' id='word_1_147' title='bbox 1349 1772 1525 1856; x_wconf 80' lang='lat' dir='ltr'>provisioni</span> <span class='ocrx_word' id='word_1_148' title='bbox 1544 1777 1663 1838; x_wconf 81' lang='lat' dir='ltr'>nostrae</span> <span class='ocrx_word' id='word_1_149' title='bbox 1687 1771 1725 1837; x_wconf 90' lang='lat' dir='ltr'>in</span> 
     </span>
     <span class='ocr_line' id='line_1_14' title="bbox 128 1879 1725 1966; baseline 0.002 -24"><span class='ocrx_word' id='word_1_150' title='bbox 128 1879 312 1943; x_wconf 88' lang='lat' dir='ltr'>humilitate</span> <span class='ocrx_word' id='word_1_151' title='bbox 329 1880 462 1962; x_wconf 89' lang='lat' dir='ltr'>spiritus</span> <span class='ocrx_word' id='word_1_152' title='bbox 479 1882 548 1946; x_wconf 91' lang='lat' dir='ltr'>sine</span> <span class='ocrx_word' id='word_1_153' title='bbox 568 1884 760 1965; x_wconf 88' lang='lat' dir='ltr'>cujusquam</span> <span class='ocrx_word' id='word_1_154' title='bbox 776 1883 970 1947; x_wconf 84' lang='lat' dir='ltr'>difficultatis</span> <span class='ocrx_word' id='word_1_155' title='bbox 988 1882 1077 1949; x_wconf 93' lang='lat' dir='ltr'>obice</span> <span class='ocrx_word' id='word_1_156' title='bbox 1093 1883 1285 1966; x_wconf 87' lang='lat' dir='ltr'>acquiescas.</span> <span class='ocrx_word' id='word_1_157' title='bbox 1308 1879 1515 1963; x_wconf 85' lang='lat' dir='ltr'>Praecipimus</span> <span class='ocrx_word' id='word_1_158' title='bbox 1527 1898 1673 1963; x_wconf 81' lang='lat' dir='ltr'>quoque,</span> <span class='ocrx_word' id='word_1_159' title='bbox 1687 1885 1725 1945; x_wconf 87' lang='lat' dir='ltr'>ut</span> 
     </span>
     <span class='ocr_line' id='line_1_15' title="bbox 126 1985 1725 2073; baseline 0.001 -23"><span class='ocrx_word' id='word_1_160' title='bbox 126 1986 167 2050; x_wconf 90' lang='lat' dir='ltr'>sd</span> <span class='ocrx_word' id='word_1_161' title='bbox 187 1987 393 2069; x_wconf 81' lang='lat' dir='ltr'>praesentiam</span> <span class='ocrx_word' id='word_1_162' title='bbox 411 1992 554 2052; x_wconf 64' lang='lat' dir='ltr'>nosram</span> <span class='ocrx_word' id='word_1_163' title='bbox 572 1990 691 2072; x_wconf 78' lang='lat' dir='ltr'>absone</span> <span class='ocrx_word' id='word_1_164' title='bbox 704 1990 850 2054; x_wconf 88' lang='lat' dir='ltr'>tarditate</span> <span class='ocrx_word' id='word_1_165' title='bbox 867 1990 975 2073; x_wconf 83' lang='lat' dir='ltr'>abque</span> <span class='ocrx_word' id='word_1_166' title='bbox 990 2008 1127 2055; x_wconf 75' lang='lat' dir='ltr'>morosae</span> <span class='ocrx_word' id='word_1_167' title='bbox 1145 1988 1355 2053; x_wconf 83' lang='lat' dir='ltr'>cunctationis</span> <span class='ocrx_word' id='word_1_168' title='bbox 1369 1987 1515 2065; x_wconf 83' lang='lat' dir='ltr'>accedas,</span> <span class='ocrx_word' id='word_1_169' title='bbox 1531 2005 1597 2052; x_wconf 89' lang='lat' dir='ltr'>una</span> <span class='ocrx_word' id='word_1_170' title='bbox 1610 1985 1725 2052; x_wconf 88' lang='lat' dir='ltr'>Nobis-</span> 
     </span>
     <span class='ocr_line' id='line_1_16' title="bbox 128 2093 1317 2177; baseline 0.003 -21"><span class='ocrx_word' id='word_1_171' title='bbox 128 2109 203 2158; x_wconf 90' lang='lat' dir='ltr'>cum</span> <span class='ocrx_word' id='word_1_172' title='bbox 216 2093 340 2159; x_wconf 90' lang='lat' dir='ltr'>divinis</span> <span class='ocrx_word' id='word_1_173' title='bbox 353 2095 528 2177; x_wconf 84' lang='lat' dir='ltr'>obsequiis,</span> <span class='ocrx_word' id='word_1_174' title='bbox 544 2100 575 2160; x_wconf 87' lang='lat' dir='ltr'>et</span> <span class='ocrx_word' id='word_1_175' title='bbox 587 2097 779 2161; x_wconf 88' lang='lat' dir='ltr'>universalis</span> <span class='ocrx_word' id='word_1_176' title='bbox 791 2097 939 2161; x_wconf 76' lang='lat' dir='ltr'>Ecclesiae</span> <span class='ocrx_word' id='word_1_177' title='bbox 952 2097 1090 2161; x_wconf 88' lang='lat' dir='ltr'>servitiis</span> <span class='ocrx_word' id='word_1_178' title='bbox 1103 2101 1286 2163; x_wconf 87' lang='lat' dir='ltr'>vacaturus.</span> <span class='ocrx_word' id='word_1_179' title='bbox 1301 2116 1317 2153; x_wconf 78' lang='lat' dir='ltr'>a</span> 
     </span>
    </p>

    <p class='ocr_par' dir='ltr' id='par_1_5' title="bbox 119 2199 1731 3356">
     <span class='ocr_line' id='line_1_17' title="bbox 165 2199 1726 2287; baseline -0.001 -22"><span class='ocrx_word' id='word_1_180' title='bbox 165 2199 265 2265; x_wconf 87' lang='lat' dir='ltr'>Omni</span> <span class='ocrx_word' id='word_1_181' title='bbox 281 2201 389 2284; x_wconf 85' lang='lat' dir='ltr'>itaque</span> <span class='ocrx_word' id='word_1_182' title='bbox 404 2203 528 2285; x_wconf 87' lang='lat' dir='ltr'>abjecta</span> <span class='ocrx_word' id='word_1_183' title='bbox 543 2205 744 2268; x_wconf 85' lang='lat' dir='ltr'>cunctatione</span> <span class='ocrx_word' id='word_1_184' title='bbox 757 2207 855 2287; x_wconf 89' lang='lat' dir='ltr'>atque</span> <span class='ocrx_word' id='word_1_185' title='bbox 869 2204 1032 2285; x_wconf 86' lang='lat' dir='ltr'>tarditate,</span> <span class='ocrx_word' id='word_1_186' title='bbox 1047 2204 1176 2285; x_wconf 88' lang='lat' dir='ltr'>magnis</span> <span class='ocrx_word' id='word_1_187' title='bbox 1191 2203 1263 2267; x_wconf 86' lang='lat' dir='ltr'>licet</span> <span class='ocrx_word' id='word_1_188' title='bbox 1279 2200 1517 2266; x_wconf 80' lang='lat' dir='ltr'>difficultatibus</span> <span class='ocrx_word' id='word_1_189' title='bbox 1530 2200 1677 2281; x_wconf 82' lang='lat' dir='ltr'>allectus,</span> <span class='ocrx_word' id='word_1_190' title='bbox 1693 2206 1726 2265; x_wconf 91' lang='lat' dir='ltr'>et</span> 
     </span>
     <span class='ocr_line' id='line_1_18' title="bbox 125 2306 1726 2394; baseline 0.002 -24"><span class='ocrx_word' id='word_1_191' title='bbox 125 2306 268 2372; x_wconf 84' lang='lat' dir='ltr'>afflictus</span> <span class='ocrx_word' id='word_1_192' title='bbox 280 2313 372 2390; x_wconf 85' lang='lat' dir='ltr'>esset,</span> <span class='ocrx_word' id='word_1_193' title='bbox 388 2313 528 2375; x_wconf 89' lang='lat' dir='ltr'>attamen</span> <span class='ocrx_word' id='word_1_194' title='bbox 542 2310 603 2375; x_wconf 89' lang='lat' dir='ltr'>iter</span> <span class='ocrx_word' id='word_1_195' title='bbox 615 2329 788 2394; x_wconf 89' lang='lat' dir='ltr'>aggressus</span> <span class='ocrx_word' id='word_1_196' title='bbox 800 2312 879 2393; x_wconf 87' lang='lat' dir='ltr'>fuit,</span> <span class='ocrx_word' id='word_1_197' title='bbox 893 2314 930 2376; x_wconf 92' lang='lat' dir='ltr'>ut</span> <span class='ocrx_word' id='word_1_198' title='bbox 942 2313 983 2376; x_wconf 91' lang='lat' dir='ltr'>ad</span> <span class='ocrx_word' id='word_1_199' title='bbox 995 2312 1114 2376; x_wconf 90' lang='lat' dir='ltr'>mensis</span> <span class='ocrx_word' id='word_1_200' title='bbox 1124 2311 1199 2394; x_wconf 87' lang='lat' dir='ltr'>julii</span> <span class='ocrx_word' id='word_1_201' title='bbox 1212 2310 1355 2375; x_wconf 91' lang='lat' dir='ltr'>medium</span> <span class='ocrx_word' id='word_1_202' title='bbox 1367 2308 1545 2391; x_wconf 88' lang='lat' dir='ltr'>ldugellum</span> <span class='ocrx_word' id='word_1_203' title='bbox 1558 2310 1594 2373; x_wconf 92' lang='lat' dir='ltr'>in</span> <span class='ocrx_word' id='word_1_204' title='bbox 1603 2308 1726 2374; x_wconf 69' lang='lat' dir='ltr'>Tusciae</span> 
     </span>
     <span class='ocr_line' id='line_1_19' title="bbox 125 2414 1726 2502; baseline 0.002 -25"><span class='ocrx_word' id='word_1_205' title='bbox 125 2414 250 2479; x_wconf 87' lang='lat' dir='ltr'>linibus</span> <span class='ocrx_word' id='word_1_206' title='bbox 263 2415 363 2480; x_wconf 90' lang='lat' dir='ltr'>situm</span> <span class='ocrx_word' id='word_1_207' title='bbox 376 2417 565 2483; x_wconf 79' lang='lat' dir='ltr'>adventarit.</span> <span class='ocrx_word' id='word_1_208' title='bbox 578 2417 637 2483; x_wconf 90' lang='lat' dir='ltr'>llic</span> <span class='ocrx_word' id='word_1_209' title='bbox 649 2418 872 2483; x_wconf 87' lang='lat' dir='ltr'>cohonestatus</span> <span class='ocrx_word' id='word_1_210' title='bbox 884 2438 1039 2502; x_wconf 91' lang='lat' dir='ltr'>purpura,</span> <span class='ocrx_word' id='word_1_211' title='bbox 1052 2423 1084 2484; x_wconf 90' lang='lat' dir='ltr'>et</span> <span class='ocrx_word' id='word_1_212' title='bbox 1097 2417 1309 2483; x_wconf 88' lang='lat' dir='ltr'>cardinalatus</span> <span class='ocrx_word' id='word_1_213' title='bbox 1322 2417 1516 2498; x_wconf 87' lang='lat' dir='ltr'>insignibus,</span> <span class='ocrx_word' id='word_1_214' title='bbox 1530 2435 1564 2481; x_wconf 90' lang='lat' dir='ltr'>se</span> <span class='ocrx_word' id='word_1_215' title='bbox 1577 2417 1726 2481; x_wconf 87' lang='lat' dir='ltr'>comitem</span> 
     </span>
     <span class='ocr_line' id='line_1_20' title="bbox 126 2520 1727 2609; baseline 0.001 -24"><span class='ocrx_word' id='word_1_216' title='bbox 126 2520 285 2603; x_wconf 86' lang='lat' dir='ltr'>Gregorio</span> <span class='ocrx_word' id='word_1_217' title='bbox 301 2522 499 2605; x_wconf 88' lang='lat' dir='ltr'>Lugdunum</span> <span class='ocrx_word' id='word_1_218' title='bbox 515 2542 628 2590; x_wconf 87' lang='lat' dir='ltr'>versus</span> <span class='ocrx_word' id='word_1_219' title='bbox 650 2526 864 2609; x_wconf 81' lang='lat' dir='ltr'>proficiscenti</span> <span class='ocrx_word' id='word_1_220' title='bbox 885 2527 1045 2591; x_wconf 78' lang='lat' dir='ltr'>exhibuit.</span> <span class='ocrx_word' id='word_1_221' title='bbox 1069 2525 1209 2607; x_wconf 85' lang='lat' dir='ltr'>blugello</span> <span class='ocrx_word' id='word_1_222' title='bbox 1231 2524 1332 2606; x_wconf 86' lang='lat' dir='ltr'>igitm</span> <span class='ocrx_word' id='word_1_223' title='bbox 1353 2523 1533 2603; x_wconf 86' lang='lat' dir='ltr'>discedens,</span> <span class='ocrx_word' id='word_1_224' title='bbox 1550 2522 1727 2589; x_wconf 92' lang='lat' dir='ltr'>Bononiam</span> 
     </span>
     <span class='ocr_line' id='line_1_21' title="bbox 124 2630 1725 2718; baseline 0.001 -25"><span class='ocrx_word' id='word_1_225' title='bbox 124 2633 236 2694; x_wconf 83' lang='lat' dir='ltr'>aestate</span> <span class='ocrx_word' id='word_1_226' title='bbox 260 2631 486 2713; x_wconf 88' lang='lat' dir='ltr'>pertransivit,</span> <span class='ocrx_word' id='word_1_227' title='bbox 501 2634 577 2699; x_wconf 91' lang='lat' dir='ltr'>inde</span> <span class='ocrx_word' id='word_1_228' title='bbox 591 2633 801 2712; x_wconf 89' lang='lat' dir='ltr'>Placentiam,</span> <span class='ocrx_word' id='word_1_229' title='bbox 825 2639 933 2718; x_wconf 88' lang='lat' dir='ltr'>postea</span> <span class='ocrx_word' id='word_1_230' title='bbox 954 2634 1169 2699; x_wconf 87' lang='lat' dir='ltr'>Mediolanum</span> <span class='ocrx_word' id='word_1_231' title='bbox 1189 2631 1319 2696; x_wconf 88' lang='lat' dir='ltr'>accessit</span> <span class='ocrx_word' id='word_1_232' title='bbox 1337 2634 1450 2696; x_wconf 86' lang='lat' dir='ltr'>octavo</span> <span class='ocrx_word' id='word_1_233' title='bbox 1469 2630 1541 2695; x_wconf 91' lang='lat' dir='ltr'>idus</span> <span class='ocrx_word' id='word_1_234' title='bbox 1554 2631 1691 2695; x_wconf 87' lang='lat' dir='ltr'>octobris</span> <span class='ocrx_word' id='word_1_235' title='bbox 1702 2638 1725 2695; x_wconf 76' lang='lat'>².</span> 
     </span>
     <span class='ocr_line' id='line_1_22' title="bbox 124 2734 1727 2822; baseline 0.001 -23"><span class='ocrx_word' id='word_1_236' title='bbox 124 2734 209 2800; x_wconf 86' lang='lat' dir='ltr'>Hinc</span> <span class='ocrx_word' id='word_1_237' title='bbox 228 2736 472 2803; x_wconf 79' lang='lat' dir='ltr'>camberiacum</span> <span class='ocrx_word' id='word_1_238' title='bbox 494 2741 587 2820; x_wconf 87' lang='lat' dir='ltr'>adiit,</span> <span class='ocrx_word' id='word_1_239' title='bbox 609 2744 681 2805; x_wconf 90' lang='lat' dir='ltr'>tum</span> <span class='ocrx_word' id='word_1_240' title='bbox 700 2742 784 2806; x_wconf 90' lang='lat' dir='ltr'>circa</span> <span class='ocrx_word' id='word_1_241' title='bbox 804 2742 989 2807; x_wconf 91' lang='lat' dir='ltr'>novembris</span> <span class='ocrx_word' id='word_1_242' title='bbox 1008 2742 1107 2805; x_wconf 84' lang='lat' dir='ltr'>finem</span> <span class='ocrx_word' id='word_1_243' title='bbox 1125 2738 1325 2822; x_wconf 86' lang='lat' dir='ltr'>Lugdunum</span> <span class='ocrx_word' id='word_1_244' title='bbox 1343 2738 1473 2802; x_wconf 87' lang='lat' dir='ltr'>tandem</span> <span class='ocrx_word' id='word_1_245' title='bbox 1492 2737 1649 2820; x_wconf 83' lang='lat' dir='ltr'>pervenit.</span> <span class='ocrx_word' id='word_1_246' title='bbox 1668 2736 1727 2802; x_wconf 91' lang='lat' dir='ltr'>Hic</span> 
     </span>
     <span class='ocr_line' id='line_1_23' title="bbox 127 2843 1725 2931; baseline 0 -24"><span class='ocrx_word' id='word_1_247' title='bbox 127 2843 298 2927; x_wconf 88' lang='lat' dir='ltr'>auspicato</span> <span class='ocrx_word' id='word_1_248' title='bbox 318 2863 431 2926; x_wconf 84' lang='lat' dir='ltr'>gerere</span> <span class='ocrx_word' id='word_1_249' title='bbox 449 2847 544 2930; x_wconf 76' lang='lat' dir='ltr'>caepit</span> <span class='ocrx_word' id='word_1_250' title='bbox 561 2866 616 2928; x_wconf 87' lang='lat' dir='ltr'>ea,</span> <span class='ocrx_word' id='word_1_251' title='bbox 634 2866 709 2931; x_wconf 83' lang='lat' dir='ltr'>quae</span> <span class='ocrx_word' id='word_1_252' title='bbox 728 2867 802 2913; x_wconf 92' lang='lat' dir='ltr'>cum</span> <span class='ocrx_word' id='word_1_253' title='bbox 816 2849 993 2914; x_wconf 88' lang='lat' dir='ltr'>Universali</span> <span class='ocrx_word' id='word_1_254' title='bbox 1013 2847 1152 2913; x_wconf 85' lang='lat' dir='ltr'>Concilio</span> <span class='ocrx_word' id='word_1_255' title='bbox 1170 2845 1313 2931; x_wconf 90' lang='lat' dir='ltr'>parando</span> <span class='ocrx_word' id='word_1_256' title='bbox 1331 2844 1508 2910; x_wconf 85' lang='lat' dir='ltr'>necessaria</span> <span class='ocrx_word' id='word_1_257' title='bbox 1521 2843 1725 2924; x_wconf 80' lang='lat' dir='ltr'>videbantur,</span> 
     </span>
     <span class='ocr_line' id='line_1_24' title="bbox 122 2950 1728 3040; baseline 0.001 -25"><span class='ocrx_word' id='word_1_258' title='bbox 122 2954 265 3034; x_wconf 86' lang='lat' dir='ltr'>tumque</span> <span class='ocrx_word' id='word_1_259' title='bbox 289 2951 337 3015; x_wconf 92' lang='lat' dir='ltr'>illi</span> <span class='ocrx_word' id='word_1_260' title='bbox 359 2971 379 3016; x_wconf 93' lang='lat' dir='ltr'>a</span> <span class='ocrx_word' id='word_1_261' title='bbox 398 2971 526 3019; x_wconf 89' lang='lat' dir='ltr'>summo</span> <span class='ocrx_word' id='word_1_262' title='bbox 547 2953 701 3021; x_wconf 87' lang='lat' dir='ltr'>Pontillce</span> <span class='ocrx_word' id='word_1_263' title='bbox 721 2957 906 3040; x_wconf 69' lang='lat' dir='ltr'>prescripta</span> <span class='ocrx_word' id='word_1_264' title='bbox 925 2957 1063 3020; x_wconf 86' lang='lat' dir='ltr'>fuerant.</span> <span class='ocrx_word' id='word_1_265' title='bbox 1084 2955 1173 3020; x_wconf 89' lang='lat' dir='ltr'>Unde</span> <span class='ocrx_word' id='word_1_266' title='bbox 1193 2958 1263 3019; x_wconf 88' lang='lat' dir='ltr'>orta</span> <span class='ocrx_word' id='word_1_267' title='bbox 1281 2954 1367 3017; x_wconf 84' lang='lat' dir='ltr'>tama</span> <span class='ocrx_word' id='word_1_268' title='bbox 1386 2956 1448 3032; x_wconf 85' lang='lat' dir='ltr'>est,</span> <span class='ocrx_word' id='word_1_269' title='bbox 1467 2950 1616 3016; x_wconf 79' lang='lat' dir='ltr'>Praesidis</span> <span class='ocrx_word' id='word_1_270' title='bbox 1634 2951 1728 3016; x_wconf 92' lang='lat' dir='ltr'>illum</span> 
     </span>
     <span class='ocr_line' id='line_1_25' title="bbox 121 3057 1729 3147; baseline 0.002 -26"><span class='ocrx_word' id='word_1_271' title='bbox 121 3075 265 3123; x_wconf 90' lang='lat' dir='ltr'>munere</span> <span class='ocrx_word' id='word_1_272' title='bbox 281 3058 317 3122; x_wconf 93' lang='lat' dir='ltr'>in</span> <span class='ocrx_word' id='word_1_273' title='bbox 335 3060 467 3142; x_wconf 86' lang='lat' dir='ltr'>privatis</span> <span class='ocrx_word' id='word_1_274' title='bbox 481 3058 680 3128; x_wconf 88' lang='lat' dir='ltr'>Sessionibus</span> <span class='ocrx_word' id='word_1_275' title='bbox 699 3063 903 3147; x_wconf 78' lang='lat' dir='ltr'>perfunctum</span> <span class='ocrx_word' id='word_1_276' title='bbox 918 3065 1029 3129; x_wconf 88' lang='lat' dir='ltr'>luisse.</span> <span class='ocrx_word' id='word_1_277' title='bbox 1047 3062 1197 3146; x_wconf 85' lang='lat' dir='ltr'>Reliqua,</span> <span class='ocrx_word' id='word_1_278' title='bbox 1213 3078 1286 3144; x_wconf 84' lang='lat' dir='ltr'>quae</span> <span class='ocrx_word' id='word_1_279' title='bbox 1301 3058 1526 3125; x_wconf 84' lang='lat' dir='ltr'>Bonaventura</span> <span class='ocrx_word' id='word_1_280' title='bbox 1543 3059 1578 3123; x_wconf 92' lang='lat' dir='ltr'>in</span> <span class='ocrx_word' id='word_1_281' title='bbox 1592 3057 1729 3124; x_wconf 87' lang='lat' dir='ltr'>Goneilic</span> 
     </span>
     <span class='ocr_line' id='line_1_26' title="bbox 119 3152 1731 3256; baseline -0.005 -18"><span class='ocrx_word' id='word_1_282' title='bbox 119 3168 210 3250; x_wconf 81' lang='lat' dir='ltr'>egit,</span> <span class='ocrx_word' id='word_1_283' title='bbox 232 3167 351 3231; x_wconf 85' lang='lat' dir='ltr'>alienis</span> <span class='ocrx_word' id='word_1_284' title='bbox 373 3167 495 3250; x_wconf 90' lang='lat' dir='ltr'>potins,</span> <span class='ocrx_word' id='word_1_285' title='bbox 516 3188 614 3253; x_wconf 91' lang='lat' dir='ltr'>quam</span> <span class='ocrx_word' id='word_1_286' title='bbox 633 3173 771 3256; x_wconf 91' lang='lat' dir='ltr'>propriis</span> <span class='ocrx_word' id='word_1_287' title='bbox 788 3173 895 3239; x_wconf 83' lang='lat' dir='ltr'>verbis</span> <span class='ocrx_word' id='word_1_288' title='bbox 914 3174 1044 3237; x_wconf 87' lang='lat' dir='ltr'>narrata</span> <span class='ocrx_word' id='word_1_289' title='bbox 1062 3171 1224 3237; x_wconf 86' lang='lat' dir='ltr'>volumus.</span> <span class='ocrx_word' id='word_1_290' title='bbox 1241 3152 1385 3252; x_wconf 73' lang='lat' dir='ltr'>AEqualis</span> <span class='ocrx_word' id='word_1_291' title='bbox 1405 3167 1527 3233; x_wconf 87' lang='lat' dir='ltr'>utimur</span> <span class='ocrx_word' id='word_1_292' title='bbox 1542 3167 1731 3232; x_wconf 76' lang='lat' dir='ltr'>aucmritate</span> 
     </span>
     <span class='ocr_line' id='line_1_27' title="bbox 119 3271 333 3356; baseline -0.005 -18"><span class='ocrx_word' id='word_1_293' title='bbox 119 3271 333 3356; x_wconf 67' lang='lat' dir='ltr'>scriptonst</span> 
     </span>
    </p>

    <p class='ocr_par' dir='ltr' id='par_1_6' title="bbox 110 3382 1730 4323">
     <span class='ocr_line' id='line_1_28' title="bbox 163 3382 1729 3470; baseline 0.001 -27"><span class='ocrx_word' id='word_1_294' title='bbox 163 3382 302 3445; x_wconf 77' lang='lat' dir='ltr'>«Anno</span> <span class='ocrx_word' id='word_1_295' title='bbox 317 3385 393 3462; x_wconf 71' lang='lat' dir='ltr'>art,</span> <span class='ocrx_word' id='word_1_296' title='bbox 410 3401 522 3449; x_wconf 88' lang='lat' dir='ltr'>mense</span> <span class='ocrx_word' id='word_1_297' title='bbox 536 3386 631 3466; x_wconf 86' lang='lat' dir='ltr'>maii,</span> <span class='ocrx_word' id='word_1_298' title='bbox 654 3388 707 3452; x_wconf 90' lang='lat' dir='ltr'>die</span> <span class='ocrx_word' id='word_1_299' title='bbox 719 3387 810 3452; x_wconf 84' lang='lat' dir='ltr'>lunae</span> <span class='ocrx_word' id='word_1_300' title='bbox 824 3386 972 3470; x_wconf 87' lang='lat' dir='ltr'>septima,</span> <span class='ocrx_word' id='word_1_301' title='bbox 989 3386 1134 3469; x_wconf 80' lang='lat' dir='ltr'>ejusdem</span> <span class='ocrx_word' id='word_1_302' title='bbox 1147 3386 1241 3451; x_wconf 84' lang='lat' dir='ltr'>tertia</span> <span class='ocrx_word' id='word_1_303' title='bbox 1261 3385 1449 3465; x_wconf 89' lang='lat' dir='ltr'>indictione,</span> <span class='ocrx_word' id='word_1_304' title='bbox 1464 3384 1661 3465; x_wconf 89' lang='lat' dir='ltr'>congregato</span> <span class='ocrx_word' id='word_1_305' title='bbox 1670 3398 1729 3462; x_wconf 88' lang='lat' dir='ltr'>ge·</span> 
     </span>
     <span class='ocr_line' id='line_1_29' title="bbox 116 3486 1729 3577; baseline -0.001 -25"><span class='ocrx_word' id='word_1_306' title='bbox 116 3488 225 3552; x_wconf 80' lang='lat' dir='ltr'>nei-eli</span> <span class='ocrx_word' id='word_1_307' title='bbox 238 3488 378 3553; x_wconf 88' lang='lat' dir='ltr'>coneilio</span> <span class='ocrx_word' id='word_1_308' title='bbox 391 3508 448 3573; x_wconf 89' lang='lat' dir='ltr'>per</span> <span class='ocrx_word' id='word_1_309' title='bbox 460 3493 695 3558; x_wconf 85' lang='lat' dir='ltr'>sanctissimum</span> <span class='ocrx_word' id='word_1_310' title='bbox 714 3497 838 3577; x_wconf 86' lang='lat' dir='ltr'>patrem</span> <span class='ocrx_word' id='word_1_311' title='bbox 859 3493 1027 3558; x_wconf 87' lang='lat' dir='ltr'>dominum</span> <span class='ocrx_word' id='word_1_312' title='bbox 1044 3492 1236 3574; x_wconf 90' lang='lat' dir='ltr'>Gregorinm</span> <span class='ocrx_word' id='word_1_313' title='bbox 1252 3492 1430 3572; x_wconf 87' lang='lat' dir='ltr'>deeinmm,</span> <span class='ocrx_word' id='word_1_314' title='bbox 1444 3492 1652 3556; x_wconf 75' lang='lat' dir='ltr'>sacrosancte</span> <span class='ocrx_word' id='word_1_315' title='bbox 1664 3486 1729 3552; x_wconf 78' lang='lat' dir='ltr'>lto-</span> 
     </span>
     <span class='ocr_line' id='line_1_30' title="bbox 115 3593 1730 3681; baseline -0.002 -22"><span class='ocrx_word' id='word_1_316' title='bbox 115 3612 232 3660; x_wconf 83' lang='lat' dir='ltr'>manae</span> <span class='ocrx_word' id='word_1_317' title='bbox 249 3595 401 3661; x_wconf 79' lang='lat' dir='ltr'>Ecclesiae</span> <span class='ocrx_word' id='word_1_318' title='bbox 422 3616 587 3665; x_wconf 88' lang='lat' dir='ltr'>summum</span> <span class='ocrx_word' id='word_1_319' title='bbox 604 3604 636 3666; x_wconf 90' lang='lat' dir='ltr'>et</span> <span class='ocrx_word' id='word_1_320' title='bbox 655 3601 870 3667; x_wconf 90' lang='lat' dir='ltr'>universalem</span> <span class='ocrx_word' id='word_1_321' title='bbox 892 3599 1099 3680; x_wconf 85' lang='lat' dir='ltr'>Pontificem,</span> <span class='ocrx_word' id='word_1_322' title='bbox 1115 3597 1267 3681; x_wconf 86' lang='lat' dir='ltr'>Lugduni</span> <span class='ocrx_word' id='word_1_323' title='bbox 1284 3600 1322 3663; x_wconf 92' lang='lat' dir='ltr'>in</span> <span class='ocrx_word' id='word_1_324' title='bbox 1342 3598 1459 3681; x_wconf 84' lang='lat' dir='ltr'>majori</span> <span class='ocrx_word' id='word_1_325' title='bbox 1478 3596 1609 3663; x_wconf 88' lang='lat' dir='ltr'>ecelesia</span> <span class='ocrx_word' id='word_1_326' title='bbox 1628 3593 1730 3660; x_wconf 88' lang='lat' dir='ltr'>saneti</span> 
     </span>
     <span class='ocr_line' id='line_1_31' title="bbox 112 3700 1728 3786; baseline -0.001 -19"><span class='ocrx_word' id='word_1_327' title='bbox 112 3700 260 3768; x_wconf 79' lang='lat' dir='ltr'>loannis</span> <span class='ocrx_word' id='word_1_328' title='bbox 285 3702 511 3786; x_wconf 79' lang='lat' dir='ltr'>Lugdunensis</span> <span class='ocrx_word' id='word_1_329' title='bbox 513 3754 574 3772; x_wconf 87' lang='grc'><strong>.....</strong></span> <span class='ocrx_word' id='word_1_330' title='bbox 591 3710 704 3773; x_wconf 89' lang='lat' dir='ltr'>sedens</span> <span class='ocrx_word' id='word_1_331' title='bbox 726 3708 812 3773; x_wconf 91' lang='lat' dir='ltr'>idem</span> <span class='ocrx_word' id='word_1_332' title='bbox 832 3706 1151 3774; x_wconf 84' lang='lat' dir='ltr'>summusPontiiex</span> <span class='ocrx_word' id='word_1_333' title='bbox 1170 3707 1204 3770; x_wconf 94' lang='lat' dir='ltr'>in</span> <span class='ocrx_word' id='word_1_334' title='bbox 1225 3706 1398 3770; x_wconf 85' lang='lat' dir='ltr'>faldistorio</span> <span class='ocrx_word' id='word_1_335' title='bbox 1422 3723 1483 3769; x_wconf 90' lang='lat' dir='ltr'>suo</span> <span class='ocrx_word' id='word_1_336' title='bbox 1505 3704 1579 3768; x_wconf 87' lang='lat' dir='ltr'>iecit</span> <span class='ocrx_word' id='word_1_337' title='bbox 1600 3719 1728 3768; x_wconf 90' lang='lat' dir='ltr'>crucem</span> 
     </span>
     <span class='ocr_line' id='line_1_32' title="bbox 114 3810 1729 3899; baseline 0.002 -25"><span class='ocrx_word' id='word_1_338' title='bbox 114 3827 220 3894; x_wconf 88' lang='lat' dir='ltr'>super</span> <span class='ocrx_word' id='word_1_339' title='bbox 234 3810 396 3876; x_wconf 81' lang='lat' dir='ltr'>Praelatos</span> <span class='ocrx_word' id='word_1_340' title='bbox 409 3816 441 3877; x_wconf 90' lang='lat' dir='ltr'>et</span> <span class='ocrx_word' id='word_1_341' title='bbox 454 3814 645 3893; x_wconf 90' lang='lat' dir='ltr'>concilium,</span> <span class='ocrx_word' id='word_1_342' title='bbox 660 3816 716 3899; x_wconf 88' lang='lat' dir='ltr'>qni</span> <span class='ocrx_word' id='word_1_343' title='bbox 729 3817 775 3881; x_wconf 88' lang='lat' dir='ltr'>sic</span> <span class='ocrx_word' id='word_1_344' title='bbox 786 3817 938 3882; x_wconf 88' lang='lat' dir='ltr'>sedebant</span> <span class='ocrx_word' id='word_1_345' title='bbox 950 3817 991 3880; x_wconf 93' lang='lat' dir='ltr'>ab</span> <span class='ocrx_word' id='word_1_346' title='bbox 1004 3816 1164 3898; x_wconf 89' lang='lat' dir='ltr'>opposito,</span> <span class='ocrx_word' id='word_1_347' title='bbox 1179 3819 1210 3879; x_wconf 90' lang='lat' dir='ltr'>et</span> <span class='ocrx_word' id='word_1_348' title='bbox 1225 3814 1260 3877; x_wconf 92' lang='lat' dir='ltr'>in</span> <span class='ocrx_word' id='word_1_349' title='bbox 1273 3812 1489 3878; x_wconf 87' lang='lat' dir='ltr'>eminentibus</span> <span class='ocrx_word' id='word_1_350' title='bbox 1501 3811 1630 3877; x_wconf 88' lang='lat' dir='ltr'>sedibus</span> <span class='ocrx_word' id='word_1_351' title='bbox 1641 3828 1729 3895; x_wconf 77' lang='lat' dir='ltr'>prae·</span> 
     </span>
     <span class='ocr_line' id='line_1_33' title="bbox 112 3917 1730 4006; baseline 0 -24"><span class='ocrx_word' id='word_1_352' title='bbox 112 3919 257 4001; x_wconf 84' lang='lat' dir='ltr'>paratis.</span> <span class='ocrx_word' id='word_1_353' title='bbox 273 3917 314 3982; x_wconf 93' lang='lat' dir='ltr'>ln</span> <span class='ocrx_word' id='word_1_354' title='bbox 326 3919 431 3985; x_wconf 89' lang='lat' dir='ltr'>medio</span> <span class='ocrx_word' id='word_1_355' title='bbox 444 3921 536 3987; x_wconf 78' lang='lat' dir='ltr'>navis</span> <span class='ocrx_word' id='word_1_356' title='bbox 551 3923 698 4006; x_wconf 88' lang='lat' dir='ltr'>ejusdem</span> <span class='ocrx_word' id='word_1_357' title='bbox 715 3924 908 3989; x_wconf 65' lang='lat' dir='ltr'>ecelesia...</span> <span class='ocrx_word' id='word_1_358' title='bbox 924 3923 960 3986; x_wconf 90' lang='lat' dir='ltr'>in</span> <span class='ocrx_word' id='word_1_359' title='bbox 973 3923 1102 3987; x_wconf 88' lang='lat' dir='ltr'>sedibus</span> <span class='ocrx_word' id='word_1_360' title='bbox 1115 3940 1135 3986; x_wconf 92' lang='lat' dir='ltr'>a</span> <span class='ocrx_word' id='word_1_361' title='bbox 1148 3923 1247 3987; x_wconf 85' lang='lat' dir='ltr'>latere</span> <span class='ocrx_word' id='word_1_362' title='bbox 1260 3922 1390 3987; x_wconf 85' lang='lat' dir='ltr'>dextero</span> <span class='ocrx_word' id='word_1_363' title='bbox 1405 3919 1566 3985; x_wconf 84' lang='lat' dir='ltr'>Pontificis</span> <span class='ocrx_word' id='word_1_364' title='bbox 1578 3920 1730 3984; x_wconf 86' lang='lat' dir='ltr'>sederunt</span> 
     </span>
     <span class='ocr_line' id='line_1_34' title="bbox 111 4024 1729 4110; baseline 0 -21"><span class='ocrx_word' id='word_1_365' title='bbox 111 4025 249 4090; x_wconf 89' lang='lat' dir='ltr'>domini</span> <span class='ocrx_word' id='word_1_366' title='bbox 272 4024 415 4091; x_wconf 88' lang='lat' dir='ltr'>Joannes</span> <span class='ocrx_word' id='word_1_367' title='bbox 427 4027 625 4110; x_wconf 89' lang='lat' dir='ltr'>Portuensis,</span> <span class='ocrx_word' id='word_1_368' title='bbox 645 4036 677 4096; x_wconf 89' lang='lat' dir='ltr'>et</span> <span class='ocrx_word' id='word_1_369' title='bbox 689 4036 807 4097; x_wconf 77' lang='lat' dir='ltr'>sancta</span> <span class='ocrx_word' id='word_1_370' title='bbox 819 4031 965 4107; x_wconf 83' lang='lat' dir='ltr'>Ruflnae,</span> <span class='ocrx_word' id='word_1_371' title='bbox 980 4028 1093 4096; x_wconf 88' lang='lat' dir='ltr'>Petrus</span> <span class='ocrx_word' id='word_1_372' title='bbox 1106 4028 1307 4093; x_wconf 86' lang='lat' dir='ltr'>Tusculanus</span> <span class='ocrx_word' id='word_1_373' title='bbox 1318 4027 1539 4094; x_wconf 76' lang='lat' dir='ltr'>iicedominus</span> <span class='ocrx_word' id='word_1_374' title='bbox 1557 4025 1729 4091; x_wconf 77' lang='lat' dir='ltr'>Praenesti-</span> 
     </span>
     <span class='ocr_line' id='line_1_35' title="bbox 110 4131 1730 4221; baseline -0.002 -22"><span class='ocrx_word' id='word_1_375' title='bbox 110 4152 198 4215; x_wconf 89' lang='lat' dir='ltr'>nus,</span> <span class='ocrx_word' id='word_1_376' title='bbox 226 4136 336 4199; x_wconf 81' lang='lat' dir='ltr'>irater</span> <span class='ocrx_word' id='word_1_377' title='bbox 355 4133 582 4202; x_wconf 85' lang='lat' dir='ltr'>Bonaventnra</span> <span class='ocrx_word' id='word_1_378' title='bbox 603 4139 810 4221; x_wconf 76' lang='lat' dir='ltr'>libanensis,</span> <span class='ocrx_word' id='word_1_379' title='bbox 830 4142 927 4206; x_wconf 88' lang='lat' dir='ltr'>frater</span> <span class='ocrx_word' id='word_1_380' title='bbox 943 4137 1056 4204; x_wconf 90' lang='lat' dir='ltr'>Petrus</span> <span class='ocrx_word' id='word_1_381' title='bbox 1069 4137 1235 4217; x_wconf 89' lang='lat' dir='ltr'>Ostiensis,</span> <span class='ocrx_word' id='word_1_382' title='bbox 1258 4139 1291 4202; x_wconf 84' lang='lat' dir='ltr'>et</span> <span class='ocrx_word' id='word_1_383' title='bbox 1302 4133 1519 4214; x_wconf 81' lang='lat' dir='ltr'>Velletrensis,</span> <span class='ocrx_word' id='word_1_384' title='bbox 1534 4131 1730 4197; x_wconf 88' lang='lat' dir='ltr'>Bertrandus</span> 
     </span>
     <span class='ocr_line' id='line_1_36' title="bbox 110 4235 681 4323; baseline 0.011 -22"><span class='ocrx_word' id='word_1_385' title='bbox 110 4235 327 4318; x_wconf 83' lang='lat' dir='ltr'>Sabinensis,</span> <span class='ocrx_word' id='word_1_386' title='bbox 341 4239 480 4323; x_wconf 88' lang='lat' dir='ltr'>episcopi</span> <span class='ocrx_word' id='word_1_387' title='bbox 493 4240 681 4307; x_wconf 87' lang='lat' dir='ltr'>cardinales.</span> 
     </span>
    </p>

    <p class='ocr_par' dir='ltr' id='par_1_7' title="bbox 107 4341 1729 5167">
     <span class='ocr_line' id='line_1_37' title="bbox 153 4341 1729 4435; baseline 0.003 -29"><span class='ocrx_word' id='word_1_388' title='bbox 153 4344 283 4410; x_wconf 82' lang='lat' dir='ltr'>»Item</span> <span class='ocrx_word' id='word_1_389' title='bbox 309 4346 467 4428; x_wconf 87' lang='lat' dir='ltr'>pendente</span> <span class='ocrx_word' id='word_1_390' title='bbox 486 4349 629 4414; x_wconf 88' lang='lat' dir='ltr'>termino</span> <span class='ocrx_word' id='word_1_391' title='bbox 648 4350 750 4415; x_wconf 71' lang='lat' dir='ltr'>tertiae</span> <span class='ocrx_word' id='word_1_392' title='bbox 773 4351 921 4416; x_wconf 88' lang='lat' dir='ltr'>sessionis</span> <span class='ocrx_word' id='word_1_393' title='bbox 945 4354 1043 4419; x_wconf 83' lang='lat' dir='ltr'>irater</span> <span class='ocrx_word' id='word_1_394' title='bbox 1063 4352 1296 4435; x_wconf 89' lang='lat' dir='ltr'>Hieronymus,</span> <span class='ocrx_word' id='word_1_395' title='bbox 1311 4352 1342 4414; x_wconf 86' lang='lat' dir='ltr'>et</span> <span class='ocrx_word' id='word_1_396' title='bbox 1359 4348 1456 4413; x_wconf 84' lang='lat' dir='ltr'>trater</span> <span class='ocrx_word' id='word_1_397' title='bbox 1475 4344 1669 4428; x_wconf 78' lang='lat' dir='ltr'>bonagratia</span> <span class='ocrx_word' id='word_1_398' title='bbox 1689 4341 1729 4411; x_wconf 93' lang='lat' dir='ltr'>de</span> 
     </span>
     <span class='ocr_line' id='line_1_38' title="bbox 110 4450 1728 4540; baseline -0.002 -22"><span class='ocrx_word' id='word_1_399' title='bbox 110 4453 234 4518; x_wconf 89' lang='lat' dir='ltr'>ordine</span> <span class='ocrx_word' id='word_1_400' title='bbox 249 4450 409 4517; x_wconf 86' lang='lat' dir='ltr'>Fratrum</span> <span class='ocrx_word' id='word_1_401' title='bbox 427 4453 605 4535; x_wconf 90' lang='lat' dir='ltr'>llinorum,</span> <span class='ocrx_word' id='word_1_402' title='bbox 620 4457 677 4540; x_wconf 88' lang='lat' dir='ltr'>qui</span> <span class='ocrx_word' id='word_1_403' title='bbox 689 4458 779 4522; x_wconf 89' lang='lat' dir='ltr'>missi</span> <span class='ocrx_word' id='word_1_404' title='bbox 797 4459 924 4525; x_wconf 87' lang='lat' dir='ltr'>luerent</span> <span class='ocrx_word' id='word_1_405' title='bbox 946 4460 1058 4525; x_wconf 90' lang='lat' dir='ltr'>nuncii</span> <span class='ocrx_word' id='word_1_406' title='bbox 1079 4477 1154 4524; x_wconf 87' lang='lat' dir='ltr'>oum</span> <span class='ocrx_word' id='word_1_407' title='bbox 1177 4457 1303 4523; x_wconf 90' lang='lat' dir='ltr'>duobus</span> <span class='ocrx_word' id='word_1_408' title='bbox 1315 4455 1467 4520; x_wconf 84' lang='lat' dir='ltr'>tratribus</span> <span class='ocrx_word' id='word_1_409' title='bbox 1479 4471 1537 4537; x_wconf 87' lang='lat' dir='ltr'>per</span> <span class='ocrx_word' id='word_1_410' title='bbox 1550 4451 1728 4517; x_wconf 83' lang='lat' dir='ltr'>Romanam</span> 
     </span>
     <span class='ocr_line' id='line_1_39' title="bbox 108 4559 1728 4647; baseline -0.002 -21"><span class='ocrx_word' id='word_1_411' title='bbox 108 4559 307 4626; x_wconf 83' lang='lat' dir='ltr'>Ecclesiam</span> <span class='ocrx_word' id='word_1_412' title='bbox 320 4560 361 4624; x_wconf 86' lang='lat' dir='ltr'>ad</span> <span class='ocrx_word' id='word_1_413' title='bbox 375 4559 514 4643; x_wconf 68' lang='lat' dir='ltr'>Grecos,</span> <span class='ocrx_word' id='word_1_414' title='bbox 529 4564 688 4629; x_wconf 87' lang='lat' dir='ltr'>miserunt</span> <span class='ocrx_word' id='word_1_415' title='bbox 708 4566 864 4647; x_wconf 86' lang='lat' dir='ltr'>quasdam</span> <span class='ocrx_word' id='word_1_416' title='bbox 883 4567 1003 4632; x_wconf 87' lang='lat' dir='ltr'>litteras</span> <span class='ocrx_word' id='word_1_417' title='bbox 1016 4566 1148 4632; x_wconf 91' lang='lat' dir='ltr'>domino</span> <span class='ocrx_word' id='word_1_418' title='bbox 1169 4564 1281 4647; x_wconf 73' lang='lat' dir='ltr'>Papae,</span> <span class='ocrx_word' id='word_1_419' title='bbox 1301 4562 1473 4645; x_wconf 87' lang='lat' dir='ltr'>dequibus</span> <span class='ocrx_word' id='word_1_420' title='bbox 1490 4561 1558 4643; x_wconf 90' lang='lat' dir='ltr'>ipse</span> <span class='ocrx_word' id='word_1_421' title='bbox 1576 4559 1728 4624; x_wconf 91' lang='lat' dir='ltr'>dominns</span> 
     </span>
     <span class='ocr_line' id='line_1_40' title="bbox 108 4664 1726 4757; baseline -0.002 -26"><span class='ocrx_word' id='word_1_422' title='bbox 108 4664 203 4751; x_wconf 83' lang='lat' dir='ltr'>Papa</span> <span class='ocrx_word' id='word_1_423' title='bbox 215 4666 374 4731; x_wconf 90' lang='lat' dir='ltr'>multum</span> <span class='ocrx_word' id='word_1_424' title='bbox 386 4668 520 4749; x_wconf 83' lang='lat' dir='ltr'>gavisus</span> <span class='ocrx_word' id='word_1_425' title='bbox 533 4675 590 4749; x_wconf 88' lang='lat' dir='ltr'>est,</span> <span class='ocrx_word' id='word_1_426' title='bbox 603 4674 636 4735; x_wconf 89' lang='lat' dir='ltr'>et</span> <span class='ocrx_word' id='word_1_427' title='bbox 646 4672 721 4735; x_wconf 86' lang='lat' dir='ltr'>iecit</span> <span class='ocrx_word' id='word_1_428' title='bbox 733 4673 842 4737; x_wconf 77' lang='lat' dir='ltr'>vocari</span> <span class='ocrx_word' id='word_1_429' title='bbox 862 4691 975 4738; x_wconf 91' lang='lat' dir='ltr'>omnes</span> <span class='ocrx_word' id='word_1_430' title='bbox 988 4674 1136 4757; x_wconf 74' lang='lat' dir='ltr'>praelatos</span> <span class='ocrx_word' id='word_1_431' title='bbox 1148 4673 1184 4736; x_wconf 91' lang='lat' dir='ltr'>in</span> <span class='ocrx_word' id='word_1_432' title='bbox 1201 4669 1319 4754; x_wconf 82' lang='lat' dir='ltr'>majori</span> <span class='ocrx_word' id='word_1_433' title='bbox 1341 4669 1470 4733; x_wconf 87' lang='lat' dir='ltr'>ecclesia</span> <span class='ocrx_word' id='word_1_434' title='bbox 1490 4664 1699 4747; x_wconf 89' lang='lat' dir='ltr'>Lugdunensi</span> <span class='ocrx_word' id='word_1_435' title='bbox 1717 4685 1726 4729; x_wconf 79' lang='lat' dir='ltr'><strong><em>z</em></strong></span> 
     </span>
     <span class='ocr_line' id='line_1_41' title="bbox 108 4772 1729 4863; baseline -0.002 -24"><span class='ocrx_word' id='word_1_436' title='bbox 108 4779 142 4839; x_wconf 87' lang='lat' dir='ltr'>et</span> <span class='ocrx_word' id='word_1_437' title='bbox 155 4775 206 4838; x_wconf 92' lang='lat' dir='ltr'>ibi</span> <span class='ocrx_word' id='word_1_438' title='bbox 220 4774 387 4840; x_wconf 87' lang='lat' dir='ltr'>omnibus</span> <span class='ocrx_word' id='word_1_439' title='bbox 406 4776 547 4858; x_wconf 85' lang='lat' dir='ltr'>praelatis</span> <span class='ocrx_word' id='word_1_440' title='bbox 560 4778 769 4845; x_wconf 84' lang='lat' dir='ltr'>existentibus</span> <span class='ocrx_word' id='word_1_441' title='bbox 781 4780 817 4845; x_wconf 92' lang='lat' dir='ltr'>in</span> <span class='ocrx_word' id='word_1_442' title='bbox 830 4778 938 4863; x_wconf 86' lang='lat' dir='ltr'>cappis</span> <span class='ocrx_word' id='word_1_443' title='bbox 957 4782 1024 4846; x_wconf 87' lang='lat' dir='ltr'>suis</span> <span class='ocrx_word' id='word_1_444' title='bbox 1042 4782 1138 4845; x_wconf 87' lang='lat' dir='ltr'>trater</span> <span class='ocrx_word' id='word_1_445' title='bbox 1157 4778 1381 4843; x_wconf 85' lang='lat' dir='ltr'>Bonaventura</span> <span class='ocrx_word' id='word_1_446' title='bbox 1400 4772 1588 4839; x_wconf 72' lang='lat' dir='ltr'>albanensis</span> <span class='ocrx_word' id='word_1_447' title='bbox 1610 4772 1729 4855; x_wconf 86' lang='lat' dir='ltr'>episco·</span> 
     </span>
     <span class='ocr_line' id='line_1_42' title="bbox 107 4879 1729 4974; baseline -0.002 -26"><span class='ocrx_word' id='word_1_448' title='bbox 107 4899 175 4964; x_wconf 84' lang='lat' dir='ltr'>pus</span> <span class='ocrx_word' id='word_1_449' title='bbox 187 4880 439 4948; x_wconf 86' lang='lat' dir='ltr'>sermocinatus</span> <span class='ocrx_word' id='word_1_450' title='bbox 452 4887 516 4961; x_wconf 90' lang='lat' dir='ltr'>est,</span> <span class='ocrx_word' id='word_1_451' title='bbox 537 4886 698 4968; x_wconf 89' lang='lat' dir='ltr'>proposito</span> <span class='ocrx_word' id='word_1_452' title='bbox 709 4887 861 4968; x_wconf 89' lang='lat' dir='ltr'>tbemate,</span> <span class='ocrx_word' id='word_1_453' title='bbox 884 4889 972 4974; x_wconf 91' lang='lat' dir='ltr'>quod</span> <span class='ocrx_word' id='word_1_454' title='bbox 984 4888 1106 4970; x_wconf 88' lang='lat' dir='ltr'>legitur</span> <span class='ocrx_word' id='word_1_455' title='bbox 1124 4886 1249 4952; x_wconf 83' lang='lat' dir='ltr'>baruch</span> <span class='ocrx_word' id='word_1_456' title='bbox 1265 4906 1273 4950; x_wconf 90' lang='lat'>:</span> <span class='ocrx_word' id='word_1_457' title='bbox 1289 4887 1424 4966; x_wconf 72' lang='lat' dir='ltr'>Exurge</span> <span class='ocrx_word' id='word_1_458' title='bbox 1438 4879 1658 4974; x_wconf 74' lang='lat' dir='ltr'>Hierusalem,</span> <span class='ocrx_word' id='word_1_459' title='bbox 1674 4884 1729 4947; x_wconf 84' lang='lat' dir='ltr'>sta</span> 
     </span>
     <span class='ocr_line' id='line_1_43' title="bbox 108 4985 1728 5081; baseline -0.001 -27"><span class='ocrx_word' id='word_1_460' title='bbox 108 4990 149 5055; x_wconf 79' lang='lat' dir='ltr'>tn</span> <span class='ocrx_word' id='word_1_461' title='bbox 162 4991 324 5068; x_wconf 69' lang='lat' dir='ltr'>excelso,</span> <span class='ocrx_word' id='word_1_462' title='bbox 340 4995 371 5056; x_wconf 88' lang='lat' dir='ltr'>et</span> <span class='ocrx_word' id='word_1_463' title='bbox 385 4992 592 5076; x_wconf 83' lang='lat' dir='ltr'>circumspice</span> <span class='ocrx_word' id='word_1_464' title='bbox 612 4994 658 5061; x_wconf 87' lang='lat' dir='ltr'>od</span> <span class='ocrx_word' id='word_1_465' title='bbox 680 4996 839 5065; x_wconf 82' lang='lat' dir='ltr'>Orientem</span> <span class='ocrx_word' id='word_1_466' title='bbox 848 4985 910 5079; x_wconf 80' lang='lat' dir='ltr'>,et</span> <span class='ocrx_word' id='word_1_467' title='bbox 932 4995 1008 5064; x_wconf 79' lang='lat' dir='ltr'>tede</span> <span class='ocrx_word' id='word_1_468' title='bbox 1027 4996 1137 5081; x_wconf 67' lang='lat' dir='ltr'>codiee</span> <span class='ocrx_word' id='word_1_469' title='bbox 1151 4996 1236 5077; x_wconf 77' lang='lat' dir='ltr'>titios</span> <span class='ocrx_word' id='word_1_470' title='bbox 1258 5001 1330 5061; x_wconf 82' lang='lat' dir='ltr'>tuos</span> <span class='ocrx_word' id='word_1_471' title='bbox 1352 4990 1392 5057; x_wconf 85' lang='lat' dir='ltr'>ab</span> <span class='ocrx_word' id='word_1_472' title='bbox 1415 4989 1544 5055; x_wconf 78' lang='lat' dir='ltr'>Oriente</span> <span class='ocrx_word' id='word_1_473' title='bbox 1561 5002 1661 5069; x_wconf 82' lang='lat' dir='ltr'>usque</span> <span class='ocrx_word' id='word_1_474' title='bbox 1682 4985 1728 5052; x_wconf 89' lang='lat' dir='ltr'>od</span> 
     </span>
     <span class='ocr_line' id='line_1_44' title="bbox 108 5099 346 5167; baseline -0.021 0"><span class='ocrx_word' id='word_1_475' title='bbox 108 5099 346 5167; x_wconf 80' lang='lat' dir='ltr'>Occidemem.</span> 
     </span>
    </p>
   </div>
   <div class='ocr_carea' id='block_1_5' title="bbox 105 5218 1728 5521">
    <p class='ocr_par' dir='ltr' id='par_1_8' title="bbox 105 5218 1728 5521">
     <span class='ocr_line' id='line_1_45' title="bbox 105 5218 1728 5352; baseline -0.006 -74"><span class='ocrx_word' id='word_1_476' title='bbox 105 5228 204 5352; x_wconf 38' lang='lat' dir='ltr'>pag</span> <span class='ocrx_word' id='word_1_477' title='bbox 217 5227 276 5312; x_wconf 70' lang='lat' dir='ltr'>bis.</span> <span class='ocrx_word' id='word_1_478' title='bbox 293 5224 460 5275; x_wconf 66' lang='lat' dir='ltr'>formulario</span> <span class='ocrx_word' id='word_1_479' title='bbox 478 5225 571 5278; x_wconf 81' lang='lat' dir='ltr'>blartm</span> <span class='ocrx_word' id='word_1_480' title='bbox 588 5227 723 5282; x_wconf 78' lang='lat' dir='ltr'>libnlensis</span> <span class='ocrx_word' id='word_1_481' title='bbox 729 5269 739 5297; x_wconf 92' lang='lat'>,</span> <span class='ocrx_word' id='word_1_482' title='bbox 758 5233 808 5284; x_wconf 78' lang='lat' dir='ltr'>oerl</span> <span class='ocrx_word' id='word_1_483' title='bbox 823 5232 891 5284; x_wconf 90' lang='lat' dir='ltr'>illius</span> <span class='ocrx_word' id='word_1_484' title='bbox 911 5232 1041 5298; x_wconf 80' lang='lat' dir='ltr'>scriptor,</span> <span class='ocrx_word' id='word_1_485' title='bbox 1056 5232 1124 5298; x_wconf 85' lang='lat' dir='ltr'>apud</span> <span class='ocrx_word' id='word_1_486' title='bbox 1141 5233 1244 5283; x_wconf 85' lang='lat' dir='ltr'>Petrum</span> <span class='ocrx_word' id='word_1_487' title='bbox 1257 5223 1365 5277; x_wconf 84' lang='lat' dir='ltr'>Mariam</span> <span class='ocrx_word' id='word_1_488' title='bbox 1377 5221 1467 5289; x_wconf 81' lang='lat' dir='ltr'>campi</span> <span class='ocrx_word' id='word_1_489' title='bbox 1474 5260 1483 5288; x_wconf 93' lang='lat'>,</span> <span class='ocrx_word' id='word_1_490' title='bbox 1504 5223 1532 5274; x_wconf 90' lang='lat' dir='ltr'>in</span> <span class='ocrx_word' id='word_1_491' title='bbox 1549 5219 1617 5275; x_wconf 73' lang='lat' dir='ltr'>msa</span> <span class='ocrx_word' id='word_1_492' title='bbox 1630 5218 1728 5280; x_wconf 63' lang='lat' dir='ltr'>rete,</span> 
     </span>
     <span class='ocr_line' id='line_1_46' title="bbox 137 5297 1695 5448; baseline -0.008 -14"><span class='ocrx_word' id='word_1_493' title='bbox 137 5297 410 5434; x_wconf 48' lang='lat' dir='ltr'>&#39;mlffloeffiulsl</span> <span class='ocrx_word' id='word_1_494' title='bbox 420 5301 552 5428; x_wconf 49' lang='lat' dir='ltr'>‚cgrizdedin</span> <span class='ocrx_word' id='word_1_495' title='bbox 564 5380 629 5432; x_wconf 73' lang='lat' dir='ltr'>Hier.</span> <span class='ocrx_word' id='word_1_496' title='bbox 642 5381 754 5444; x_wconf 69' lang='lat' dir='ltr'>Medici„</span> <span class='ocrx_word' id='word_1_497' title='bbox 767 5384 829 5435; x_wconf 88' lang='lat' dir='ltr'>edit.</span> <span class='ocrx_word' id='word_1_498' title='bbox 843 5383 958 5447; x_wconf 84' lang='lat' dir='ltr'>Mediol,</span> <span class='ocrx_word' id='word_1_499' title='bbox 972 5385 1041 5448; x_wconf 89' lang='lat' dir='ltr'>apud</span> <span class='ocrx_word' id='word_1_500' title='bbox 1055 5384 1227 5435; x_wconf 75' lang='lat' dir='ltr'>Alexandrum</span> <span class='ocrx_word' id='word_1_501' title='bbox 1241 5376 1431 5429; x_wconf 83' lang='lat' dir='ltr'>Minuccianum</span> <span class='ocrx_word' id='word_1_502' title='bbox 1438 5412 1447 5439; x_wconf 90' lang='lat'>,</span> <span class='ocrx_word' id='word_1_503' title='bbox 1463 5378 1533 5439; x_wconf 75' lang='lat'>15⁰3,</span> <span class='ocrx_word' id='word_1_504' title='bbox 1545 5375 1600 5438; x_wconf 73' lang='lat' dir='ltr'>tol,</span> <span class='ocrx_word' id='word_1_505' title='bbox 1614 5388 1643 5424; x_wconf 93' lang='lat' dir='ltr'>n.</span> <span class='ocrx_word' id='word_1_506' title='bbox 1653 5382 1695 5422; x_wconf 90' lang='grc' dir='ltr'><strong>ιιι.</strong></span> 
     </span>
     <span class='ocr_line' id='line_1_47' title="bbox 137 5446 1700 5521; baseline -0.001 -15"><span class='ocrx_word' id='word_1_507' title='bbox 137 5453 268 5506; x_wconf 67' lang='lat' dir='ltr'>⁸ducetur</span> <span class='ocrx_word' id='word_1_508' title='bbox 279 5460 379 5501; x_wconf 75' lang='lat' dir='ltr'>eorm</span> <span class='ocrx_word' id='word_1_509' title='bbox 390 5460 447 5512; x_wconf 80' lang='lat' dir='ltr'>qua</span> <span class='ocrx_word' id='word_1_510' title='bbox 460 5452 600 5513; x_wconf 77' lang='lat' dir='ltr'>gestarunt</span> <span class='ocrx_word' id='word_1_511' title='bbox 613 5451 642 5503; x_wconf 87' lang='lat' dir='ltr'>in</span> <span class='ocrx_word' id='word_1_512' title='bbox 654 5454 753 5508; x_wconf 76' lang='lat' dir='ltr'>conob</span> <span class='ocrx_word' id='word_1_513' title='bbox 766 5456 787 5506; x_wconf 90' lang='lat' dir='ltr'>ll</span> <span class='ocrx_word' id='word_1_514' title='bbox 803 5456 899 5521; x_wconf 80' lang='lat' dir='ltr'>bugd,</span> <span class='ocrx_word' id='word_1_515' title='bbox 912 5454 940 5505; x_wconf 88' lang='lat' dir='ltr'>in</span> <span class='ocrx_word' id='word_1_516' title='bbox 954 5455 1059 5508; x_wconf 84' lang='lat' dir='ltr'>collect.</span> <span class='ocrx_word' id='word_1_517' title='bbox 1076 5455 1220 5516; x_wconf 73' lang='lat' dir='ltr'>boboam,</span> <span class='ocrx_word' id='word_1_518' title='bbox 1233 5453 1298 5499; x_wconf 82' lang='lat' dir='ltr'>tom.</span> <span class='ocrx_word' id='word_1_519' title='bbox 1310 5448 1358 5512; x_wconf 86' lang='lat' dir='ltr'>lli,</span> <span class='ocrx_word' id='word_1_520' title='bbox 1372 5449 1438 5510; x_wconf 84' lang='lat' dir='ltr'>part.</span> <span class='ocrx_word' id='word_1_521' title='bbox 1452 5448 1460 5496; x_wconf 89' lang='grc' dir='ltr'>Ι</span> <span class='ocrx_word' id='word_1_522' title='bbox 1467 5482 1477 5511; x_wconf 85' lang='grc'><strong><em>,</em></strong></span> <span class='ocrx_word' id='word_1_523' title='bbox 1489 5446 1538 5498; x_wconf 87' lang='lat' dir='ltr'>ool.</span> <span class='ocrx_word' id='word_1_524' title='bbox 1548 5447 1595 5497; x_wconf 77' lang='grc'>956</span> <span class='ocrx_word' id='word_1_525' title='bbox 1605 5447 1632 5494; x_wconf 71' lang='lat' dir='ltr'>et</span> <span class='ocrx_word' id='word_1_526' title='bbox 1643 5455 1700 5504; x_wconf 59' lang='lat' dir='ltr'>wi·</span> 
     </span>
    </p>
   </div>
   <div class='ocr_carea' id='block_1_6' title="bbox 0 0 2054 6299">
    <p class='ocr_par' dir='ltr' id='par_1_9' title="bbox 0 0 2054 6299">
     <span class='ocr_line' id='line_1_48' title="bbox 0 0 2054 6299; baseline 0 0"><span class='ocrx_word' id='word_1_527' title='bbox 0 0 2054 6299; x_wconf 95' lang='lat' dir='ltr'> </span> 
     </span>
    </p>
   </div>
  </div>
 </body>
</html>
