4100 6300
369 524 429 584 tot
942 510 1254 580 SENTENTIARUM
1277 511 1352 578 LIB.
1373 512 1398 577 1.

367 657 399 718 et
412 669 477 719 ease
490 653 626 731 Patrem,
642 656 689 717 est
701 671 769 717 uua
781 656 813 716 et
823 652 933 716 eadem
945 648 1136 734 proprietam
1191 647 1289 726 gendi
1305 646 1501 728 intelligitur
1514 665 1584 712 esse
1596 646 1702 724 Peter,
1715 667 1809 730 quam
1818 659 1917 730 Μ

366 760 438 824 ideo
464 777 529 823 non
555 759 732 823 seeundum
759 759 892 822 modum
911 753 1137 821 denominandi
1231 752 1262 816 3.
1284 749 1375 830 Item,
1397 750 1492 816 Pater
1514 759 1669 834 generet,
1694 754 1756 817 iste
1772 761 1814 817 ert
1829 755 1918 836 q&

366 870 506 942 tuntum,
528 866 582 930 sed
599 884 657 948 per
677 866 919 930 abstractionem
933 862 1135 946 praedicatur,
1190 864 1281 923 actus
1303 860 1454 936 divinus,
1476 861 1533 943 qui
1549 879 1608 943 per
1631 879 1669 925 se
1683 861 1769 925 inea
1787 862 1838 924 soii
1851 861 1916 932 im:

366 977 404 1037 ut
416 973 588 1056 paternitas
601 978 648 1037 est
660 974 836 1055 generatio.
1189 984 1373 1049 quaeroper
1393 967 1568 1049 quidzaut
1590 969 1770 1051 enimquia
1790 969 1917 1047 lituras

1189 1074 1267 1157 quia
1278 1074 1362 1140 Deus
1374 1074 1478 1152 Pater,
1494 1080 1553 1140 aut
1566 1076 1646 1158 quia
1669 1076 1916 1141 innascibilismu

628 1208 808 1288 QUAESTlo
830 1209 870 1272 Η.
1188 1181 1266 1262 quia
1288 1180 1387 1258 Dauo,
1411 1182 1489 1265 quia
1505 1187 1585 1246 tunc
1601 1182 1701 1246 etiam
1723 1182 1837 1246 iamet
1855 1181 1916 1245 fibi:

1188 1288 1920 1371 nonqutainnaseihitisquiainmsethititatm

1187 1394 1362 1460 nativitatis
1376 1395 1612 1477 privationem,
1641 1414 1712 1461 non
1742 1396 1920 1479 positam:

306 1527 348 1560 am·
403 1509 482 1587 Quae
495 1509 630 1573 istarum
638 1511 678 1573 sit
686 1507 975 1589 ratiointeltigendi
984 1507 1130 1583 alteram,
1187 1508 1299 1591 igitur,
1323 1529 1343 1574 a
1360 1509 1528 1589 divisione,
1545 1509 1716 1593 pualieus
1728 1509 1832 1575 Pater.

361 1613 465 1692 idest,
481 1621 593 1681 utrum
604 1617 786 1699 hypostasis
809 1616 927 1694 Patris,
943 1615 1010 1678 sive
1027 1611 1131 1688 Pater,

360 1722 432 1789 ideo
453 1729 585 1806 generet
598 1725 675 1806 quia
688 1724 780 1789 Pater
791 1728 849 1804 est,
862 1723 915 1788 vel
932 1723 1003 1787 ideo
1015 1720 1058 1784 sit
1071 1719 1133 1784 Pe·
1443 1763 1708 1831 GONCLUSIO·

359 1836 419 1911 ter,
436 1832 514 1916 quia
534 1837 679 1914 generat,
701 1837 756 1896 et:
777 1832 862 1915 quod
880 1831 951 1895 ideo
971 1829 1012 1892 sit
1027 1828 1129 1908 Pater,

359 1939 437 2020 quia
448 1946 590 2020 generat,
605 1940 667 2004 hoe
678 1939 807 2005 videtur
815 1938 1004 2003 auctoritate
1012 1934 1130 2017 Magis-
1187 1915 1252 1973 ⁰³⁶²
1279 1919 1415 2020 teum
1441 1920 1575 2021 mainan
1598 1918 1700 2023 Μ’,
1718 1922 1926 2022 ΜΨ

357 2045 399 2109 tri
411 2047 447 2110 in
459 2047 576 2111 littera.
591 2047 728 2130 Semper
741 2051 789 2110 est
797 2045 907 2124 Filius,
921 2045 1130 2127 quiasemper
1222 2006 1420 2077 'mmmm'
1433 2013 1572 2078 ΜΝ
1586 2013 1626 2065 “⁸
1638 2015 1716 2066 '‘m‘'
1724 2015 1926 2083 ”mm

357 2155 543 2234 estgenitus
557 2177 565 2219 :
581 2155 653 2219 ideo
664 2155 831 2236 generatio
844 2153 976 2236 passiva
986 2155 1036 2215 est
1048 2151 1129 2214 ratio
1221 2111 1303 2152 mm
1320 2111 1451 2153 coum

357 2266 480 2330 essendi
494 2265 612 2331 Filium
626 2290 633 2330 :
645 2267 746 2348 igitur
756 2265 825 2348 pari
834 2261 1130 2348 rationegeneratio
1225 2260 1319 2344 Resp.
1333 2262 1374 2327 ad
1394 2263 1475 2344 Arg.
1499 2263 1550 2328 Ad
1571 2263 1821 2346 intelligentiam
1843 2266 1927 2348 nnn

261 2365 263 2370 ’
356 2372 517 2437 activaest
530 2375 613 2438 ratio
628 2372 752 2437 essendi
767 2372 907 2436 Patrem.
1183 2370 1360 2434 notandum
1372 2370 1458 2452 quod
1471 2369 1525 2434 hie
1542 2371 1856 2456 astduplexopiniu
1869 2372 1928 2450 [ti-

397 2480 501 2560 ltem‚
535 2482 713 2546 seeundum
742 2480 899 2545 rationem
929 2478 1128 2559 intelligendi
1183 2479 1258 2543 dam
1272 2480 1383 2545 dicunt
1396 2481 1481 2564 quod
1501 2500 1577 2546 cum
1589 2483 1802 2565 proprietates
1814 2483 1928 2548 rehtirae

356 2589 448 2669 prius
470 2594 517 2652 est
537 2589 686 2670 generari
704 2607 802 2671 quam
824 2605 891 2651 esse
906 2609 913 2650 :
929 2591 961 2650 et
973 2586 1064 2670 prius
1081 2588 1129 2649 est
1183 2588 1370 2651 econtrario
1387 2590 1453 2652 sint
1471 2589 1506 2652 in
1532 2589 1597 2654 Deo
1614 2610 1716 2672 quam
1733 2593 1927 2666 inumtmiu

356 2712 425 2758 esse
439 2714 537 2778 quam
550 2695 662 2759 reterri
680 2717 687 2757 :
704 2695 806 2776 igitur
820 2694 910 2777 prius
921 2696 969 2757 est
977 2694 1127 2774 generari
1182 2693 1260 2775 quia
1271 2697 1305 2758 in
1318 2695 1474 2760 creaturis
1491 2700 1529 2760 ut
1544 2698 1773 2779 advenientes,
1789 2699 1823 2762 in
1839 2699 1929 2763 itrort

355 2820 455 2885 quam
472 2820 539 2867 esse
559 2802 693 2866 Filium:
705 2801 808 2883 igitur
821 2802 890 2884 pari
904 2801 1028 2864 ratione
1035 2801 1127 2883 prius
1180 2800 1378 2867 insistentes:
1392 2804 1427 2866 in
1442 2804 1597 2868 creaturis
1609 2805 1698 2868 enim
1714 2812 1856 2870 natusest
1866 2805 1928 2869 rm

355 2917 402 2976 est
414 2932 570 2994 generare
586 2913 626 2997 (o)
643 2932 742 2995 quam
756 2931 824 2977 esse
846 2910 993 2987 Patrem,
1007 2929 1125 2975 secun-
1180 2908 1277 2972 tionis
1285 2910 1382 2986 ratio,
1398 2911 1484 2974 unde
1496 2911 1532 2974 in
1541 2911 1752 2977 interioribus
1758 2913 1930 2994 ideoatpe

355 3021 433 3085 dum
458 3022 604 3086 ordinem
623 3019 834 3102 intelligendi.
857 3019 890 3084 Si
912 3020 1015 3101 igitur
1034 3019 1126 3101 prius
1181 3019 1239 3095 ter,
1252 3016 1328 3098 quia
1340 3021 1492 3097 genernt3
1514 3018 1572 3082 sed
1585 3018 1620 3080 in
1639 3019 1779 3098 divinis,
1793 3026 1929 3084 eroum·

355 3133 403 3192 est
415 3129 496 3194 ratio
509 3129 703 3213 posterioris,
716 3132 748 3193 et
760 3146 825 3193 non
838 3146 857 3193 e
871 3144 1042 3207 eonverso‚
1060 3126 1125 3209 igi-
1179 3123 1239 3203 rio,
1253 3124 1364 3190 relatio
1378 3130 1426 3189 est
1436 3126 1518 3189 ratio
1529 3131 1620 3191 aetus
1635 3146 1645 3191 ε
1661 3128 1751 3194 unde
1767 3129 1929 3212 simpim'tr

354 3238 420 3316 tur,
434 3240 493 3300 ete.
1180 3234 1355 3299 concedunt
1381 3235 1468 3316 quod
1486 3233 1579 3299 Pater
1592 3244 1744 3317 generat,
1757 3238 1927 3321 quiaPrter.

395 3343 486 3423 Item,
497 3343 680 3425 hypostasis
691 3341 792 3406 Patris
800 3344 847 3405 ast
858 3340 1035 3405 Petemout
1045 3359 1124 3422 ergo
1179 3344 1212 3405 et
1224 3345 1345 3423 negant
1357 3342 1600 3406 conversionem
1611 3344 1664 3426 (d).
1677 3343 1930 3427 Sedquamrisit-

355 3451 431 3533 quia
452 3452 545 3527 Deus,
572 3454 629 3515 aut
653 3451 730 3533 quia
753 3449 837 3514 Deus
861 3467 1041 3531 generans:
1058 3468 1124 3512 non
1179 3447 1235 3512 lud
1248 3454 1354 3531 posset
1365 3448 1475 3531 aliquo
1487 3450 1583 3514 modo
1593 3452 1666 3534 oapi
1681 3453 1724 3516 ab
1739 3453 1929 3517 intellectum

223 3606 226 3611 .
354 3557 430 3637 quia
443 3558 536 3633 Deus,
550 3557 626 3640 quia
638 3557 708 3639 pari
729 3558 852 3622 ratione
865 3560 896 3619 et
910 3555 1029 3621 Filius:
1044 3575 1123 3639 ergo
1179 3559 1268 3636 parte
1282 3553 1399 3634 Patris;
1415 3560 1534 3635 tamen,
1547 3545 1664 3623 stillud
1673 3560 1928 3625 oonsidernmmn

354 3666 431 3747 quia
441 3666 523 3731 Deus
538 3684 715 3748 generans:
729 3666 840 3746 igitur,
851 3669 910 3729 eto.
1179 3659 1271 3742 Filio,
1286 3664 1421 3729 omnino
1432 3682 1499 3727 non
1512 3664 1643 3731 videtur
1652 3667 1850 3749 inteiligitite
1859 3667 1928 3750 qnod

236 3790 271 3837 aa
287 3806 340 3851 opp.
394 3773 532 3838 Contra:
549 3773 667 3837 atton
684 3773 892 3855 generatnisi
909 3774 1123 3855 personatis·
1177 3768 1249 3833 ideo
1262 3768 1416 3846 sitPaten
1436 3772 1513 3853 quia
1529 3770 1631 3835 Filius
1651 3780 1926 3854 generenam

353 3880 466 3960 tincta,
480 3881 633 3965 quoniam
650 3897 801 3963 generare
822 3899 888 3944 non
905 3882 1055 3946 convenit
1070 3898 1123 3944 es-
1179 3877 1391 3941 communiter
1401 3878 1530 3956 dieitur,
1539 3882 1572 3942 et
1581 3880 1665 3943 ratio
1674 3882 1925 3965 oonmrdatqnnd

354 3988 476 4066 sentiae,
492 3989 547 4054 sed
560 4007 703 4072 personae
713 4010 721 4052 ε
731 3988 785 4051 sed
797 4006 933 4070 persona
945 3988 1049 4052 Patris
1056 4007 1123 4053 non
1178 3982 1287 4062 Filius,
1304 3986 1336 4047 et
1346 3985 1433 4066 quod
1445 3985 1496 4063 sit,
1504 3990 1537 4049 et
1550 3987 1638 4068 quod
1652 3986 1809 4063 Filiussit,
1822 3990 1926 4053 mete

354 4099 401 4159 est
426 4096 571 4159 distinete
599 4095 661 4158 nisi
684 4113 739 4177 per
759 4096 981 4177 paternitatem
998 4097 1125 4177 :igitur
1177 4094 1232 4157 bet
1244 4111 1300 4175 per
1314 4094 1556 4173 generationem
1571 4117 1579 4157 :
1595 4095 1698 4177 igItur
1710 4100 1925 4179 generatum·

354 4220 420 4266 non
434 4203 584 4267 convenit
596 4218 746 4284 generate
757 4201 804 4264 illi
817 4201 979 4284 hypostasi
992 4203 1054 4266 nisi
1067 4223 1124 4286 per
1178 4203 1320 4266 cundum
1333 4202 1490 4266 rationem
1508 4202 1730 4285 intelligendi,
1747 4207 1881 4289 premit
1891 4208 1925 4269 i-

352 4310 575 4392 paternitatem
591 4331 598 4372 :
614 4309 716 4390 igitur
732 4328 798 4373 non
813 4314 945 4390 generat
964 4309 1027 4374 nisi
1048 4311 1124 4392 quia
1177 4308 1340 4373 liationem
1356 4327 1365 4372 ε
1380 4314 1412 4374 et
1424 4309 1559 4374 relativa
1569 4315 1648 4374 sunt
1660 4312 1761 4377 simul
1778 4316 1921 4378 nnmrr'u

354 4416 458 4482 Pater.
506 4484 511 4490 ,
1176 4414 1395 4497 intelligendo,
1410 4420 1614 4481 nontuntum
1628 4417 1665 4481 in
1678 4421 1921 4503 essenuozigiu

393 4530 423 4587 2.
435 4524 530 4601 item,
544 4523 577 4586 in
591 4522 642 4586 his
663 4541 739 4604 quae
757 4541 824 4586 non
842 4524 1055 4607 acquiruntur
1065 4543 1124 4608 per
1177 4524 1342 4604 generatio
1365 4528 1412 4587 est
1429 4524 1510 4588 ratio
1527 4523 1655 4589 dicendi
1674 4528 1921 4609 paternitatum

353 4636 472 4711 aetum,
487 4632 577 4714 prius
588 4636 635 4693 est
648 4629 778 4694 habitus
789 4649 888 4712 quam
902 4637 991 4695 actus
1003 4651 1122 4698 senun-
1177 4628 1240 4694 Deo
1269 4629 1373 4694 Patre.
1400 4629 1491 4694 Sicut
1511 4631 1599 4695 enim
1622 4651 1657 4697 se
1673 4634 1770 4700 hahet
1786 4635 1919 4718 genutio

353 4740 432 4804 dum
445 4739 602 4803 rationem
613 4735 831 4816 intelligendi;
853 4736 930 4819 quia
952 4738 1040 4802 enim
1057 4758 1122 4805 non
1176 4737 1303 4821 passiva
1323 4738 1364 4802 ad
1385 4737 1593 4816 filiationem,
1609 4739 1655 4805 ita
1668 4744 1773 4809 activa
1783 4744 1822 4808 ud
1835 4750 1917 4827 pah·

353 4864 467 4911 sumus
476 4844 553 4908 honi
566 4860 622 4925 per
636 4860 727 4925 opus,
744 4843 799 4906 sed
814 4843 920 4924 magis
932 4838 1120 4926 eoon'trerso,
1176 4845 1320 4910 nitatem.
1350 4844 1391 4908 Et
1402 4848 1572 4928 propterea
1584 4852 1635 4912 est
1647 4849 1712 4914 elia
1723 4852 1839 4934 opinio,
1853 4846 1916 4931 qud

352 4956 443 5037 prius
468 4953 566 5017 etiam
591 4968 705 5015 sumus
728 4950 802 5014 boni
826 4968 925 5032 quam
952 4970 1123 5034 operemur
1176 4950 1247 5017 ideo
1261 4956 1308 5015 est
1323 4949 1430 5030 Pater,
1451 4951 1532 5034 quie
1548 4960 1699 5034 generat.
1719 4955 1759 5021 Et
1772 4952 1914 5039 quodiirt

352 5061 438 5125 bona
454 5060 532 5124 :sed
548 5058 721 5141 paternitas
737 5075 804 5121 non
821 5058 998 5139 aequiritur
1011 5061 1046 5122 iu
1058 5062 1122 5127 Deo
1176 5058 1217 5122 sit
1229 5058 1454 5137 benedictum,
1468 5062 1630 5142 patetper
1645 5061 1841 5127 differendam
1853 5056 1912 5123 aar}

351 5187 408 5251 per
442 5171 549 5231 aetum
578 5187 586 5228 ε
620 5182 700 5245 ergo
729 5163 821 5246 prius
858 5164 970 5229 ordine
1001 5166 1122 5232 intelli-
1176 5170 1309 5248 gnatam
1321 5167 1406 5231 iuter
1413 5167 1677 5252 generationem,
1691 5169 1907 5237 asserum

383 5295 392 5328 ¹
404 5293 444 5356 Cf.
457 5292 528 5341 Alex.
540 5288 648 5351 tilensis,
660 5302 687 5351 p.
699 5288 718 5349 1,
731 5301 755 5351 q.
767 5298 822 5350 ux,
835 5288 928 5338 memb.
939 5292 968 5353 55
981 5291 1006 5341 S.
1017 5292 1120 5358 Thom„
1175 5283 1304 5346 Riehud,
1318 5284 1328 5332 1
1339 5284 1420 5343 Seni„
1430 5283 1490 5333 dist.
1501 5295 1591 5349 nvn,
1604 5301 1633 5352 q.
1642 5300 1688 5353 1113
1701 5289 1905 5342 pmmn,

352 5377 377 5426 p.
391 5364 417 5427 l,
431 5378 456 5426 q.
467 5375 510 5421 ιιι,
525 5365 572 5410 art
585 5362 614 5421 tt
629 5363 655 5409 et
663 5363 676 5418 ,ι
691 5360 772 5418 Sene,
786 5359 844 5408 dist
855 5371 937 5421 xxvii,
953 5375 978 5425 q.
990 5375 1014 5426 1,
1030 5367 1103 5415 art2
1111 5382 1120 5430 5
1176 5357 1186 5405 1
1201 5355 1453 5417 Sent.,dist.xrr11‚
1473 5369 1500 5420 q.
1516 5367 1566 5418 1113
1587 5358 1670 5410 Geir.
1684 5362 1751 5428 atat,
1764 5364 1773 5413 ι
1787 5362 1848 5415 su..
1861 5355 1902 5403 fl·

352 5435 419 5484 etde
434 5437 540 5493 Parma,
554 5447 581 5495 q.
591 5443 623 5493 x,
637 5435 684 5482 art.
696 5436 728 5493 3;
744 5431 830 5495 AEgid.
843 5433 928 5495 Rom,
943 5434 951 5482 Ι
966 5434 1047 5497 seat,
1061 5436 1119 5488 dist.
1176 5437 1343 5491 1¹V11‚q.11·

352 5516 436 5569 xxvii,
447 5520 472 5569 q.
485 5516 507 5555 ιι
513 5520 522 5567 ;
536 5503 648 5565 tienne,
662 5502 689 5552 in
705 5504 818 5565 Summa,
832 5505 879 5553 art.
893 5515 967 5568 utut,
983 5518 1010 5569 q.
1020 5517 1029 5556 1
1044 5510 1070 5557 et
1082 5519 1116 5571 1¹3
1207 5507 1240 5571 (a)
1254 5507 1313 5559 cni,
1327 5505 1388 5559 edit.
1408 5508 1541 5572 generari.
1550 5538 1585 5550 -
1598 5512 1635 5578 (ὁ)
1649 5514 1714 5567 cor.
1722 5515 1779 5567 aa.
1789 5508 1897 5565 m

364 1359 412 1417 Aa
421 1360 561 1418 deneratio
572 1364 690 1418 sitratio
703 1360 966 1432 Patauitatie,uete
981 1372 1101 1414 manase
1111 1360 1131 1410 ¹.
