4100 6300
362 489 423 550 tls
931 467 1246 541 SENTENTIARUM
1265 470 1340 536 LIB.
1363 470 1390 535 l.

356 617 501 701 subjecti,
512 615 599 699 qtiod
612 617 659 679 est
670 613 861 695 subjectum,
876 613 909 676 et
927 627 1034 673 causa
1049 606 1128 671 Ter-
1181 609 1291 684 tatem
1305 609 1337 671 et
1346 605 1548 671 nativitatem
1563 603 1749 687 :queritur
1758 621 1829 685 ergo
1839 605 1919 671 dem»

356 721 421 786 tius
433 719 548 784 modus
564 716 689 784 dicendi
706 719 753 780 est
765 715 844 792 iste,
868 711 954 797 quod
972 710 1005 775 id
1022 709 1127 774 solum
1181 713 1332 779 tinctione
1344 713 1476 779 illorum
1488 713 1674 777 nominum.

357 834 405 894 est
423 847 480 912 per
497 832 647 891 naturam
658 823 872 902 immutabile,
890 820 975 903 quod
989 820 1038 883 est
1052 834 1128 881 om·
1223 824 1397 890 Dicendum
1410 824 1497 907 quod
1513 824 1575 888 tria
1585 824 1662 888 dicit
1672 824 1718 888 ad
1730 823 1921 889 aduam

358 936 438 1000 nino
449 936 597 1018 simplex.
611 933 646 998 Si
656 933 759 1015 igitur
768 930 851 995 Deus
864 933 911 993 est
923 926 1056 992 omnino
1070 924 1130 987 im·
1182 933 1400 998 treshaereses,
1412 932 1528 996 contra
1539 931 1720 996 photinum
1727 930 1920 1012 dictam

358 1043 537 1122 mutabilis,
552 1043 654 1124 igitur
664 1045 712 1106 est
723 1038 856 1103 omnino
869 1035 1005 1118 simplex
1022 1055 1030 1098 :
1046 1037 1078 1097 et
1096 1032 1130 1095 in
1183 1061 1251 1106 non
1261 1041 1447 1124 adoptione,
1459 1040 1537 1122 quia
1550 1038 1712 1103 Photinus
1726 1037 1921 1103 nicenam}

359 1149 449 1214 nullo
467 1148 602 1232 simplici
623 1151 671 1212 est
685 1146 831 1211 accidens
850 1167 858 1208 :
876 1143 977 1225 igitur
993 1141 1029 1204 iu
1041 1138 1131 1203 nullo
1183 1150 1442 1215 tumesseffljum
1453 1145 1923 1229 [loiadopttmmffionmsaffi.

360 1255 553 1319 immutabili
575 1254 719 1319 accidens
743 1256 791 1318 est
816 1268 946 1334 ponere.
968 1248 1000 1312 Si
1030 1247 1132 1328 igitur
1184 1256 1265 1320 lium
1279 1256 1372 1336 dicit,
1386 1258 1532 1333 ammte,
1546 1253 1924 1336 nonmmpatimqffi

360 1361 454 1427 Pater
473 1366 520 1427 est
543 1360 768 1439 immutabilis,
796 1361 828 1423 et
845 1361 879 1421 in
899 1375 936 1421 eo
955 1360 1003 1420 cst
1023 1359 1131 1439 pater·
1184 1363 1251 1446 ipse
1263 1359 1925 1446 dicebatquodidemipseprimnpamm

360 1470 455 1548 nitas,
468 1469 570 1550 igitur
581 1486 648 1533 non
660 1483 707 1531 est
719 1465 874 1531 accidens.
1185 1469 1612 1552 cupabatur‚p0steci‘ilius.
1623 1467 1746 1533 Contra
1756 1469 1926 1542 Arinmdd

1185 1579 1444 1659 nuncupatione,
1470 1596 1538 1641 non
1559 1580 1745 1655 cremum,
1772 1577 1848 1659 qnia
1863 1577 1929 1638 iliu

676 1655 746 1702 ΜΒ·
765 1654 811 1699 w'
1186 1684 1457 1750 dicebutessellei
1469 1683 1590 1750 Filium
1603 1690 1801 1749 creaturam

486 1771 609 1824 Homines
622 1771 692 1822 enim
706 1770 751 1822 tilii
764 1769 812 1822 Dei
824 1771 884 1820 sunt
900 1768 1007 1820 iactura.

403 1898 566 1981 Objicimr,
589 1897 676 1979 quod
695 1893 872 1960 secundum
886 1893 980 1958 illum
997 1890 1132 1955 modum
1495 1884 1566 1930 ΜΒ·
1582 1883 1654 1929 Vffl·

363 2008 499 2085 dicendi,
515 2025 591 2072 cum
604 2008 713 2071 asinus
725 2005 766 2070 sit
780 2006 893 2083 tectus,
907 2003 1035 2067 videtur
1047 1999 1134 2083 quod
1189 2007 1240 2060 sed
1259 2019 1319 2059 eum
1338 2005 1382 2073 qui
1395 2011 1435 2058 aa
1447 2007 1474 2059 in
1487 2008 1610 2060 suntote
1622 2007 1734 2059 maore
1749 2008 1818 2072 ote,
1829 2006 1882 2057 aee
1898 2020 1932 2057 ιι

363 2114 462 2196 possit
476 2113 538 2177 dici
553 2112 608 2177 Ilei
626 2113 722 2176 filius.
738 2110 777 2174 Et
788 2111 932 2175 similiter
944 2109 1031 2192 quod
1048 2125 1132 2186 arca,

364 2239 438 2304 quae
446 2221 529 2285 iacta
541 2224 589 2284 ast
600 2220 640 2283 ab
653 2220 786 2295 artifice,
796 2218 895 2301 possit
908 2217 970 2280 dici
981 2216 1050 2280 lilia
1062 2215 1136 2279 arti·
1228 2221 1361 2288 videtur
1369 2223 1431 2287 hoc
1443 2223 1570 2303 salsum,
1584 2225 1664 2306 quia
1677 2225 1846 2307 proprium
1855 2229 1935 2287 Μ

364 2328 451 2392 licis:
465 2346 604 2411 quorum
618 2332 772 2391 neutrum
782 2323 976 2389 conceditur.
992 2322 1073 2386 Situ
1086 2321 1135 2385 di·
1188 2331 1363 2395 lativorum
1384 2331 1445 2395 dici
1468 2331 1509 2396 ad
1529 2332 1783 2396 mavemnfiga
1807 2354 1816 2395 :
1839 2331 1937 2411 “8⁰⁵1

1321 2078 1516 2145 eiraspondeat
1534 2080 1649 2132 vicissim
1666 2080 1834 2132 vocabum

365 2454 418 2499 cas
430 2435 517 2518 quod
529 2438 663 2518 oportet,
676 2432 762 2515 quod
776 2432 817 2495 sit
829 2431 869 2496 ad
889 2430 1067 2511 imaginem
1080 2428 1137 2493 Ilei
1189 2456 1255 2501 non
1269 2438 1421 2504 dicuntur
1433 2438 1474 2503 ad
1487 2439 1760 2520 convertentiam,
1775 2456 1841 2503 uon
1852 2437 1938 2501 ditm

365 2542 484 2621 iactum
508 2547 619 2607 contra
640 2560 649 2604 t
668 2539 819 2605 Diabolus
840 2541 887 2603 est
903 2537 944 2602 ad
961 2537 1137 2619 imaginem
1190 2540 1400 2605 turrelalive.

366 2647 422 2713 Ilei
434 2651 536 2714 iactus
551 2648 673 2730 :igitur
684 2646 830 2711 diabolus
843 2649 891 2710 est
903 2644 990 2709 illius
1001 2643 1070 2708 Dei.
1231 2646 1323 2731 Resp.
1339 2646 1510 2712 dicendum
1524 2648 1611 2731 quod
1629 2646 1712 2713 illud
1729 2665 1846 2712 venam
1859 2649 1939 2716 aas

408 2752 500 2836 Resp.
520 2751 695 2817 [licendum
712 2750 885 2834 quodhoc,
906 2750 993 2833 quod
1010 2749 1082 2814 dico
1095 2749 1139 2829 tl·
1191 2771 1312 2818 nomen
1335 2754 1522 2837 impositum
1551 2760 1600 2819 ast
1624 2755 1759 2837 otiique
1785 2759 1939 2819 mmo:

368 2861 445 2939 tius,
451 2861 516 2925 duo
525 2859 614 2938 dicit,
622 2859 740 2923 scilieet
746 2862 864 2934 ortum,
875 2860 907 2921 et
914 2857 1137 2921 imitationem.
1192 2861 1335 2943 alioqmu
1348 2862 1376 2925 si
1387 2861 1493 2925 deficit
1505 2880 1547 2926 ex
1563 2880 1630 2925 una
1642 2867 1746 2944 pane,
1760 2881 1825 2926 nou
1836 2861 1940 2936 diu'lm

369 2970 547 3036 Dicendum
557 2969 670 3052 igitur,
686 2967 771 3051 quod
785 2970 833 3031 est
845 2965 979 3030 imitatio
994 2983 1053 3049 per
1065 2983 1139 3030 om·
1191 2972 1232 3033 ut
1242 2968 1269 3031 si
1281 2968 1406 3033 dicatur
1416 2984 1525 3035 remus
1536 2970 1645 3034 noota.
1662 2967 1823 3034 Similiter
1834 2966 1941 3032 vultui

369 3079 533 3144 uimodam
547 3075 821 3155 assimilationem,
837 3073 929 3137 etsie
945 3073 1032 3137 lilius
1042 3077 1141 3138 natu·
1193 3094 1264 3140 cere
1271 3075 1480 3159 Augustinus
1493 3075 1553 3140 sub
1565 3074 1634 3138 istis
1649 3076 1840 3140 nominihus
1854 3073 1941 3138 :1¹oe

369 3188 445 3254 ralis
460 3188 606 3251 imitatur
627 3190 775 3268 patrem:
800 3187 832 3248 et
855 3182 932 3265 quia
954 3200 1022 3247 nou
1045 3182 1141 3247 habet
1194 3182 1341 3248 ciiiilius
1355 3202 1421 3248 non
1436 3184 1622 3248 referuntur
1637 3183 1681 3248 ad
1702 3183 1858 3267 Spiritum
1871 3200 1941 3246 uuo

369 3295 493 3361 socium
505 3294 540 3358 in
550 3292 715 3371 imitando,
728 3290 773 3355 sic
784 3290 856 3354 ideo
869 3288 957 3353 solus
966 3289 1036 3371 ipse
1048 3293 1096 3352 est
1104 3289 1141 3352 fl·
1194 3295 1276 3356 tum.
1292 3291 1354 3357 Sed
1366 3296 1477 3356 tamen
1489 3293 1545 3356 ubi
1558 3291 1713 3356 deficiunt
1722 3294 1864 3370 nemim,
1876 3291 1941 3355 deod

314 3454 316 3461 .
369 3396 1140 3479 liusnaturalis.Etiterumestimitatioexpresaa,
1195 3400 1317 3481 tingere
1340 3420 1348 3462 ι
1374 3399 1429 3463 sed
1452 3400 1488 3463 iu
1510 3399 1632 3464 divinis
1648 3399 1769 3465 melius
1788 3405 1836 3465 est
1851 3404 1938 3471 latet,

370 3511 402 3573 et
422 3508 493 3571 haec
515 3506 656 3571 consistit
676 3505 712 3568 in
731 3504 896 3585 imagine,
911 3505 944 3568 et
964 3504 1036 3568 haec
1055 3508 1141 3569 tenet
1196 3524 1294 3589 quam
1306 3507 1431 3589 fingere
1445 3511 1576 3590 propter
1590 3506 1764 3572 viandum
1777 3524 1913 3573 moron

370 3614 477 3679 adhuc
489 3613 646 3677 rationem
659 3610 733 3690 filii,
749 3614 781 3675 et
793 3610 936 3673 iacturae.
955 3608 1010 3674 Est
1023 3610 1143 3674 iterum

371 3722 505 3785 imitatio
516 3720 706 3802 longinqua,
720 3722 752 3783 et
769 3717 841 3782 haec
852 3721 939 3781 tenet
950 3721 1077 3782 tantum
1089 3735 1143 3781 ra·
1514 3708 1587 3755 ⁰⁰¹³·
1608 3709 1655 3754 ¹¹·

371 3827 493 3892 tionem
510 3827 657 3906 iacturae,
672 3843 738 3889 non
752 3824 822 3888 tilii.
837 3822 898 3889 Sed
913 3823 1143 3889 attendendum
1198 3830 1261 3891 Quia
1271 3831 1528 3897 hicpaucianum
1537 3833 1659 3914 nauum
1670 3833 1842 3897 maenum
1853 3834 1938 3885 fin

372 3937 518 4019 estquod
530 3934 1144 4017 imitatioexpressa,utconsislitinsua
1519 3907 1628 3979 ΨΜ

372 4044 569 4122 conditione,
590 4047 647 4107 aut
672 4046 719 4107 est
747 4041 902 4123 insignita
925 4041 1062 4105 ulterim
1085 4059 1144 4106 sua
1238 4041 1370 4109 Videtur
1389 4042 1451 4107 hoc
1475 4042 1611 4121 lalsum,
1635 4042 1716 4126 quia
1736 4043 1782 4108 ita
1803 4041 1938 4123 ltmeSp'r

372 4147 1142 4234 perlectione,etdeeore,autestprivatahonore,
1198 4155 1285 4216 rator
1298 4150 1413 4216 dicitur
1432 4151 1472 4216 ad
1493 4150 1666 4235 Spiritum,
1684 4147 1938 4217 dentilomtnl

373 4266 405 4328 et
417 4262 591 4328 deformata
603 4280 624 4325 a
636 4279 696 4325 sua
714 4259 905 4324 conditione.
926 4259 1034 4325 Primo
1048 4262 1144 4327 modo
1199 4258 1337 4324 lionum.

372 4370 488 4436 dicitm
513 4370 599 4434 filius
620 4368 759 4445 iactma3
780 4367 926 4443 secundo!
944 4368 1041 4432 modo
1060 4369 1147 4434 tilius
1239 4367 1333 4452 Resp.
1348 4366 1436 4432 liuns
1450 4367 1566 4432 modus
1582 4366 1709 4432 dicendi
1727 4372 1787 4446 esi,
1806 4366 1938 4450 quodm

372 4475 495 4540 factura
506 4479 537 4540 el
546 4474 726 4558 adoptione.
738 4471 854 4552 Tertio,
866 4476 981 4537 neutro
994 4473 1090 4538 modo
1100 4473 1145 4538 di·
1200 4476 1350 4565 guallum
1359 4494 1425 4539 non
1436 4475 1582 4559 loquitur
1594 4475 1784 4559 simpliciter
1796 4475 1835 4540 dc
1843 4474 1937 4539 hut»

316 4660 319 4667 Α
373 4584 458 4649 citur
479 4583 586 4660 iilius,
608 4582 672 4645 nisi
691 4581 784 4646 valde
805 4580 994 4663 improprie,
1017 4586 1049 4646 at
1070 4599 1145 4646 cum
1200 4583 1306 4663 mine,
1329 4583 1493 4666 Spioniae,
1513 4583 1570 4648 sed
1588 4583 1628 4648 de
1645 4582 1710 4648 hoc
1729 4588 1815 4663 tom,
1831 4582 1937 4665 Spit'ti!

373 4691 533 4756 additione
549 4689 743 4754 distrahente
756 4707 765 4750 :
779 4689 856 4771 quia
868 4688 1021 4752 Dominus
1034 4688 1110 4752 deit
1121 4689 1144 4767 ¹,
1200 4698 1350 4771 sending
1364 4691 1416 4757 vel
1433 4690 1527 4755 aliter
1542 4691 1604 4756 hoc
1618 4691 1712 4772 dicit,
1738 4692 1815 4775 quia
1827 4691 1936 4775 Μ

373 4802 553 4880 peccatores
569 4796 689 4861 habere
708 4800 832 4878 patrem
848 4794 1028 4874 deuotum,
1049 4812 1146 4878 prop·
1200 4801 1279 4864 tuuc
1291 4817 1358 4863 nou
1369 4802 1437 4864 erat
1450 4815 1573 4863 nomeu
1590 4799 1759 4880 adlatum,
1772 4806 1809 4867 at
1822 4800 1935 4867 Μ·

373 4910 460 4971 terea
470 4903 657 4990 quodaileo
665 4902 1145 4983 recedunt,etimitautoreum.
1520 4987 1583 5033 m
1619 4987 1645 5034 Χ

686 5091 832 5138 nus.vl1.
1241 5103 1907 5172 incitatortennnuoutuitpedaminum⁰¹²

433 5211 480 5263 llic
494 5207 822 5273 enimverusetproprius
836 5206 1085 5275 estFilinsorigine.
1243 5227 1405 5312 objicitur,
1420 5228 1500 5311 quia
1512 5230 1930 5299 mundumhoenoem

416 5337 585 5456 Pffliffm
604 5334 811 5456 pf⁰prieQ
823 5334 1013 5456 n⁰mi‚n¹‚¹m’
1028 5335 1147 5418 qmbm
1236 5390 1337 5454 ticon,
1355 5401 1412 5455 viil,
1428 5392 1638 5448 ll.-¹Arist.
1669 5383 1931 5457 mmcd*

376 5443 460 5509 Delas
471 5443 572 5508 Filius
586 5442 643 5508 lla
659 5447 726 5522 est,
740 5442 860 5509 seilicet
870 5460 1044 5524 originem,
1056 5460 1144 5508 ven-
1203 5459 1322 5514 temtus.
1639 5434 1650 5463 '
