4100 6300
567 481 628 550 lea
1131 473 1442 549 sanctuarium
1462 479 1536 548 LlB.
1560 485 1586 549 l.

567 617 667 683 hahet
680 614 881 700 suppositum
892 614 1156 694 determinatum,
1172 620 1204 682 et
1217 621 1265 682 est
1276 617 1338 681 fal-
1391 617 1513 683 tinetur
1526 619 1586 683 sub
1599 618 1828 704 omnipotentia
1843 637 1853 683 t
1870 636 1950 702 ergo
1962 618 2048 685 Filius

569 745 619 805 aa;
641 727 690 790 est
713 725 801 789 enim
820 741 956 789 sensus:
982 746 998 785 c
1017 725 1127 791 lilius
1140 725 1247 795 Dabat.
1264 729 1337 804 etc,
1391 726 1501 791 omnia
1513 728 1705 806 continetur,
1721 730 1752 792 et
1764 731 1821 792 est.

568 832 679 912 idest,
694 831 794 897 Filius
809 831 904 897 habet
924 833 1100 916 potentiam
1114 852 1178 916 qua
1199 817 1267 917 ipse
1284 833 1340 898 Fi·
1432 833 1525 918 Resp.
1537 833 1711 900 Dicendum
1717 834 1907 918 quod,sicut
1917 835 1990 900 dicit
2004 874 2015 891 ..
2029 864 2050 909 22

567 940 631 1004 lim
656 943 832 1023 generat.»
865 938 924 1006 Vel
948 941 1187 1025 impersonalis,
1204 943 1237 1006 et
1259 945 1338 1006 tunc
1392 943 1556 1023 generatio
1569 942 1641 1006 Filii
1662 962 1728 1007 non
1748 944 1930 1008 continetur
1942 943 2047 1007 sulron

568 1066 635 1114 non
649 1047 746 1113 hahet
760 1051 883 1112 certum
903 1048 1123 1132 suppositum,
1140 1051 1172 1112 et
1190 1048 1339 1113 estlocu-
1391 1051 1507 1131 tentia,
1536 1051 1598 1114 nisi
1622 1051 1819 1133 acciperetur
1847 1051 1982 1133 omnipo
2000 1078 2004 1087 ·
2040 1052 2045 1065 '

567 1156 716 1234 tiovera3
732 1158 779 1220 est
791 1155 879 1220 enim
890 1173 1021 1220 sensus:
1038 1155 1268 1221 «Pallaconta
1279 1172 1336 1238 po·
1356 1142 1363 1154 ’
1391 1158 1694 1241 appropriationem.
1713 1157 1753 1223 Et
1770 1158 1855 1240 quod
1874 1158 1951 1221 dicit
1970 1157 2003 1221 lii
2026 1184 2045 1214 o

568 1264 705 1329 tentiam
716 1261 902 1346 uenerandi,
919 1262 951 1327 id
972 1266 1030 1342 est,
1052 1262 1149 1326 habet
1162 1263 1335 1344 potentiam
1390 1283 1457 1329 non
1470 1266 1662 1347 intelligitur
1670 1270 1823 1349 unquam
1836 1265 1939 1331 Filius
1949 1266 1988 1330 sit
1996 1267 2050 1329 int

569 1389 633 1454 qua
646 1370 761 1453 aliquis
774 1375 947 1453 generat.»
970 1369 1090 1437 Tamen
1102 1371 1189 1436 huuc
1206 1391 1337 1437 sensum
1390 1372 1455 1453 nia,
1471 1373 1525 1438 sed
1545 1373 1699 1458 tanquam
1720 1378 1794 1438 aute
1811 1374 1940 1453 omnia3
1955 1372 2050 1438 unde

567 1496 635 1548 non
646 1477 738 1564 ponit
750 1479 911 1562 Magister.
1390 1499 1431 1544 ex
1444 1482 1622 1563 posteriori.
1639 1481 1673 1546 Si
1689 1481 1776 1546 enim
1789 1481 1953 1546 emanatio
1979 1508 1984 1537 ι
1998 1508 2002 1538 =
2028 1504 2033 1536 ι

893 1667 951 1715 mm
984 1666 996 1711 Ι
1390 1587 1533 1654 cundum
1565 1589 1721 1654 rationem
1751 1588 1975 1671 intelligendi,
2009 1607 2050 1673 p·

820 1781 848 1835 Si
861 1781 941 1847 culm,
954 1779 1082 1847 inquiunt.

1390 1696 1624 1762 emanationem
1643 1698 1821 1763 secundum
1839 1697 2048 1763 rationemve

1389 1803 1445 1883 tis;
1467 1823 1637 1888 nunquam
1656 1805 1739 1871 Deus
1760 1810 1842 1872 esset
1858 1810 2006 1888 potensp
2026 1831 2048 1863 ι,

610 1910 778 1977 Dubitatur
789 1909 828 1976 de
847 1910 1003 1976 solutione
1023 1908 1185 1992 Magistri,
1200 1928 1264 1992 qua
1282 1909 1337 1975 hic
1389 1917 1569 1978 creaturam
1583 1931 1640 1997 per
1653 1913 1851 1980 voluntatem
1863 1962 1874 1995 ,
1888 1913 1953 1977 nisi
1972 1932 1990 1978 e
2017 1958 2021 1969 .
2035 1940 2049 1969 ιι

569 2019 678 2084 innuit
693 2041 701 2083 :
720 2017 820 2084 «Non
833 2019 997 2102 seqrriiur:
1013 2016 1106 2082 Pater
1120 2020 1223 2101 potest
1233 2036 1336 2100 geue·
1389 2020 1532 2086 luxiam
1545 2021 1661 2087 Filium
1676 2041 1733 2107 per
1746 2027 1909 2089 naturam.

568 2145 651 2209 rare,
665 2129 750 2212 quod
762 2146 829 2194 non
849 2126 974 2192 Filius:
998 2143 1078 2208 ergo
1099 2129 1202 2209 potest
1213 2125 1336 2210 aliquid

569 2236 655 2319 quod
667 2254 734 2302 non
746 2236 883 2302 Filius.»
901 2235 942 2302 llt
951 2236 1132 2319 respondet,
1145 2236 1231 2318 quod
1244 2253 1337 2319 posse

569 2363 723 2427 generare
745 2363 811 2409 non
832 2346 881 2410 est
898 2363 990 2427 posse
1009 2344 1130 2426 aliquid
1153 2343 1347 2426 subjectum.

567 2451 687 2518 divinae
706 2453 868 2536 potentiae.
891 2451 953 2517 Sed
970 2453 1032 2517 hoc
1051 2469 1118 2516 nou
1132 2451 1259 2516 videtur
1272 2451 1335 2516 sol-
1430 2448 1546 2514 Contra
1560 2471 1568 2515 :
1583 2451 1671 2533 quia,
1689 2469 1764 2516 cum
1775 2451 1858 2516 inter
1871 2451 2004 2534 aliquid,
2016 2454 2044 2514 et

567 2558 1336 2641 vare,sedaggravareargumentumdumenim
1389 2557 2031 2642 noncadatmeuum;sipaurnonmct

566 2683 721 2748 generare
742 2685 820 2732 eum
840 2685 947 2750 posse,
970 2667 1012 2730 sit
1032 2683 1124 2748 posse
1141 2667 1334 2746 maximum,
1389 2678 1468 2744 ergo
1480 2668 1561 2728 esset
1575 2664 1667 2729 nihil.

565 2773 697 2841 videtur
709 2774 796 2857 quod
808 2775 916 2856 majus
927 2772 1158 2838 incon-veniens
1170 2777 1333 2856 sequatur,
1429 2768 1523 2854 Resp.
1535 2770 1720 2852 Dicendum,
1734 2774 1820 2856 quod
1831 2789 1898 2842 eoae
1909 2775 2048 2859 ulimddt

567 2886 599 2947 et
611 2882 717 2964 magis
728 2882 902 2964 derogetur
913 2881 1062 2965 potentiae
1076 2880 1166 2959 Filii,
1182 2881 1210 2945 si
1227 2882 1262 2945 in
1274 2881 1336 2947 hoc
1388 2873 1555 2962 dupliciter
1571 2903 1579 2945 ε
1597 2881 1651 2948 vel
1666 2884 1882 2949 communiter
1896 2885 1938 2950 ad
1949 2903 2045 2950 essen·

565 2990 687 3070 deficit,
701 3008 801 3073 quam
815 2990 844 3054 si
856 3008 932 3054 eum
948 3007 1102 3072 generare
1120 2988 1238 3054 Filium
1255 2994 1336 3056 esset
1388 3004 1578 3070 personam,
1593 2989 1682 3054 etsie
1700 3008 1767 3055 non
1783 2992 1866 3058 cadit
1891 2993 2043 3071 madium,

566 3097 686 3182 aliquid
700 3097 878 3182 subjectum
892 3097 1042 3182 potentiae
1057 3097 1185 3164 divina.
1388 3094 1449 3160 hoc
1465 3113 1562 3161 sensu
1575 3098 2048 3185 essepatremesteasealiquid

604 3205 697 3291 Resp.
712 3205 897 3282 Dicendum,
914 3206 1000 3289 quod
1012 3205 1162 3287 Magister
1173 3206 1254 3270 bene
1268 3206 1336 3271 sol·
1389 3200 1495 3277 modo,
1516 3205 1612 3283 prout
1629 3202 1768 3267 trahitur
1792 3203 1833 3269 ad
1846 3205 2033 3283 escendam,

564 3315 622 3381 vit.
634 3313 778 3381 Potentia
791 3314 878 3379 enim
885 3311 1092 3378 Patrishabet
1105 3314 1283 3397 comparari
1295 3314 1336 3378 ad
1388 3307 1473 3372 cadit
1496 3307 1580 3372 inter
1601 3326 1669 3374 esse
1686 3310 1818 3392 aliquid,
1846 3315 1879 3376 et
1897 3330 1966 3377 esse
1994 3339 2029 3369 ι.

563 3422 710 3503 inferius,
723 3426 754 3487 et
765 3422 805 3487 ad
819 3421 942 3505 aquale
952 3439 962 3485 ε
973 3420 1027 3485 sed
1041 3421 1081 3485 ad
1094 3422 1243 3504 superius
1254 3440 1332 3499 non,
1388 3414 1498 3493 dium,
1513 3415 1631 3480 scilicet
1650 3435 1717 3482 esse
1735 3417 1877 3501 aliquem
1896 3443 1904 3484 :
1919 3437 2044 3504 persona

563 3547 638 3594 cum
658 3532 765 3596 emeat
783 3529 950 3614 superiori.
970 3528 1051 3595 Gum
1070 3533 1275 3612 comparatur
1294 3530 1334 3595 ad
1388 3523 1581 3605 praedicatur
1593 3525 1731 3609 niquis,
1748 3544 1815 3591 non
1835 3529 1873 3592 ut
1887 3528 1977 3612 quid.

562 3637 708 3719 inferius,
722 3643 801 3703 tunc
813 3642 862 3704 est
874 3637 1015 3721 potentia
1027 3636 1220 3715 essentialia,
1240 3642 1271 3701 et
1283 3655 1335 3702 es·

562 3746 736 3811 sentialiter
746 3749 844 3825 tenta,
857 3745 934 3828 quia
945 3748 1095 3810 connotat
1103 3745 1264 3822 ellectum,
1275 3764 1334 3811 seu

563 3858 755 3937 respectum,
764 3855 799 3917 in
813 3856 974 3933 creatura3
989 3855 1021 3917 et
1035 3857 1181 3935 respectu
1194 3853 1333 3937 talispe-
1462 3837 1490 3889 εἰ
1505 3837 1575 3891 enim
1587 3839 1658 3890 ΠΜ
1671 3840 1762 3906 poam,
1776 3840 1861 3906 potuit
1872 3853 1933 3892 ³⁸⁵⁰
1950 3839 2021 3905 utus,

563 3960 670 4025 tentiae
678 3960 908 4026 inconveniens
916 3963 997 4024 asset
1006 3961 1093 4042 quod
1102 3959 1222 4043 aliquid
1229 3965 1335 4044 posset
1427 3962 1560 4028 Videtur
1581 3965 1635 4029 illa
1655 3965 1754 4030 illatio
1779 3964 1927 4048 Magistri
1948 3985 2009 4031 non
2036 3992 2039 4001 ·

562 4067 666 4148 Pater,
680 4068 767 4150 quod
783 4085 848 4132 nou
861 4071 966 4151 posset
977 4066 1089 4147 Filius,
1099 4068 1176 4150 quia
1188 4073 1266 4133 tunc
1275 4069 1332 4134 dil
1386 4068 1463 4152 quia
1475 4070 1510 4134 in
1523 4073 1687 4150 creaturis,
1702 4072 1760 4137 ubi
1773 4073 1879 4155 magis
1898 4073 2001 4139 differt
2032 4098 2035 4106 ’

560 4176 1032 4258 ferrentpcressentiam.dum
1046 4178 1155 4241 aulem
1167 4194 1333 4260 compara-
1386 4178 1570 4261 supposito‚
1595 4184 1697 4263 potest
1716 4182 1778 4246 dici
1798 4182 1885 4265 quod
1911 4183 1993 4248 idem
2020 4205 2048 4234 a·

561 4282 663 4349 turad
674 4282 809 4366 equale,
819 4282 905 4348 ulad
915 4300 1095 4366 personam,
1106 4286 1183 4347 tunc
1195 4283 1332 4348 trahitur
1385 4289 1573 4368 potestesse
1597 4288 1688 4353 alteri
1706 4288 1868 4354 dissimilis
1890 4289 1961 4355 siue
1979 4288 2025 4353 sui

560 4391 1266 4476 adpersonam,ettuncnulluminconveniens
1272 4395 1330 4471 est,
1386 4394 1492 4459 tione:
1505 4413 1602 4478 ergo,
1617 4414 1691 4460 cum
1708 4396 1819 4461 filiatio
1831 4402 1864 4462 et
1880 4396 2007 4481 spiratio
2020 4395 2042 4457 s'

560 4501 587 4564 si
599 4501 708 4584 aliqua
720 4500 896 4584 proprietas
913 4499 1087 4583 personalis
1106 4503 1153 4563 est
1170 4499 1205 4563 in
1220 4498 1330 4582 Patre,
1385 4501 1530 4581 lationes,
1545 4502 1615 4585 pari
1628 4502 1751 4569 ratione
1765 4503 1865 4569 Filius
1876 4505 1990 4588 poterit
2005 4530 2050 4560 aa:

560 4627 635 4693 quae
648 4628 712 4676 non
726 4614 773 4675 est
781 4610 816 4673 in
828 4608 910 4673 Filio
919 4626 928 4672 ε
938 4607 1010 4673 idco
1018 4626 1085 4672 non
1093 4607 1239 4691 sequitur
1245 4608 1332 4691 quod
1385 4599 1467 4664 ritus
1477 4605 1615 4682 sanctus,
1630 4605 1661 4666 et
1674 4620 1692 4665 e
1706 4619 1872 4683 converso,
1884 4603 1954 4668 sine
1965 4621 2016 4667 mu
2032 4627 2036 4656 ι

560 4717 669 4800 aliqua
681 4716 822 4801 potentia
833 4715 875 4781 sit
889 4716 924 4780 in
941 4714 1044 4795 Patre,
1060 4734 1135 4799 quae
1151 4733 1219 4779 non
1236 4716 1277 4779 sit
1296 4715 1331 4779 in
1385 4706 1478 4789 Item,
1492 4726 1588 4773 omne
1599 4710 1754 4775 mutabile
1761 4716 1809 4775 est
1819 4711 1940 4795 aliqtrid
1949 4729 2040 4796 η

559 4816 652 4885 Filio.
1385 4814 1656 4899 secundumquod
1670 4820 1834 4899 mutatur,
1850 4821 1906 4899 ut,
1925 4819 2042 4883 sinon

885 4919 956 4967 ”UB-
979 4918 1013 4964 ¹¹·
1263 4950 1265 4953 ·
1385 4924 1422 4988 ut
1436 4923 1563 5002 album,
1575 4927 1607 4988 et
1619 4922 1730 4988 album
1743 4928 1791 4988 est
1803 4924 1892 4989 aliud
1907 4944 2020 5008 quam
2043 4948 2047 4977 ·

648 5024 786 5077 ueneratio
799 5024 865 5089 Filii,
877 5029 940 5091 etc,
952 5038 1007 5076 uon
1016 5027 1056 5075 eat
1069 5022 1102 5075 dc
1113 5022 1242 5074 omnibus.
1384 5049 1477 5113 ergo,
1492 5033 1520 5097 si
1534 5031 1731 5113 intelligatur
1743 5030 1882 5115 Spiritus
1895 5037 2014 5096 smus
2035 5057 2047 5083 „

560 5168 564 5173 ·
600 5138 734 5206 Videtur
747 5140 834 5206 euim
844 5139 1194 5206 RichardusdeSancto
1205 5138 1331 5205 Victore
1384 5140 1612 5222 sigenerelur,
1629 5137 1805 5204 tuncaliud
1819 5141 1997 5204 essetinco
2013 5163 2038 5210 ι’

561 5248 665 5314 dicere
691 5241 909 5327 contrarium,
928 5248 985 5331 qui
1004 5247 1096 5327 dicit,
1117 5247 1204 5330 quod
1226 5247 1330 5330 aquia
1385 5244 1441 5321 tio,
1454 5242 1602 5308 uliudille
1615 5243 1672 5326 qui
1685 5246 1880 5323 generatur:
1895 5240 2014 5307 aedhoc
2027 5263 2044 5293 κ

562 5355 764 5440 omnipotens
785 5359 848 5437 est,
873 5356 1020 5421 excusari
1040 5373 1107 5419 non
1127 5358 1231 5438 potest
1251 5354 1330 5437 quin
1384 5368 1458 5414 sum
1472 5372 1480 5414 ι
1496 5367 1587 5432 ergo,
1599 5354 1659 5414 eto.

562 5460 679 5527 Filium
692 5464 842 5546 genuerit
857 5480 988 5547 :aergo
999 5463 1163 5547 generatio
1175 5462 1245 5527 Filii
1257 5479 1331 5527 oon·
1426 5458 1520 5544 Resp.
1535 5458 1723 5540 Dicendum,
1737 5458 1826 5541 quod
1838 5477 1930 5526 secus
1946 5455 2034 5551 estin

1707 2209 1776 2255 DUB.
1798 2208 1844 2255 111.

1529 2325 1590 2375 Esse
1603 2327 1714 2390 patrem,
1728 2337 1783 2375 non
1793 2327 1903 2376 estesse
1917 2322 2017 2389 aliquid.

1703 3718 1773 3765 DUB.
1795 3720 1840 3765 Ν.
