4100 6300
722 442 942 510 nlsrlNc'llo
963 443 1015 509 lx.
1606 450 1665 510 {73

67 585 184 649 tionem
206 581 320 665 speciei
341 583 459 645 innatae
481 580 522 644 ad
545 580 651 662 ipsum
672 580 834 661 cognosci·
889 579 964 643 dicit
976 578 1183 661 Gregorius¹,
1200 579 1275 644 dicit
1285 584 1443 661 quantum
1454 580 1494 644 ad
1507 582 1664 662 majorem

66 691 139 768 hile,
154 691 260 773 ipsum
281 688 461 770 cognoscin
486 688 544 767 sie,
564 687 741 752 ordinando
759 706 835 770 spe·
888 686 961 750 lidei
975 687 1249 769 explanationem,
1264 705 1306 751 ne
1322 686 1359 769 tbi
1378 704 1467 751 error
1485 687 1600 751 habeat
1613 688 1663 751 lo·

66 799 147 862 ciem
158 797 301 863 iuncum
314 797 355 860 ad
367 796 467 860 alium
480 794 633 876 angelum
645 813 835 875 cognoscen·
889 811 986 887 cum:
1008 798 1040 857 et
1060 794 1105 857 sie
1127 794 1259 876 exponit
1280 779 1440 874 Magister.
1462 793 1565 876 Magis
1583 812 1664 876 ergo

66 912 141 985 tem,
164 908 336 987 conceptus
353 922 429 967 suos
446 903 571 987 aperit:
591 901 735 967 similiter
753 902 835 966 alius
889 899 1039 965 convenit
1058 900 1159 964 dicere
1176 923 1183 963 :
1202 900 1364 982 «Semper
1380 901 1546 982 genitus»
1564 920 1663 985 quam

68 1016 182 1076 mutua
190 1011 395 1076 conversione
401 1009 529 1092 recipit3
541 1012 573 1073 et
580 1009 626 1073 sie
635 1026 722 1073 unus
730 1008 836 1091 loqui·
893 1005 1051 1088 «Semper
1063 1012 1277 1088 generatur.»
1295 1005 1359 1071 Nec
1372 1012 1420 1071 θεῖ
1432 1007 1534 1072 simile
1549 1010 1664 1074 dehoc

66 1124 130 1195 tur,
150 1119 231 1183 alter
251 1117 352 1182 audit.
373 1117 483 1182 Simile
504 1119 552 1181 est
565 1116 603 1180 de
624 1115 749 1180 duobus
761 1133 836 1198 spe-
890 1114 999 1190 verbo,
1015 1124 1063 1179 est
1074 1116 1107 1177 et
1118 1114 1195 1193 fratr,
1211 1115 1364 1197 quiahoc
1379 1114 1527 1195 verbum,
1543 1123 1602 1192 est,
1618 1118 1664 1179 si-

65 1226 144 1290 culis
169 1225 231 1289 sihi
259 1222 420 1308 oppositis,
446 1224 473 1288 si
502 1221 682 1289 voluntarie
709 1225 836 1304 possent
889 1219 1020 1301 gnificat
1042 1238 1099 1303 per
1119 1220 1253 1285 modum
1272 1221 1407 1303 quietis:
1434 1226 1465 1285 θῖ
1487 1221 1561 1286 ideo
1582 1242 1661 1304 esse,

65 1332 255 1397 abscondere
269 1331 350 1412 aliis,
368 1334 400 1396 et
413 1332 551 1407 auferre,
564 1348 638 1413 quae
651 1330 687 1393 in
699 1346 733 1392 se
746 1327 835 1393 relu-
889 1327 968 1392 dum
990 1331 1049 1408 θεῖ,
1074 1327 1250 1410 perlectum
1272 1331 1339 1391 est:
1367 1328 1422 1392 sed
1442 1328 1504 1393 hoc
1527 1330 1661 1394 verbum

65 1432 145 1504 cent.
889 1437 1050 1517 uenerari,
1065 1453 1163 1518 penes
1178 1434 1250 1499 haec
1270 1434 1432 1511 interiora,
1452 1454 1510 1518 per
1529 1436 1663 1501 modum

371 1546 527 1597 1³⁰⁸·V111·
889 1540 1072 1624 fiert';quia
1085 1542 1120 1605 in
1139 1541 1287 1625 pluribus
1300 1541 1361 1606 hoe
1374 1560 1489 1606 verum
1503 1546 1560 1622 est,
1577 1542 1663 1626 quod

231 1648 350 1701 nicenus
360 1649 456 1712 vuius,
470 1661 572 1714 mear
583 1653 667 1701 natus.
889 1647 1021 1731 aliquid,
1040 1649 1118 1714 dum
1132 1650 1178 1729 lit,
1197 1649 1374 1713 nonhabet
1393 1668 1460 1713 esse
1476 1651 1660 1731 perlectum.

104 1763 251 1846 Gregorii
263 1767 343 1831 ratio
359 1766 430 1831 haec
441 1771 498 1846 θεῖ,
509 1770 547 1830 ut
557 1765 639 1830 Deus
652 1770 792 1831 aeternus
805 1770 836 1830 et
890 1753 963 1820 Ideo
975 1774 1042 1820 non
1061 1760 1109 1821 esi
1122 1755 1225 1821 simile
1247 1755 1423 1821 secundum
1438 1758 1595 1821 rationem
1607 1759 1662 1821 in·

67 1873 223 1954 perfectus
243 1874 347 1938 valeat
369 1873 540 1954 designari.
561 1872 622 1937 Sed
645 1877 754 1937 eontra
775 1873 836 1937 hoc
888 1861 1085 1943 Wffissessfiae·

67 1982 122 2058 est,
136 1980 220 2061 quod
236 1965 319 2044 inter
334 1980 442 2044 omnia
454 1984 599 2062 tempora
611 1998 750 2063 praesens
766 1998 837 2043 ma·
1207 1971 1276 2017 ΗΠΒ·
1300 1972 1348 2016 Π·

64 2088 163 2167 iorem
178 2086 435 2151 convenientiam
447 2087 834 2168 habeteumaeternitatc3
1135 2077 1369 2142 58⁰¹¹⁰d³⁰ss⁸¹¹¹¹i
1382 2080 1417 2129 ω·

67 2193 140 2274 quia
155 2193 266 2258 verius
282 2194 397 2258 dicitur
415 2202 461 2260 θεῖ
480 2194 519 2259 de
537 2193 612 2270 Deo,
636 2214 736 2277 quam
757 2197 834 2276 fuit,
930 2193 1091 2269 Quaeritur
1106 2194 1267 2276 quomodo
1284 2194 1346 2258 hoc
1361 2194 1566 2277 intelligitur3
1587 2196 1663 2278 quia

68 2301 121 2363 aut
133 2301 205 2379 ortt,
222 2299 452 2384 sieutexponit
466 2302 679 2383 Augustinus,
693 2306 724 2365 et
741 2302 835 2367 habi·
889 2299 951 2364 hoc
961 2303 1064 2382 potest
1076 2299 1212 2382 intelligi
1229 2301 1268 2365 de
1280 2301 1341 2379 die,
1357 2319 1422 2384 quo
1436 2320 1477 2365 ex
1489 2306 1590 2365 matre
1604 2321 1662 2365 na-

68 2410 134 2469 tum
154 2409 202 2471 est
228 2406 265 2470 in
290 2409 479 2489 praecedenti
506 2408 720 2473 distinctione.
744 2409 836 2475 Ratio
889 2409 943 2470 tus
965 2411 1035 2471 est:
1059 2407 1113 2470 sed
1133 2406 1194 2471 hoe
1213 2408 1296 2472 nihil
1309 2409 1437 2474 videtur
1451 2408 1567 2487 valere,
1588 2408 1664 2490 qnia

68 2512 163 2594 hujus
178 2516 239 2591 est,
259 2514 335 2597 quia
355 2533 496 2598 praesens
516 2515 594 2581 dicit
616 2533 672 2579 ens
692 2517 726 2579 in
748 2522 832 2598 actu,
890 2514 1068 2579 seeundum
1092 2513 1176 2577 hanc
1198 2514 1438 2597 generationem
1462 2533 1528 2579 non
1551 2514 1664 2579 habuit

69 2618 372 2703 aliatemporanon.
890 2624 1023 2703 patrem,
1040 2621 1234 2686 sedtantum
1247 2628 1394 2686 matrem.

106 2725 196 2809 Resp.
212 2727 389 2793 Dicendum
400 2730 498 2812 quod,
513 2729 836 2813 sieutsuprataetum
930 2727 1025 2811 Resp.
1052 2726 1251 2794 Dicendum:
1277 2728 1417 2794 Verbum
1439 2728 1518 2793 illud
1544 2728 1663 2793 intelli-

70 2836 123 2910 est‚
135 2835 223 2916 quod
234 2835 334 2899 verba
347 2836 549 2901 diversorum
559 2841 742 2920 temporum
754 2839 837 2903 dieta
890 2835 1037 2915 gendum
1050 2840 1098 2899 est
1110 2836 1300 2906 causaliter‚·
1316 2836 1493 2900 secundnm
1506 2835 1593 2900 enim
1605 2851 1664 2915 ge·

70 2938 106 3002 de
125 2939 189 3005 Deo
209 2959 279 3005 non
299 2942 482 3023 significant
502 2943 627 3027 siquos
647 2945 837 3027 temporales
889 2942 1144 3007 ncrationem‘ex
1158 2946 1259 3006 matre
1275 2942 1392 3007 dieitur
1405 2943 1565 3025 genuisse,
1585 2941 1662 3024 quia

69 3049 168 3125 aetus3
183 3047 240 3113 sed
254 3048 429 3131 important
439 3049 642 3115 durationem
654 3052 756 3116 divini
769 3071 836 3117 esse
889 3047 962 3113 lecit
975 3049 1136 3130 generari.
1156 3048 1278 3113 Similis
1292 3048 1448 3132 expositio
1467 3066 1565 3132 snper
1583 3049 1665 3113 illud

69 3153 134 3218 sine
146 3154 253 3235 initio,
273 3159 311 3220 nt
330 3156 546 3240 praeteritum
568 3159 636 3224 sine
656 3159 835 3241 intervallo,
891 3155 1053 3222 Matthaei·
1068 3178 1077 3220 ε
1098 3157 1209 3223 Potens
1223 3163 1271 3224 est
1282 3156 1322 3222 dc
1338 3157 1502 3240 lapidibus
1514 3156 1584 3223 illis
1595 3172 1665 3222 sus·

69 3264 105 3324 ut
123 3279 280 3343 praesene;
302 3261 371 3328 sine
392 3266 541 3346 termino,
563 3271 600 3330 ut
617 3267 783 3332 futurum:
806 3271 838 3332 et
890 3266 990 3330 citare
1011 3263 1098 3344 tilica
1112 3264 1258 3330 Αῖτθῖιθ.
1277 3263 1396 3347 Glossa,
1416 3265 1450 3328 in
1462 3264 1562 3347 hujus
1574 3264 1664 3329 testi-

68 3367 142 3450 quie
160 3369 272 3434 omnia
293 3369 355 3435 ista
374 3387 467 3454 eque
488 3390 565 3438 rere
584 3373 789 3455 reperiuntur
801 3375 837 3439 in
891 3372 1038 3435 monium
1051 3372 1121 3435 rei:
1139 3369 1385 3436 alleusdeSara
1393 3372 1663 3452 genuitttlium;»

67 3472 834 3563 lieo,ideoomniaaequeveredicunturla)delleo.
890 3477 923 3542 id
939 3481 997 3557 θεῖ,
1011 3478 1085 3543 ῖθθῖῖ
1096 3479 1256 3561 generari.

68 3577 126 3646 Sed
138 3588 260 3661 tamem
280 3584 359 3666 quia
378 3585 471 3649 multi
490 3591 677 3651 erraverunt
690 3587 724 3650 in
738 3606 836 3669 gene·

68 3689 185 3755 ratione
197 3695 359 3774 quantum
373 3691 413 3756 ad
425 3692 565 3772 initium,
581 3694 676 3775 pauci
689 3694 741 3758 vel
755 3695 837 3759 nulli

70 3798 837 3880 qumtumadintervallumvelterminum;ideo
1081 3780 1473 3846 ⁶⁹¹0¹¹l⁰r³¹¹l⁹m¹¹⁰¹¹⁸0m⁰l

69 3904 145 3968 sacri
157 3904 312 3983 dodorus,
327 3909 365 3969 ut
377 3924 435 3971 ora
450 3907 675 3972 naereucmum
691 3908 837 3973 obstrue-
930 3903 1045 3969 Conna
1058 3926 1066 3968 ε
1084 3903 1117 3969 Si
1130 3904 1192 3969 hoe
1205 3906 1309 3971 simile
1324 3910 1447 3972 rectum
1460 3908 1525 3986 θεῖ,
1538 3906 1666 3972 videtin

70 4012 146 4091 rent,
169 4029 242 4077 eam
264 4014 478 4095 perverbum
498 4014 651 4097 praeteriti
672 4015 835 4098 temporis,
890 4011 975 4093 quod
986 4010 1086 4076 Filius
1099 4030 1167 4076 non
1181 4013 1278 4078 semel
1292 4017 1444 4078 nascatur
1458 4035 1465 4079 :
1481 4031 1560 4096 ergo
1572 4032 1663 4096 quae-

71 4117 150 4197 quod
168 4137 298 4202 semper
318 4119 488 4201 significat,
512 4125 550 4185 nt
570 4122 781 4204 praeteritum,
806 4126 838 4186 et
889 4118 983 4198 ritur,
997 4137 1099 4201 quare
1119 4119 1223 4201 magis
1245 4120 1409 4201 generatio
1423 4119 1496 4185 Filii
1508 4122 1665 4185 assimila-

70 4222 111 4286 ite
127 4243 298 4309 nunqnam
314 4224 432 4291 habere
450 4228 656 4310 principium,
672 4247 837 4311 expresse-
889 4225 1121 4308 tursplendori,
1133 4244 1235 4309 quam
1244 4226 1427 4305 diiambus,
1439 4229 1578 4294 maxime
1588 4247 1663 4293 eum

69 4336 151 4397 nme.
165 4333 330 4398 Aliaratio
347 4336 406 4411 θεῖ,
423 4334 501 4416 quia
514 4352 574 4399 nos
594 4337 836 4417 generationem
889 4349 956 4397 non
968 4336 1141 4414 generetur
1153 4352 1173 4397 a
1184 4333 1256 4398 luce
1271 4334 1430 4416 splendor,
1449 4336 1511 4399 nisi
1527 4336 1567 4401 ad
1579 4354 1665 4419 prae-

69 4437 217 4521 divinam,
240 4440 489 4506 manuductione
511 4441 662 4523 quadam,
684 4443 836 4527 intelligi·
890 4439 1025 4504 sentiam
1049 4441 1190 4522 eorporis
1215 4440 1352 4523 objectil
1382 4441 1540 4507 Praeterea
1564 4442 1665 4508 lilius

69 4562 139 4609 mus
151 4564 208 4630 per
221 4547 463 4629 generationem
474 4565 549 4630 qrrae
562 4548 646 4613 eirea
657 4567 718 4614 nos
731 4555 779 4614 est
788 4571 796 4614 t
806 4555 838 4613 et
889 4545 1009 4610 dicitur
1021 4546 1101 4611 lux:
1116 4565 1184 4610 non
1196 4565 1277 4629 ergo
1287 4548 1436 4629 splendor
1446 4549 1538 4613 lueis.

68 4653 300 4734 qrriavidemus
315 4653 425 4718 inhac
444 4656 661 4736 generatione,
681 4656 759 4738 quia
778 4676 837 4739 ge·
931 4652 1024 4736 Resp.
1064 4652 1255 4733 dicendum,
1287 4655 1372 4736 quod
1398 4657 1563 4736 generatio
1591 4656 1664 4722 Filii

68 4758 163 4840 nitria,
178 4760 259 4825 dum
279 4765 463 4842 generatur,
484 4766 532 4826 est
551 4762 764 4846 imperfectas,
779 4782 837 4829 nee
890 4757 1034 4826 hebetia
1050 4778 1084 4824 se
1106 4761 1277 4843 perfectam
1296 4761 1558 4840 conformitatem,
1580 4781 1663 4829 coae-

69 4866 191 4931 eredere
203 4871 310 4950 posset
325 4868 452 4952 ediquis,
472 4870 558 4953 quod
571 4869 627 4934 nei
644 4869 744 4936 Filius
757 4875 838 4936 esset
891 4868 1073 4931 ternitatem
1088 4871 1120 4932 et
1133 4867 1347 4950 equalitatem
1360 4891 1368 4934 z
1390 4872 1422 4933 et
1438 4870 1515 4952 quia
1526 4869 1560 4934 in
1573 4889 1664 4936 crea·

69 4970 285 5055 imperfectum
300 4974 372 5040 ideo
388 4975 601 5042 decreverunt
618 4977 701 5042 dici:
722 4977 838 5043 «Sem-
890 4979 966 5039 tura
976 4994 1043 5039 nna
1053 4975 1150 5040 simul
1161 4975 1233 5039 haee
1243 4994 1310 5040 non
1323 4984 1495 5059 possumus
1505 4977 1663 5060 invenire,

71 5095 126 5159 per
136 5082 306 5161 genitus.»
328 5080 502 5147 [licendum
522 5102 601 5166 ergo
619 5086 718 5167 quod,
733 5104 837 5169 qnan-
890 5080 963 5146 ideo
978 5082 1122 5165 capimus
1142 5101 1183 5147 ex
1197 5082 1319 5160 multis,
1342 5087 1375 5149 et
1396 5083 1467 5148 ideo
1481 5083 1600 5148 multas
1612 5083 1664 5149 isti

72 5189 139 5252 tum
152 5191 200 5253 est
218 5206 262 5253 ex
279 5192 369 5270 parre
388 5191 447 5267 rei,
461 5208 554 5274 aeque
568 5209 644 5257 vere
657 5210 694 5256 ae
711 5192 839 5276 proprie
892 5189 1116 5254 assimilamus.
1131 5187 1294 5267 Quantam
1312 5207 1391 5272 ergo
1404 5191 1445 5256 ad
1458 5191 1663 5256 conformita-

73 5291 183 5358 dicitur
202 5313 320 5376 unum,
347 5296 429 5361 sicut
450 5298 623 5382 reliquum.
648 5298 740 5377 Quod
759 5318 838 5365 vero
892 5301 969 5379 tem,
983 5297 1098 5362 nullis
1112 5302 1160 5363 est
1174 5297 1373 5380 generationi
1386 5297 1494 5380 Verbi,
1516 5300 1602 5382 qnod
1615 5304 1663 5366 est

105 5419 238 5484 ¹(iregor.‚
252 5418 343 5472 dierat.
357 5420 402 5471 tib.
413 5423 492 5474 Xlllll
499 5459 508 5487 ,
523 5436 615 5475 e.1.—
624 5421 747 5488 ’Mettd.,
762 5435 802 5488 ω,
814 5428 837 5477 9.
924 5425 963 5490 (θ)
974 5424 1048 5477 Edit.
1063 5423 1196 5488 Vettios,
1209 5423 1398 5489 dieitnr‚matc.
1414 5449 1442 5462 -
1455 5424 1489 5492 (b)
1503 5426 1566 5477 ltem
1576 5439 1635 5478 nee.

1213 3665 1284 3711 DUB.
1302 3665 1339 3710 X.
