4100 6300
581 490 770 558 DISTINGT.
792 489 870 557 xli.
893 489 1007 556 PART.
1030 491 1069 556 11.
1091 493 1181 558 ΛΒΤ.
1205 492 1228 557 1.
1615 506 1675 570 205

76 636 127 697 611
144 649 225 715 pure
242 632 403 710 meatum,
419 633 467 695 est
480 645 577 713 super
589 645 701 692 omnes
718 625 849 710 angelos
902 627 1007 710 11111161
1021 646 1088 693 non
1100 628 1175 693 dicit
1188 630 1377 711 essentiam,
1395 632 1478 698 sicut
1490 635 1633 718 potentia
1644 641 1676 704 61

76 739 217 804 exaltata
232 755 343 819 tergo,
358 743 417 801 etc.
480 758 484 764 ⁴
904 738 1076 820 sapientia;
1107 740 1162 804 sed
1188 740 1265 804 dicit
1288 742 1462 807 notionem.
1490 744 1523 809 Si
1550 766 1676 829 quaeras

119 845 210 928 Hesp.
228 845 402 909 Dicendum
414 845 501 926 quod
512 848 560 907 est
577 843 665 925 loqui
676 842 716 907 de
727 841 850 905 Christo
904 863 1018 928 qaam,
1035 845 1105 909 dico
1124 847 1210 929 quod
1228 846 1303 912 dicit
1319 850 1483 914 notionem
1496 854 1676 918 communi·
1753 911 1756 919 .

74 954 114 1018 in
137 953 372 1036 comparatione
399 952 439 1016 ad
462 952 594 1033 angelos
620 953 777 1033 quantum
810 948 851 1012 ad
905 956 964 1031 ter,
988 953 1043 1016 sed
1068 957 1176 1017 tamen
1199 954 1233 1018 in
1259 958 1383 1021 ratione
1405 958 1575 1042 principii,
1596 962 1677 1027 sicut

74 1067 235 1144 quatuor,
248 1060 368 1123 seilicet
391 1062 570 1141 :quantum
592 1057 632 1122 ad
647 1057 804 1139 gratiam,
819 1060 852 1120 et
905 1059 1136 1125 suhauctoritas
1147 1063 1182 1124 in
1195 1064 1317 1127 ratione
1336 1067 1513 1130 emanantis
1528 1088 1536 1129 :
1551 1071 1583 1131 et
1601 1068 1677 1133 hinc

74 1172 236 1251 quantum
248 1167 288 1230 ad
302 1170 451 1230 naturam
465 1166 591 1241 mentis,
604 1171 635 1229 et
645 1170 802 1248 quantum
811 1165 851 1229 ad
906 1169 1051 1250 estquod
1066 1168 1158 1234 Pater
1169 1170 1286 1235 dicitur
1300 1176 1402 1254 major
1416 1171 1512 1253 Filio,
1528 1175 1605 1257 quia
1617 1177 1676 1239 etsi

73 1280 229 1339 naturam
250 1275 412 1357 corporis,
440 1277 472 1338 et
493 1278 650 1357 quantum
675 1274 715 1337 ad
733 1275 851 1337 statum
906 1276 1042 1355 uterque
1061 1274 1176 1339 lrabeat
1193 1278 1355 1342 notionem
1366 1279 1401 1342 in
1413 1281 1536 1344 ratione
1555 1282 1676 1363 princi-

74 1381 304 1466 passibilitatis.
319 1381 483 1459 Quantum
497 1382 536 1446 ad
549 1382 700 1462 gratiam,
714 1386 762 1445 est
774 1380 852 1444 sim·
907 1380 961 1463 pii,
976 1379 1068 1446 Pater
1077 1387 1184 1447 tamen
1196 1384 1231 1448 in
1242 1386 1365 1450 ratione
1376 1388 1524 1470 principii
1534 1393 1674 1466 tantum;

72 1492 202 1574 pliciter
214 1492 327 1573 major.
341 1490 504 1568 Quantum
516 1473 556 1554 ad
564 1495 715 1553 naturam
726 1487 851 1566 mentis,
907 1494 939 1552 et
959 1490 1030 1554 ideo
1050 1490 1122 1573 plus
1144 1490 1239 1556 habet
1259 1493 1298 1557 de
1321 1494 1443 1558 ratione
1467 1496 1675 1561 auctoritatis.

73 1597 191 1660 saltem
200 1597 456 1673 nonfuitminor,
465 1598 542 1679 quia
551 1596 633 1660 sicut
641 1596 716 1659 dicit
726 1593 851 1658 Glossa:
908 1596 1044 1680 Spiritus
1054 1602 1163 1663 autem
1177 1605 1306 1665 sanctus
1324 1601 1445 1665 nullius
1463 1619 1608 1684 personae
1631 1608 1678 1668 est

78 1726 98 1763 a
116 1703 219 1768 Minor
236 1704 358 1784 angelis
371 1704 432 1768 tuit
449 1722 600 1787 corpore,
616 1721 681 1767 non
700 1706 849 1766 meum.»
907 1704 1120 1787 principium,
1136 1709 1168 1770 et
1178 1707 1251 1771 ideo
1266 1725 1333 1772 non
1350 1713 1554 1793 comparatur
1566 1711 1612 1775 eis
1626 1728 1679 1775 se-

73 1808 245 1887 Quantum
261 1811 302 1876 ad
321 1815 472 1876 naturam
485 1811 645 1894 corporis,
659 1810 765 1874 minor
780 1808 851 1872 luit.
906 1813 1051 1877 cundum
1064 1814 1296 1880 auctoritatem.

74 1918 244 1997 Quantum
264 1923 373 1984 autem
391 1920 432 1983 ad
451 1923 601 1984 naturam
620 1917 852 2003 passibilitatis,

72 2030 143 2093 fuit
156 2028 262 2092 minor
275 2032 307 2093 et
320 2027 444 2093 modico
456 2028 649 2105 minoratus,
664 2028 742 2111 quia
755 2029 855 2090 status

73 2135 294 2220 passibilitatis
317 2135 354 2199 in
383 2138 503 2199 statum
529 2135 644 2216 gloriae
669 2138 701 2200 61
723 2133 855 2198 honoris
992 2116 1174 2182 uejortuque
1189 2116 1289 2169 domas
1303 2120 1354 2182 est,
1367 2116 1414 2169 ”d
1425 2117 1513 2170 minor
1517 2156 1528 2184 ³
1543 2122 1591 2170 ⁸²⁰·

74 2244 262 2328 paulopost
276 2242 512 2311 convertendus
526 2246 605 2307 erat.
948 2242 1081 2307 Videtur
1097 2242 1201 2307 dicere
1221 2242 1360 2320 falsum,
1381 2243 1460 2325 quia
1476 2262 1681 2328 quocumque

909 2351 1005 2416 modo
1025 2352 1199 2433 accipiatur
1214 2353 1336 2433 major,
1357 2351 1473 2432 dicitur
1488 2352 1620 2417 relative
1640 2353 1681 2418 erl

908 2459 1090 2524 minorem:
1111 2476 1207 2540 ergo,
1221 2458 1249 2521 si
1262 2461 1309 2521 est
1326 2476 1444 2540 ponere
1464 2458 1591 2524 Patrem
1609 2478 1679 2524 ma-

221 2552 327 2604 videtur
339 2552 408 2617 quod
422 2552 496 2602 ΡΜ
507 2550 540 2602 ⁸¹*
550 2550 634 2615 m⁸j⁰¹⁸
646 2548 717 2601 silio.
880 2617 885 2628 .
907 2570 1022 2650 jurem,
1037 2570 1085 2630 est
1096 2584 1214 2648 ponere
1224 2565 1343 2630 Filium
1355 2567 1524 2631 minorem.

125 2679 240 2746 Contra
251 2701 258 2743 :
269 2677 303 2744 Si
311 2697 426 2744 verum
436 2677 577 2760 estquod
586 2676 671 2755 dicit,
685 2674 854 2739 cumidem
949 2673 1040 2754 Item,
1054 2673 1146 2739 Pater
1159 2674 1275 2739 dicitur
1284 2675 1397 2755 major,
1409 2676 1487 2757 quia
1499 2675 1680 2739 hebetans-

76 2788 126 2851 sit
147 2787 181 2852 in
201 2786 264 2851 Deo
286 2786 454 2868 sapientia,
478 2784 632 2869 potentia,
660 2784 800 2863 bonitas,
824 2788 856 2848 et
907 2781 1068 2846 toritatem
1087 2799 1186 2865 supra
1207 2781 1349 2846 Filium:
1369 2801 1466 2864 ergo,
1490 2801 1565 2847 cum
1582 2782 1681 2846 Filius

77 2893 290 2975 magnitudo,
303 2911 397 2975 ergo,
413 2893 440 2956 si
453 2894 556 2975 major
565 2895 627 2968 est,
639 2872 671 2954 61
682 2894 728 2955 est
741 2896 854 2974 poten·
908 2887 1024 2954 habeat
1041 2890 1321 2954 subauctoritatem
1334 2894 1480 2973 respectu
1494 2888 1605 2969 Patris,
1621 2891 1678 2955 de·

76 3002 166 3080 tior,
184 3004 216 3064 et
234 2999 423 3082 sapientior,
441 3003 472 3063 et
490 2998 612 3062 melior.
633 2996 804 3078 Praeterea,
819 2999 855 3062 in
908 2996 962 3061 bet
975 2996 1037 3061 dici
1048 2996 1164 3061 minor.

77 3109 229 3176 Beonan
244 3111 291 3173 est
304 3106 494 3190 magnitudo
508 3105 618 3184 molis,
633 3106 688 3171 sed
702 3106 829 3171 virtutis
845 3128 853 3171 ε
950 3102 1042 3188 Hesp.
1054 3103 1229 3169 Dicendum
1239 3105 1324 3186 quod
1333 3103 1415 3169 nihil
1425 3105 1568 3188 impedit,
1581 3123 1680 3189 quare

1232 2002 1302 2049 Dtin.
1321 2002 1355 2049 V·

402 2430 473 2477 DUB·
495 2429 540 2476 Ν.

77 3234 178 3298 erge,
193 3218 219 3280 si
232 3215 325 3281 Pater
338 3218 386 3279 est
394 3216 508 3297 major,
518 3217 566 3279 est
580 3213 740 3296 potentior
751 3237 759 3278 ε
770 3214 855 3297 quod
909 3213 1010 3279 Filius
1027 3233 1094 3279 non
1108 3215 1232 3279 dicatur
1249 3215 1357 3278 minor
1369 3213 1460 3280 Patre
1473 3215 1596 3280 ratione
1609 3217 1683 3281 sub

77 3328 171 3388 stare
184 3327 374 3406 nonpotest.
910 3321 1125 3398 auctoritatis,
1152 3322 1235 3386 sicut
1262 3320 1355 3385 Pater
1377 3325 1499 3405 major,
1521 3323 1583 3387 nisi
1607 3325 1683 3407 quia

76 3539 230 3603 tionem:
250 3555 318 3601 non
330 3536 519 3617 essentiam,
534 3536 611 3619 qnia
628 3537 765 3601 essentia
782 3541 858 3600 sunt
910 3555 1008 3601 usum
1021 3536 1118 3600 trahi.
1133 3535 1190 3600 Vel
1203 3538 1279 3619 quie
1292 3538 1393 3601 sancti
1408 3537 1565 3617 Doctores,
1580 3558 1682 3623 quan·

78 3644 243 3728 aequales3
259 3646 287 3707 si
305 3645 487 3723 notionem,
511 3662 622 3727 quaero
642 3650 759 3726 quaml
775 3644 809 3708 Si
821 3649 858 3707 tu
910 3647 982 3708 tum
997 3648 1145 3727 possunt,
1167 3662 1200 3708 se
1221 3645 1373 3726 elongant
1394 3645 1434 3708 ah
1457 3644 1682 3711 haereticorum

78 3754 191 3832 dieas,
205 3753 290 3835 quod
309 3753 548 3835 paternitatem
567 3756 678 3816 contra
696 3769 704 3814 :
722 3750 858 3833 Compa—
912 3751 1054 3829 fallacia,
1071 3750 1143 3816 ideo
1161 3769 1235 3816 cum
1253 3750 1393 3815 Hilarius
1413 3752 1543 3816 dixisset
1557 3751 1682 3818 Patrem

77 3862 170 3926 ratio
183 3861 359 3925 secundum
375 3861 481 3943 majus
493 3859 669 3924 autminus
681 3862 858 3923 nonatten·
913 3862 1089 3943 majorem,
1103 3860 1208 3924 noluit
1225 3860 1311 3942 quod
1327 3860 1428 3924 Filius
1444 3859 1603 3925 diceretur
1619 3862 1684 3925 mi-

79 3970 188 4047 ditur,
201 3968 264 4032 nisi
276 3969 310 4031 in
327 3966 677 4051 comparticipantibus3
693 3967 779 4031 unde
792 3984 858 4029 non
913 3986 985 4044 nor,
1002 3986 1045 4032 ne
1058 3967 1220 4032 videretur
1233 3968 1288 4032 illa
1301 3968 1466 4050 majoritas
1479 3987 1545 4033 non
1558 3972 1684 4035 tantum

79 4076 230 4142 dieitur:
258 4076 420 4159 «Cygnus
441 4079 489 4139 est
506 4074 608 4139 alhior
626 4092 722 4139 corvo
740 4094 748 4139 :
768 4095 784 4133 a
804 4075 859 4139 sed
912 4075 1129 4155 auctoritatis,
1157 4076 1212 4140 sed
1238 4076 1335 4140 etiarn
1359 4076 1583 4158 inequalitatis
1613 4101 1621 4142 :
1655 4080 1686 4141 61

80 4184 266 4250 Filiusnon
276 4188 324 4249 est
336 4182 601 4267 comparticipare
614 4182 857 4265 paternitatem:
913 4182 1063 4265 quamvis
1081 4181 1221 4247 Hilarius
1239 4183 1356 4247 diceret
1374 4184 1408 4246 in
1432 4183 1525 4248 Patre
1545 4186 1685 4250 auctori-

79 4311 181 4375 ergo,
193 4296 253 4356 etc.
672 4276 675 4280 Δ
913 4293 1028 4367 tatem,
1051 4308 1119 4354 non
1140 4295 1249 4355 tamen
1270 4290 1389 4372 legitur
1412 4291 1447 4355 iu
1468 4291 1548 4356 Filio
1569 4293 1687 4359 dixisse

127 4399 208 4464 item
228 4399 385 4481 praeritur
407 4416 508 4482 quare
529 4416 596 4463 non
618 4396 734 4461 dicitnr
756 4397 861 4478 major
914 4397 1219 4462 subauotoritatem:
1242 4395 1297 4460 sed
1313 4396 1394 4462 iliud
1417 4399 1554 4464 verbum
1574 4418 1594 4463 a
1614 4418 1687 4465 ma-

82 4507 211 4593 Spiritu
223 4511 344 4572 sancto.
915 4504 1023 4587 gistris
1042 4507 1090 4568 est
1104 4502 1249 4569 additum
1271 4504 1308 4568 in
1330 4504 1557 4569 consuetudine
1577 4505 1688 4590 dispu-

127 4614 223 4698 Hesp.
244 4613 418 4679 Dicendum
431 4613 517 4697 quod
531 4614 567 4678 in
584 4612 676 4678 Patre
689 4615 737 4677 est
749 4615 861 4676 aucto-
914 4612 1065 4676 tantiurn.

81 4724 167 4788 ritas
187 4725 334 4806 respectu
353 4721 444 4803 Filii,
470 4726 503 4787 et
525 4721 661 4804 Spiritus
678 4720 780 4785 sancti
802 4720 861 4784 :in

84 4830 170 4895 Filio
178 4834 322 4913 respectu
329 4829 466 4914 Spiritus
473 4829 589 4909 sanoti3
600 4833 632 4893 et
639 4827 711 4893 ideo
719 4828 753 4892 in
766 4826 861 4891 Patre
1083 4829 1328 4900 ARTICULUS
1350 4829 1519 4900 UNICUS.

84 4943 195 5023 major
216 4939 402 5019 auctoritas,
426 4942 457 5003 et
477 4941 579 5021 major
603 4937 809 5016 ioecunditas3
830 4939 863 5001 61

85 5047 308 5131 quianullum
322 5064 441 5111 nomen
460 5047 506 5111 ita
525 5045 676 5129 competit
692 5045 733 5110 ad
750 5045 861 5128 expri·
955 5040 1005 5105 Ad
1031 5039 1223 5105 audentiam
1248 5040 1349 5122 hru‘us
1372 5039 1471 5123 partis
1495 5042 1688 5122 quaeruntur

85 5153 241 5218 mendam
266 5155 506 5235 auctoritatem,
532 5153 613 5218 sicut
638 5152 701 5217 hoe
721 5171 860 5231 nomen,
916 5150 979 5214 tria
1000 5151 1041 5214 de
1063 5149 1214 5213 missione
1234 5148 1352 5213 visibili
1367 5167 1376 5212 t
1391 5148 1514 5231 primo,
1528 5147 1605 5230 quid
1626 5146 1685 5224 sit;

86 5261 334 5344 mperatres
354 5261 429 5325 dicit
441 5261 580 5325 Hilarius
595 5261 681 5344 quod
702 5260 793 5325 Pater
816 5263 863 5324 est
917 5256 1071 5333 secundo,
1085 5257 1124 5320 ad
1138 5256 1216 5339 quid
1237 5257 1277 5319 sit
1298 5257 1402 5334 utilis3
1418 5257 1511 5319 tertio
1532 5253 1689 5337 quaritur

89 5374 197 5453 major
213 5368 306 5435 Filio.
331 5370 380 5436 Hx
400 5371 462 5435 hoc
484 5374 592 5453 patent
616 5369 759 5457 objecta,
785 5368 862 5458 quia
916 5366 1036 5449 quihus
1050 5364 1152 5429 modis
1163 5365 1245 5429 taeta
1257 5364 1307 5429 sit.
