4100 6300
340 458 422 505 xvrn
513 498 515 503 ,
635 424 640 434 ’
928 450 931 459 “
955 436 988 503 S.
1010 436 1314 504 ssoNsvnlvTUnm

339 574 383 638 tia
396 575 608 657 prosequente
621 570 784 637 reddidisti
800 576 834 635 te
849 571 1010 653 placidum
1024 577 1057 636 et
1074 574 1247 638 amabilem
1260 575 1355 657 quasi
1368 575 1533 655 omnibus,
1549 578 1580 639 et
1598 574 1734 657 ubique,
1751 593 1787 639 ac
1805 578 1930 658 propter

339 681 401 746 hoc
420 684 583 764 sperantes
602 678 737 743 firmiter
754 678 839 762 quod
861 678 955 761 pleno
976 679 1010 742 in
1030 682 1062 743 te
1085 697 1317 765 prosequemur
1336 682 1469 758 aflectu,
1491 681 1523 745 id
1541 682 1627 763 quod
1645 682 1728 746 circa
1749 686 1929 764 praetactam

338 789 503 854 ecclesiam
525 787 631 851 sedem
649 786 811 865 eamdem,
829 789 861 849 et
879 786 988 868 ipsum
1005 805 1145 868 regnum
1164 789 1199 852 in
1219 790 1281 853 hac
1300 789 1443 871 ejusdem
1461 788 1599 852 ecclesiae
1618 789 1820 855 ordinatione
1841 791 1930 857 avide

336 896 534 975 affectamus,
548 896 586 961 de
602 912 738 978 persona
749 896 805 957 tua
819 893 881 976 ipsi
895 893 1053 972 Ecclesiae,
1069 896 1259 961 auctoritate
1277 895 1459 979 Apostolica
1472 895 1692 978 providemus
1705 900 1738 960 et
1750 899 1780 961 te
1794 896 1837 959 illi
1853 910 1930 980 pree·¹

336 1004 463 1068 tlcimus
475 1004 512 1066 in
524 1002 815 1085 archiepiscopum,
829 1005 862 1065 et
874 1007 1053 1085 pastorem,
1067 1003 1265 1068 absolventes
1276 1007 1308 1068 te
1319 1003 1480 1067 avincula
1493 1003 1664 1067 ministerii
1678 1003 1838 1085 generalis
1850 1024 1928 1088 prm

334 1112 392 1176 lati
413 1112 570 1176 ordinis...
591 1110 659 1174 Dat.
681 1108 822 1189 Perusii,
840 1112 860 1172 8
876 1109 936 1174 cal.
955 1111 1098 1177 decemb.
1117 1131 1171 1178 an.
1193 1113 1303 1176 11661.
1318 1132 1334 1171 r
1351 1110 1387 1174 ln
1408 1129 1473 1194 qua
1492 1113 1602 1174 tamen
1624 1129 1659 1174 re
1682 1129 1814 1193 quoquo
1837 1113 1929 1178 modo

335 1219 453 1301 potnit,
468 1217 701 1299 tergiversatus
716 1217 762 1279 ita
773 1220 820 1280 est
832 1215 1070 1301 Bonaventura,
1086 1226 1124 1285 nt
1143 1220 1229 1284 illius
1250 1220 1397 1301 precibus
1417 1217 1572 1281 adductus
1599 1218 1632 1283 S.
1649 1217 1685 1282 P.
1699 1219 1740 1281 ab
1752 1218 1927 1302 archiepis-

334 1330 465 1408 copatus
482 1342 580 1390 onere
597 1342 674 1388 eum
692 1322 833 1388 solverit.
856 1324 944 1389 Clara
961 1325 995 1388 in
1014 1326 1076 1391 hoc
1092 1328 1196 1392 extitit
1215 1325 1451 1391 Bonaventurae
1464 1325 1584 1405 virtus,
1603 1326 1661 1407 qni
1681 1343 1756 1389 cum
1771 1326 1928 1407 amplissi-

334 1450 426 1497 mum
453 1431 763 1515 archiepiscopatum
787 1435 900 1496 nactus
922 1437 1021 1513 esset,
1043 1436 1150 1516 magis
1172 1434 1219 1498 illi
1240 1433 1328 1498 cordi
1348 1433 1408 1497 luit
1429 1432 1554 1498 Ordinis
1576 1433 1628 1497 sui
1648 1431 1813 1514 regimen,
1831 1452 1928 1515 quam

333 1539 437 1618 gloria
449 1543 482 1604 et
494 1539 616 1604 divitias
629 1539 755 1604 multa.

371 1644 446 1710 Post
462 1646 549 1726 haec,
566 1646 678 1713 relicta
694 1645 803 1722 ltalia,
818 1646 972 1724 Galliam,
987 1649 1074 1713 unde
1093 1648 1426 1724 mariamniae,
1445 1647 1556 1725 rediit,
1578 1646 1712 1710 tuere
1733 1645 1929 1711 Parisiorum

331 1751 516 1818 Generalem
529 1759 725 1819 sorrentum
738 1754 919 1818 habiturus.
939 1754 986 1818 lbi
1000 1774 1075 1820 cum
1090 1756 1206 1821 indies
1218 1756 1325 1837 magis
1338 1774 1375 1819 ac
1388 1755 1493 1835 magis
1508 1753 1670 1819 Minorum
1683 1753 1834 1818 Ordinem
1853 1771 1929 1836 pro-

330 1860 457 1942 lapsum
470 1862 603 1941 videret,
612 1861 689 1925 huic
697 1866 735 1924 ul
747 1861 937 1937 consuleret,
952 1863 1219 1946 clementisjmsu
1230 1863 1370 1927 decrevit
1382 1862 1423 1944 (α)
1436 1861 1548 1940 multa,
1557 1879 1630 1942 quae
1637 1861 1822 1943 procacium
1829 1861 1930 1925 auda-

330 1968 413 2031 ciam
424 1972 616 2032 resecarent.
630 1969 674 2033 De
687 1987 753 2050 qua
766 1987 800 2032 re
814 1986 969 2048 germane
983 1971 1185 2053 fraterneque
1199 1971 1324 2053 scripsit
1337 1970 1391 2034 Fr.
1406 1971 1444 2034 B.
1459 1969 1601 2034 Soucclc's
1616 1970 1797 2035 Provincioe
1810 1968 1930 2033 Minis·

333 2082 397 2153 tro,
413 2076 589 2158 ceterisque
603 2075 727 2141 Ordinis
747 2074 953 2152 Proceribus‚
970 2082 1007 2139 ut
1024 2077 1098 2144 illos
1118 2078 1270 2144 sollicitos
1288 2076 1436 2144 redderet
1453 2077 1498 2143 od
1516 2092 1568 2143 eos
1584 2078 1791 2158 potissimum
1810 2074 1930 2140 obrem

331 2182 483 2250 romaum
501 2182 540 2248 cte
554 2182 674 2264 mettio,
691 2182 807 2265 quibus
825 2184 997 2249 scenitas
1010 2185 1188 2268 Reliqicois
1203 2185 1366 2265 inficitur,
1377 2185 1586 2267 perfectionis
1600 2181 1754 2249 celsitudo
1768 2181 1931 2264 repemi-

332 2298 397 2369 tur,
412 2296 442 2356 ct
457 2292 646 2357 sanctitatis
660 2291 793 2357 claritas
809 2288 1017 2373 offuscatur&
1040 2291 1125 2357 Pane
1143 2296 1228 2358 certe
1247 2293 1303 2356 hic
1318 2293 1494 2356 triennium
1513 2292 1580 2372 egit
1591 2289 1838 2366 Bonaventura,
1854 2290 1929 2371 qui,

330 2397 357 2460 si
367 2396 544 2479 Wsddingo
555 2398 730 2477 credimus,
743 2416 836 2463 suam
849 2417 915 2464 non
928 2400 1037 2465 omisit
1050 2418 1182 2483 operam
1196 2401 1230 2463 in
1243 2400 1365 2464 ciendis
1377 2417 1435 2482 per
1447 2417 1498 2474 se,
1511 2416 1649 2480 suosque
1662 2386 1708 2462 ed
1716 2416 1846 2461 sacrum
1863 2397 1931 2460 bel-

329 2503 401 2567 lum
414 2503 625 2587 Principibus.
638 2505 824 2571 Convocatis
836 2507 1043 2588 generalibus
1054 2507 1166 2571 Assisii
1179 2508 1316 2572 comitiis
1327 2525 1414 2571 anno
1427 2508 1517 2585 1269,
1532 2504 1725 2587 Reipublicae
1738 2503 1932 2567 Christianae

329 2610 501 2675 discrimen
515 2612 754 2677 commendavit
768 2614 986 2678 consodalium
1005 2615 1161 2695 orationi,
1176 2618 1208 2679 et
1227 2615 1262 2678 in
1283 2613 1484 2696 praedicanda
1498 2611 1596 2676 Gruce
1617 2629 1674 2694 per
1687 2612 1860 2694 deputatos
1874 2611 1932 2675 Mi-

328 2718 452 2783 nistros
465 2718 679 2783 sollicitudini.
694 2718 816 2785 Tartari
831 2722 919 2785 enim
933 2721 1054 2804 ubique
1068 2723 1133 2786 lere
1146 2722 1295 2803 gentium
1308 2740 1375 2787 sese
1389 2721 1595 2785 diffuderant.

367 2823 490 2889 Verum
509 2830 545 2889 ut
562 2826 603 2889 ad
617 2825 810 2891 Parisienses
824 2827 1010 2909 Magistros,
1030 2847 1111 2912 quos
1128 2836 1202 2896 ante
1220 2829 1479 2904 nominavimus,
1492 2829 1563 2910 jam
1581 2829 1793 2903 revertamur,
1812 2844 1935 2909 qnam-

330 2950 431 3015 quam
444 2932 576 2997 illorum
587 2933 692 3010 lartio,
708 2937 740 2998 et
753 2933 927 2999 Pontissciis
939 2935 1064 3014 litteris,
1077 2941 1109 3001 et
1123 2936 1153 3003 S.
1171 2937 1324 3004 Ludovici
1337 2935 1499 3000 Gallorum
1513 2932 1610 3014 Regis
1623 2951 1684 3016 ope
1698 2934 1800 3015 sopita
1814 2934 1934 3013 luerit,

330 3038 391 3113 hcc
405 3042 513 3104 tamen
531 3058 618 3104 anno
631 3045 710 3105 1169
724 3043 847 3107 renasci
864 3061 933 3108 non
946 3044 1086 3109 erubuit.
1106 3044 1253 3111 Surrexit
1269 3045 1356 3110 enim
1371 3042 1477 3107 nescio
1491 3040 1549 3124 qui
1562 3039 1747 3104 Parisiensis
1760 3039 1931 3123 Magister,

331 3143 489 3211 Gerardus
512 3146 551 3212 de
568 3148 804 3216 abbatis-Villa
825 3151 944 3234 dictus,
965 3153 1022 3235 qui
1042 3152 1203 3220 Guillelmi
1220 3174 1240 3219 a
1258 3152 1512 3219 Sancto-Amore
1534 3148 1691 3213 desertam
1714 3150 1936 3232 proscriptam
2041 3207 2042 3222 .

329 3271 475 3318 caussam
489 3256 697 3338 aggrediens,
715 3257 751 3322 in
769 3258 948 3340 Minoritas,
963 3277 1046 3342 quos
1062 3261 1173 3327 oderat
1190 3260 1292 3327 multo
1310 3261 1418 3343 pejus,
1436 3275 1537 3341 quam
1555 3255 1770 3321 Mendicantes
1788 3260 1934 3335 ceteros,

328 3358 476 3442 lingnam
496 3366 528 3427 et
548 3363 707 3428 calamum
727 3366 814 3431 acuit
836 3367 1002 3431 acerrime.
1022 3367 1079 3432 Cui
1097 3386 1173 3433 sane
1191 3366 1394 3432 obtrectatori
1415 3382 1551 3429 nervose
1571 3362 1746 3429 admodum
1764 3363 1937 3446 respondit

328 3685 361 3743 et
380 3681 579 3748 iracundiam
596 3685 754 3749 continuit
773 3685 833 3764 sic,
848 3690 886 3750 ut
906 3687 995 3751 nulla
1012 3689 1048 3751 in
1063 3689 1241 3754 Gerardnm
1259 3687 1343 3752 dicta
1355 3686 1438 3750 male
1454 3684 1589 3768 jecerit:
1603 3683 1689 3750 Sorte
1707 3689 1788 3766 quta
1811 3684 1937 3767 huius-

328 3788 418 3854 macr
429 3791 605 3869 fabricator
618 3794 748 3870 erroris,
762 3792 905 3874 coquin,
919 3794 1108 3861 cumcurm
1122 3798 1167 3863 ait
1180 3798 1298 3875 victor,
1312 3791 1535 3872 recreemur,
1548 3792 1670 3874 corripi
1681 3798 1786 3873 potest
1798 3809 1866 3874 per
1880 3793 1940 3858 Dei
2041 3883 2042 3888 Ἰ

328 3893 529 3962 clementiam
533 3944 593 3962 .....
609 3899 685 3965 binc
704 3903 848 3981 mucoris
866 3901 1007 3970 ironicis
1023 3901 1158 3971 erectam
1172 3904 1326 3969 ceruicem
1338 3907 1458 3984 oportet
1472 3900 1559 3966 duro
1579 3901 1800 3981 increpatione
1817 3900 1939 3980 ferire,

327 4017 394 4068 coc
408 4003 539 4085 quictem
553 4008 662 4071 umori
675 4006 783 4072 cordis
797 4005 884 4085 odio,
898 4009 957 4074 sect
971 4011 1157 4094 tranquillo
1170 4013 1287 4077 meotis
1299 4009 1502 4075 oemrrlutorio
1515 4007 1686 4073 cbomtote.

367 4109 444 4174 llaec
454 4131 529 4175 cum
541 4119 652 4194 ageret
662 4111 898 4195 bonaventura,
911 4117 1065 4196 Clemens,
1077 4120 1216 4182 nominis
1227 4119 1326 4201 hujus
1336 4116 1387 4196 lV,
1397 4116 1593 4180 sanctissime
1604 4113 1727 4179 devixit
1737 4132 1832 4178 anno
1843 4115 1940 4190 1968,

328 4219 347 4279 3
360 4218 420 4280 eal.
432 4218 618 4284 decembris.
633 4219 786 4285 Triennio
804 4221 903 4285 ferme
916 4224 957 4287 ab
975 4227 1046 4307 ejus
1064 4225 1158 4288 obitu'
1169 4228 1240 4308 jam
1254 4226 1362 4308 elapso
1375 4243 1478 4303 anno,
1497 4229 1569 4305 post
1585 4222 1773 4286 diuturnam
1787 4226 1825 4286 et
1845 4238 1940 4285 sum·
2041 4255 2042 4304 5

327 4342 415 4388 mam
429 4324 644 4391 Gardinalium
656 4328 902 4409 dissensionem,
919 4332 954 4394 in
968 4335 1039 4413 ejus
1052 4332 1159 4396 locum
1173 4334 1327 4397 suffectus
1339 4331 1403 4394 fuit
1415 4329 1573 4395 Thealdus
1586 4329 1690 4411 patria
1703 4328 1939 4406 Placentinus,

326 4432 520 4513 professione
533 4435 784 4498 Archidiaconus
801 4435 999 4515 Leodiensis,
1018 4440 1076 4521 qui
1097 4447 1227 4502 nomine
1246 4442 1460 4516 commutato,
1476 4436 1648 4517 Gregorius
1661 4433 1689 4498 X
1702 4435 1816 4499 vocari
1838 4435 1941 4517 coepit
2041 4473 2042 4494 .

326 4538 484 4624 deinceps.
499 4540 537 4605 ln
549 4541 764 4607 Gurdinalium
777 4545 926 4624 consiliis,
940 4551 972 4609 et
983 4548 1214 4629 compromisso
1227 4547 1376 4610 faciundo
1387 4545 1532 4609 interluit
1543 4544 1674 4625 quidem
1685 4541 1940 4621 Bonaventura,

325 4646 380 4710 sed
392 4667 459 4712 non
471 4649 526 4728 ila,
539 4655 575 4714 ut
586 4650 665 4714 huic
676 4650 806 4715 dissidio
814 4652 917 4732 judex
931 4654 1105 4734 praefuerit.
1118 4652 1189 4717 lam
1202 4653 1259 4718 ubi
1271 4671 1356 4716 anno
1365 4656 1455 4728 latr,
1468 4656 1488 4713 1
1499 4651 1570 4714 idus
1582 4649 1734 4714 februarii
1742 4647 1939 4714 viterbium
2041 4737 2042 4742 ἵ

325 4773 343 4818 e
358 4756 450 4837 Syria
464 4755 638 4838 Gregorius
650 4758 738 4821 venit
753 4758 883 4836 (absens
895 4759 982 4823 enim
994 4758 1128 4823 Titerbii
1142 4763 1269 4824 creatus
1281 4759 1400 4841 fuerat)
1416 4758 1504 4822 haud
1519 4758 1673 4838 ignorans
1687 4755 1941 4821 Bonavemurae

325 4863 531 4944 gravitatem,
547 4866 733 4941 consilium,
751 4866 971 4948 prudentiam,
986 4872 1085 4949 atque
1097 4867 1291 4943 doctrinam,
1303 4865 1399 4948 Jussit
1412 4871 1449 4929 ut
1461 4883 1571 4928 secum
1584 4863 1719 4927 Romam
1737 4864 1939 4944 proticisce-
2041 4931 2042 4976 ἱ

324 4974 425 5048 retur,
447 4976 547 5052 utque
567 4973 701 5036 solemni
721 4974 953 5038 coronationil
970 4973 1030 5037 cal.
1052 4974 1162 5056 aprilis
1184 4974 1375 5056 peragendae
1392 4972 1524 5036 adesset.
1545 4970 1656 5035 Paruit
1673 4968 1811 5051 quidem
1835 4971 1941 5051 jussis
2041 4999 2042 5054 j

324 5072 564 5156 bonaventura,
585 5097 622 5141 ac
636 5078 770 5144 Romam
784 5099 859 5144 cum
878 5098 999 5161 magno
1014 5081 1229 5145 cardinalium
1243 5079 1480 5163 Procerumque
1495 5077 1643 5142 Ecclesia
1656 5077 1819 5141 comitatu
1834 5077 1940 5154 adiit3

358 5295 448 5344 ¹Tom.
459 5294 482 5343 ll
496 5292 600 5349 Anum..
614 5295 717 5347 adanu.
731 5300 801 5358 1265,
815 5311 842 5361 p.
852 5299 908 5347 284.

354 5366 401 5416 ²S.
416 5366 515 5415 Bonav.
529 5364 557 5413 in
571 5366 655 5430 ltpr'st.
666 5369 800 5432 encyclico,
815 5374 878 5419 tom.
895 5370 914 5417 ll
929 5366 1037 5428 Arnai„
1051 5367 1084 5417 ad
1096 5381 1157 5417 ann.
1173 5371 1243 5432 1266,
1258 5383 1286 5419 n.
1296 5382 1334 5432 vr,
1349 5371 1439 5432 pile.

249 5439 253 5447 “
354 5434 403 5485 ⁸ln
416 5435 523 5500 Prolopo
536 5435 670 5500 Opusculi,
684 5439 759 5503 cujus
770 5439 872 5490 titrrlus:
887 5438 1013 5504 Apoloqio
1024 5452 1173 5503 pauperum.
1185 5467 1216 5477 -
1232 5442 1267 5506 (o)
1283 5439 1356 5491 nott.
1373 5439 1433 5490 Ver.
1444 5437 1569 5488 decernit.

233 3483 237 3492 ·
329 3465 568 3550 Bcnavenlura,
590 3471 646 3536 sed
664 3471 726 3553 ita,
750 3477 787 3536 ut
805 3474 969 3538 charitatis
988 3475 1118 3540 vincula
1136 3492 1306 3558 nunquam
1328 3472 1510 3554 disruperit.
1525 3470 1663 3534 Tametsi
1680 3469 1813 3535 Gerardi
1833 3472 1937 3535 verba
2041 3483 2042 3540 ἶ

198 3617 202 3624 -
328 3591 432 3656 usque
446 3576 525 3640 adeo
539 3596 653 3660 aspera
665 3578 802 3659 luerint,
817 3585 855 3644 ut
871 3580 1041 3661 ingenium
1055 3581 1264 3664 quantumvis
1281 3581 1361 3644 forte
1374 3579 1499 3642 irritare
1512 3577 1675 3657 valerent,
1690 3577 1788 3642 bilem
1803 3582 1937 3655 tamen,
