4100 6300
579 547 677 614 olsr.
698 550 778 617 lllli.
801 553 891 621 ART.
915 558 939 624 Ι.
962 561 1111 640 oUAEsT.
1137 569 1190 637 lll.
1620 599 1679 662 225

88 664 268 730 terdicitur
285 665 461 750 ingenitus,
475 676 551 757 quia
564 680 605 743 ab
618 699 657 746 eo
674 692 857 754 removetur
912 694 1040 778 divinis,
1057 706 1214 784 processio
1232 707 1368 793 Spiritus
1386 722 1485 785 sancti
1504 724 1677 811 aduohus,
1734 779 1740 790 .

86 771 192 836 omnis
200 777 376 858 generatio,
387 781 463 862 quia
474 801 533 848 nec
545 794 729 875 generatur,
740 814 799 860 nec
809 803 856 862 est
910 803 1015 883 quiea
1025 804 1118 875 Patre
1131 817 1162 877 et
1171 811 1252 882 Filio
1266 836 1274 882 τ
1287 837 1367 903 ergo
1379 826 1505 893 realiter
1513 831 1676 904 ditterrmt.

86 887 291 963 agenerat03
317 885 473 971 similiter,
488 910 505 956 e
520 911 683 972 converso,
699 905 855 985 processio
950 908 1040 993 item,
1053 920 1229 986 secundum
1242 943 1312 990 rem
1323 932 1354 993 et
1364 933 1541 1019 veritatem,
1554 941 1677 1026 aliquo·

83 988 214 1069 proprie
223 990 262 1054 de
274 1010 312 1056 eo
322 994 492 1078 dicitur,in
502 1018 566 1083 quo
578 1007 764 1073 estomnino
773 1012 854 1077 ratio
908 1032 983 1079 rum
995 1025 1043 1083 est
1054 1024 1246 1110 principium
1260 1033 1368 1102 divina
1380 1041 1557 1133 substantia
1571 1053 1608 1111 ut
1620 1068 1676 1116 vo·

81 1096 290 1178 procedendi3
314 1105 346 1165 et
375 1104 446 1169 talis
472 1111 519 1171 est
541 1107 676 1193 Spiritus
702 1120 850 1200 sanctus,
907 1120 1023 1206 luntas,
1045 1147 1184 1211 quorum
1200 1156 1267 1204 non
1284 1147 1332 1207 est
1347 1147 1539 1233 principium
1559 1165 1597 1223 ut
1617 1177 1675 1226 ne·

80 1200 160 1282 quia
172 1206 323 1287 procedit,
340 1214 373 1274 et
392 1215 473 1278 esta
495 1219 706 1297 procedente:
724 1241 790 1289 non
808 1226 853 1291 sic
906 1230 990 1309 tura,
1006 1233 1088 1300 sicut
1100 1244 1201 1324 patet;
1223 1248 1300 1329 quia
1316 1258 1470 1323 creaturae
1486 1269 1563 1329 sunt
1577 1272 1673 1341 allec

78 1310 192 1373 autem
206 1308 330 1380 Filius:
345 1316 557 1403 ideospiritui
575 1331 683 1394 sancto
702 1332 851 1398 attribui-
906 1345 1021 1417 agente
1034 1361 1091 1425 per
1104 1349 1236 1415 modum
1253 1357 1435 1447 voluntatis,
1449 1386 1515 1436 non
1531 1392 1590 1457 per
1601 1397 1672 1446 mo·

79 1415 147 1478 tur.
906 1442 983 1508 dum
996 1453 1185 1520 natrnaezsi
1200 1477 1279 1543 ergo
1291 1473 1448 1548 processio
1461 1482 1509 1543 eat
1525 1484 1673 1555 volunta-

19 1526 63 1567 οἱ·
117 1521 221 1588 Aliter
242 1528 345 1608 potest
373 1530 456 1613 dici,
483 1538 569 1619 quod
591 1542 746 1625 completa
768 1546 849 1613 ratio
904 1550 946 1615 tis
969 1572 1027 1636 per
1051 1561 1183 1628 modum
1205 1569 1377 1641 voluntatis

29 1602 63 1631 ω’
76 1630 303 1709 proeamionis'
316 1638 456 1703 consistit
482 1641 517 1705 in
549 1650 784 1730 comparatione
808 1654 848 1719 ad
903 1660 1037 1727 modum
1050 1672 1174 1736 naturae
1191 1679 1363 1748 utnaturae

77 1735 845 1841 principiumaquo,etadterminumadquem:
903 1770 1025 1835 neretio
1037 1775 1163 1843 realiter
1175 1781 1336 1856 differunt.

75 1847 107 1906 et
120 1845 202 1926 quia
226 1846 365 1931 Spiritus
391 1853 426 1917 in
440 1873 499 1920 sua
522 1863 745 1946 emanatione,
771 1869 848 1950 quia
943 1873 1034 1957 Item
1055 1881 1090 1946 in
1108 1884 1250 1972 imagine
1270 1904 1385 1983 creata,
1405 1924 1552 1989 egressus
1565 1920 1668 2004 verbi,

1383 1589 1584 1664 ,generatio
1614 1614 1672 1679 per

1365 1734 1374 1766 ,
1389 1695 1546 1770 processio
1565 1705 1598 1766 et
1609 1722 1671 1786 ge-

73 1968 182 2017 nexus
203 1960 261 2034 est,
286 1962 461 2044 utrumque
482 1968 619 2050 respicit,
642 1970 742 2037 Filius
768 1975 847 2042 alte-
901 1984 934 2046 et
949 2002 1097 2067 egressus
1115 2000 1232 2064 amoris
1248 2002 1502 2097 distinguuntur,
1518 2024 1593 2106 quie
1606 2028 1669 2092 dit·

900 2088 1008 2157 iorunt
1029 2098 1170 2183 realiter;
1195 2107 1256 2173 hoc
1276 2115 1362 2179 enim
1384 2124 1582 2202 perfectionis
1609 2141 1667 2217 est,

70 2376 208 2461 Spiritui
221 2390 576 2475 sanctoappropriatur.
1035 2419 1042 2432 ‘
1079 2427 1581 2531 perfectioniszsedomnequod
1593 2473 1668 2539 per-

111 2491 146 2551 5.
168 2489 217 2554 nd
238 2491 317 2559 illud
337 2498 424 2578 quod
441 2500 591 2583 objicitur
608 2506 734 2593 ultimo,
755 2516 841 2598 quod
897 2519 1040 2590 teodonis
1057 2534 1315 2616 seponendum
1332 2549 1425 2614 estin
1437 2554 1553 2623 divinis
1566 2578 1575 2625 ε
1588 2581 1667 2647 ergo

69 2610 234 2673 generans
255 2603 304 2664 est
323 2603 464 2686 spirans;
487 2608 660 2679 dicendum
680 2621 766 2701 quod
788 2622 843 2688 illa
898 2634 1055 2710 processio
1088 2644 1119 2704 et
1146 2651 1310 2724 generatio
1341 2656 1467 2725 realiter
1498 2664 1665 2755 differrmt,

68 2701 255 2781 praedicatio
267 2725 333 2772 non
355 2715 403 2775 est
418 2713 570 2796 formalis,
593 2722 647 2786 sed
669 2724 772 2790 solum
786 2748 842 2794 ra·
896 2742 1045 2817 quamvis
1057 2762 1124 2810 non
1137 2755 1352 2827 essentialiter.

66 2805 159 2872 tione
178 2814 355 2894 suppositi:
377 2821 502 2902 etquis
522 2842 588 2890 une
607 2847 753 2912 persone,
774 2835 841 2902 sive
938 2844 1070 2916 Contra:
1096 2860 1126 2919 l.
1151 2855 1243 2925 Pater
1259 2866 1367 2948 spirat,
1390 2876 1422 2937 et
1439 2885 1582 2957 generat.
1599 2886 1665 2952 Aut
1701 2929 1783 2986 Μ.

66 2935 175 2983 unum
194 2926 405 3007 suppositum,
430 2935 532 3012 potest
551 2953 706 3017 generare
728 2946 759 3006 et
772 2945 841 3026 spi·
895 2968 975 3033 ergo
995 2956 1031 3020 in
1052 2966 1210 3041 quantum
1234 2989 1334 3055 unus,
1361 2983 1417 3044 aut
1443 2982 1478 3048 in
1505 2995 1664 3070 quantum
1679 3002 1726 3047 ¹³⁰¹·

65 3041 152 3103 rare,
167 3026 239 3091 ideo
252 3028 321 3095 haee
334 3038 381 3098 est
393 3053 470 3101 vera
484 3061 492 3102 :
514 3062 530 3100 e
543 3041 702 3112 Generans
715 3054 762 3114 est
775 3053 839 3135 spi·
894 3057 1012 3142 plures,
1028 3067 1080 3131 vel
1092 3069 1186 3152 plura
1201 3093 1209 3139 :
1223 3078 1298 3144 siin
1309 3090 1467 3167 quantum
1479 3093 1598 3178 plures,
1613 3103 1665 3168 vel

64 3148 185 3198 raus.»
203 3134 264 3202 Sed
278 3138 369 3205 nulla
379 3161 516 3225 persona
529 3151 624 3216 unica
633 3159 733 3236 potest
742 3158 838 3226 simul
893 3166 996 3251 plura,
1011 3173 1057 3237 sic
1070 3173 1162 3242 Pater
1175 3188 1222 3248 est
1234 3193 1443 3275 compositus3
1469 3201 1543 3268 siin
1555 3224 1662 3290 quan-

63 3240 214 3321 plurihus
229 3245 332 3309 modis
346 3266 496 3317 emanare
510 3270 518 3316 τ
533 3255 604 3323 ideo
615 3278 683 3325 non
693 3266 838 3348 seqrritur
891 3276 963 3338 tum
983 3297 1079 3359 unus,
1100 3288 1155 3351 sed
1171 3292 1248 3373 quia
1269 3294 1362 3365 Pater
1380 3307 1412 3367 et
1424 3303 1526 3375 Filius
1539 3315 1663 3397 spirant

62 3346 153 3427 quod
166 3350 294 3430 genitus
307 3353 348 3418 sit
363 3358 511 3440 spiratus.
890 3380 925 3445 in
944 3392 1101 3466 quantum
1116 3412 1230 3479 unum,
1251 3419 1318 3468 nou
1335 3413 1661 3502 suntdusespireuo-

891 3506 958 3571 nes,
979 3494 1035 3559 sed
1052 3517 1119 3563 una
1133 3523 1140 3567 :
1155 3523 1234 3588 ergo
1256 3510 1402 3582 similiter
1415 3519 1443 3583 si
1458 3521 1549 3591 Pater
1562 3531 1661 3614 spirat

323 3593 500 3672 Quppsppp
520 3600 575 3667 111,
889 3601 920 3660 et
940 3609 1073 3681 generat
1094 3603 1307 3695 inquantum
1328 3642 1451 3710 unum,
1477 3635 1609 3717 spiratio
1628 3645 1661 3707 et

888 3711 1054 3783 generatio
1069 3719 1194 3784 estune
1206 3727 1381 3806 productio.

60 3751 106 3807 An
118 3753 257 3862 processo
270 3759 391 3832 mettre
404 3771 494 3824 coacti
506 3770 617 3843 differet
631 3791 649 3833 o
661 3775 834 3885 Solomone
927 3817 957 3877 2·
973 3815 1063 3898 stem,
1078 3829 1256 3896 secundum
1267 3853 1378 3905 omnes
1386 3859 1503 3910 verum
1514 3854 1560 3914 est
1570 3855 1656 3935 quod

94 3843 302 4003 mmm
320 3854 363 3909 ¹³²²
381 3856 466 3915 ”lum
484 3862 625 3921 “mmm
640 3871 773 3927 'mmm
785 3887 831 3929 ‘n'
886 3916 979 3986 Pater
999 3927 1122 3996 ratione
1141 3934 1352 4010 toecunditatis
1372 3955 1496 4019 naturae
1514 3956 1655 4027 intellec-

403 4092 408 4104 ·
884 4029 980 4094 tualis
992 4045 1135 4122 generat,
1150 4046 1274 4126 ratione
1284 4052 1498 4126 fecunditatis
1508 4065 1654 4136 volunta·

25 4128 46 4157 s
100 4095 217 4164 Utrum
240 4108 397 4186 processio
417 4108 554 4196 Spiritus
580 4121 680 4185 sancti
703 4125 830 4193 realiter
883 4134 923 4198 tis
944 4138 1066 4220 spirat:
1089 4149 1143 4212 sed
1162 4150 1198 4217 in
1214 4154 1277 4222 ileo
1297 4160 1382 4227 idem
1401 4171 1605 4241 estvoluntas
1621 4183 1653 4245 et

58 4202 188 4271 differat
200 4227 220 4271 a
232 4216 438 4290 generatione
451 4219 533 4299 Filii,
548 4242 590 4288 en
603 4227 708 4293 solum
718 4250 829 4299 secun·
882 4247 1018 4312 natura:
1034 4269 1123 4335 ergo,
1139 4262 1198 4325 etc.

57 4311 139 4375 dum
153 4315 309 4382 rationem
319 4320 534 4409 intelligendi;
550 4336 582 4396 et
592 4336 677 4415 quod
688 4340 825 4423 realiter,
921 4355 951 4416 3.
971 4353 1062 4439 ltem,

55 4418 209 4487 ridetur:
226 4422 373 4493 Personae
385 4431 537 4501 differunt
558 4443 734 4508 secundum
751 4466 826 4514 suas
878 4474 938 4522 nos
954 4461 1216 4548 distinguuntur:
1236 4480 1290 4544 sed
1307 4481 1400 4551 Pater
1412 4493 1545 4560 omniuo
1561 4497 1647 4564 idem

53 4529 288 4612 emanationes,
319 4553 394 4600 cum
420 4558 566 4622 personae
588 4549 713 4615 realiter
733 4553 824 4620 diffe-
877 4566 992 4649 totum,
1009 4575 1094 4655 quod
1107 4578 1160 4644 dat
1170 4579 1250 4649 Filio
1258 4607 1316 4670 per
1325 4598 1577 4684 generationem,
1592 4607 1647 4672 dat

52 4639 139 4709 rant,
150 4653 216 4700 non
226 4642 351 4705 tantum
361 4643 626 4734 intellectualiter,
634 4658 722 4739 qnia,
733 4664 822 4728 omni
877 4671 1008 4755 Spiritui
1022 4689 1131 4749 sancto
1142 4705 1200 4770 per
1211 4698 1463 4774 processionem:
1485 4714 1644 4797 ergospi·

51 4737 218 4807 intellectu
251 4746 505 4838 cncumscripto,
539 4758 644 4825 adhuc
678 4774 822 4835 remanet
875 4782 954 4847 ratio
975 4789 1007 4849 et
1027 4795 1191 4870 generatio
1215 4806 1290 4866 sunt
1312 4810 1444 4877 omnino
1465 4833 1531 4882 una
1554 4837 1642 4886 ema·

49 4844 211 4913 Trinitas:
227 4869 305 4935 ergo
318 4863 543 4945 emanationes,
564 4885 639 4949 quae
651 4877 727 4937 sunt
745 4894 819 4958 pro-
872 4889 969 4956 natio

50 4955 153 5019 cessio
164 4960 195 5021 et
206 4964 381 5041 generatio,
395 4967 547 5036 differunt
559 4975 696 5043 realiter.
911 5002 941 5062 l.
957 4998 1049 5082 ltem,
1066 5005 1127 5070 hoc
1138 5008 1244 5092 ipsum
1256 5020 1433 5089 ostenditur
1444 5045 1502 5110 per
1514 5030 1638 5118 impos-

90 5060 182 5143 ltem,
201 5083 276 5148 quae
293 5075 545 5143 suntadiversis
557 5082 731 5169 principiis,
745 5108 817 5157 rea-
870 5102 969 5170 sihile.
994 5106 1029 5173 Si
1053 5110 1218 5199 differunt,
1240 5128 1297 5188 aut
1315 5128 1440 5213 seipsis,
1465 5141 1522 5202 aut
1543 5140 1635 5209 eliis:

46 5166 123 5234 liter
135 5169 307 5240 ditiorunt:
330 5179 384 5245 sed
402 5187 565 5262 generatio
584 5195 632 5256 est
644 5193 684 5257 ab
701 5215 768 5262 uno
780 5200 815 5265 in
868 5229 935 5277 non
948 5214 1069 5299 seipsis,
1084 5222 1159 5302 qrria
1172 5231 1387 5302 emanationes
1401 5258 1459 5306 nec
1470 5250 1545 5312 sunt
1556 5266 1577 5314 a
1588 5269 1635 5333 se,

1077 4368 1293 4437 emanationes
1312 4372 1413 4444 Patris
1425 4401 1524 4465 penes
1536 4390 1649 4456 termi-

303 5394 352 5445 .p.
372 5384 382 5432 l
392 5419 401 5447 ,
421 5398 446 5449 q.
463 5397 552 5453 xrru,
571 5396 620 5444 art.
634 5396 666 5459 35
681 5398 811 5467 scous,1
867 5418 894 5470 q.
911 5417 936 5470 1;
955 5406 1048 5460 l'hom.
1066 5412 1183 5480 argent,
1198 5418 1208 5469 l
1226 5420 1305 5487 Sena,
1322 5427 1381 5481 dist
1398 5443 1460 5499 rur,
1473 5443 1635 5513 q.r,art.23

196 5484 203 5496 .
216 5459 277 5512 1111,
291 5463 317 5514 q.
329 5452 406 5505 unica
413 5469 423 5519 ;
434 5458 519 5523 AEgid.
534 5464 620 5529 Rom,
639 5468 649 5517 l
664 5468 732 5522 sent.
752 5474 811 5527 diet.
865 5476 992 5531 Mamilius
1006 5482 1123 5547 luguen,
1139 5486 1149 5536 l
1168 5488 1248 5557 Sene,
1262 5509 1288 5561 q.
1302 5508 1357 5566 xvc,
1367 5506 1416 5555 art.
1431 5508 1460 5571 25
1476 5509 1553 5563 anr.
1566 5514 1633 5583 niet,

47 5524 108 5579 1111,
128 5530 154 5581 q.
171 5528 208 5581 u;
231 5519 383 5575 metecus
402 5526 434 5578 de
454 5530 546 5597 llayr,
560 5534 569 5584 l
585 5536 664 5599 seat,
679 5539 738 5593 dist.
750 5556 809 5610 xrrr,
865 5549 965 5616 isset,
979 5552 1038 5607 dist.
1049 5567 1108 5621 1111,
1121 5572 1148 5624 q.
1163 5572 1182 5625 1,
1194 5568 1242 5615 art.
1258 5571 1281 5618 l.

187 5625 263 5674 rou.
284 5628 308 5675 r.
1433 5674 1474 5735 lt
