4100 6300
672 428 861 496 Dlsltuc‘l'.
883 430 977 496 XVII.
1001 429 1116 496 PART.
1139 431 1164 495 l.

110 561 333 645 suppositione
343 563 430 644 quod
441 562 510 647 ipsa
523 564 661 629 charitas
673 564 742 631 sive
760 565 886 630 dilectio

110 670 255 752 proximi
268 673 315 734 cst
327 669 453 735 dilectio
464 689 538 735 cum
551 672 763 755 acceptatione
779 689 788 733 t
801 675 886 737 etex

111 776 175 840 bac
189 782 274 840 tenet
283 778 386 860 prima
395 779 637 860 consequentia;
649 785 681 844 et
690 798 732 843 ex
741 780 802 843 alia
813 797 886 861 sup

111 885 282 968 positione,
297 885 382 966 quod
397 885 500 966 prime
512 885 592 949 ratio
603 887 825 968 acceptationis
838 891 885 951 est

112 993 149 1056 in
159 992 325 1058 dilectione
334 994 545 1075 exemplante,
560 1011 626 1059 nou
638 997 818 1078 exemplata
831 1015 840 1060 ι
853 998 885 1059 ει

112 1119 156 1166 ex
168 1101 231 1165 boo
242 1106 327 1184 patet
338 1101 488 1166 secunda.

441 1289 510 1335 ΗΠΒ.
533 1289 567 1334 11.

115 1405 182 1456 Ecce
191 1404 244 1469 jem
257 1407 332 1470 poles
339 1405 467 1458 notiorem
478 1407 559 1456 Deum
568 1405 664 1457 bebere
678 1418 756 1472 quem
768 1404 882 1458 betrem.

154 1529 285 1596 Videtur
293 1531 354 1596 boc
363 1531 480 1596 fulsum
493 1551 502 1595 t
517 1531 595 1613 quie
607 1531 652 1598 ud
668 1532 882 1599 Timottcuw

112 1638 230 1702 dicitur
243 1638 282 1702 de
296 1638 360 1703 Deo
373 1639 459 1721 quod
473 1640 572 1705 lucem
583 1639 707 1708 lraottot
716 1643 886 1707 inaccessi·

114 1746 220 1812 bilem.
238 1746 395 1813 Praetcrea
411 1749 450 1814 de
465 1749 561 1812 tratre
579 1749 670 1812 novit
682 1749 759 1831 quid
773 1752 830 1826 est,
845 1750 885 1814 de

112 1852 179 1918 Deo
189 1874 266 1920 vcro
279 1874 345 1920 non
357 1856 448 1920 novit
457 1855 536 1938 quid
553 1859 610 1934 est,
623 1856 678 1921 sed
691 1856 718 1920 si
736 1860 782 1920 est
797 1878 804 1921 :
818 1858 885 1939 ipse

113 1966 223 2026 eutem
241 1980 308 2026 non
328 1962 470 2046 loquitur
491 1968 649 2046 quantum
665 1965 706 2029 ed
726 1965 882 2047 cognitio-

113 2071 227 2134 nemsi
240 2075 297 2134 εει.
743 2155 747 2162 ¹

154 2177 247 2261 Desp.
265 2178 441 2244 Dicendum
460 2179 546 2261 quod
562 2180 693 2263 aliquid
703 2182 809 2263 napo
821 2196 886 2245 ocr-

113 2286 340 2353 terminator
360 2289 519 2370 copposct',
533 2290 580 2352 εει
593 2288 781 2367 dupliciter;
808 2288 886 2370 quia

113 2392 272 2457 certitudo
285 2392 476 2474 cognitionis
488 2398 536 2458 εει
548 2397 726 2460 secuudum
744 2412 885 2477 praesen·

113 2498 195 2562 tiam
207 2521 215 2577 ;
229 2499 349 2581 aliquid
360 2503 468 2564 eutem
482 2519 623 2583 praeseus
635 2506 683 2566 εει
697 2502 863 2585 dupliciter
877 2524 884 2567 :

113 2611 274 2687 quantum
309 2606 349 2672 ad
377 2607 534 2671 rationem
567 2609 805 2689 cognoscendi,
831 2612 888 2672 eut

114 2716 278 2795 quantum
325 2713 366 2778 od
406 2715 617 2778 substantiam
654 2715 885 2796 cognoscibilis.

114 2819 281 2896 Quantum
292 2819 333 2884 ad
348 2820 568 2900 substantium,
584 2820 667 2885 Deus
684 2826 732 2885 est
745 2840 887 2904 praesen-

113 2926 180 2990 tior
193 2927 320 2992 cuilibet
332 2927 390 3007 rei,
404 2946 502 3010 quam
516 2928 623 3010 alique
632 2929 695 2992 alia
705 2946 756 2992 res
767 2948 776 3008 ;
788 2947 888 3012 quan·

113 3040 189 3100 tum
208 3040 318 3100 autem
336 3035 376 3099 ad
395 3035 553 3099 rationem
575 3036 807 3117 cognoscendi,
827 3037 888 3100 hoe

114 3147 167 3209 est
185 3142 353 3226 dupliciter
368 3147 445 3208 :eut
456 3162 475 3207 a
487 3146 576 3226 parte
593 3142 825 3225 cognoscibilis,
842 3142 888 3207 sl-

113 3258 175 3318 cut
185 3253 233 3318 sol
245 3256 293 3318 est
305 3272 445 3337 praesens
458 3271 553 3332 caeoo,
566 3256 717 3318 ettamen
727 3271 829 3318 caecue
841 3256 889 3317 cst

116 3361 233 3425 absens
245 3361 362 3425 lumini
371 3383 378 3424 :
387 3361 433 3424 sic
441 3359 524 3424 Deus
538 3361 778 3443 estpraescntior
790 3379 888 3443 quem

114 3470 227 3531 irater.
251 3467 285 3532 Si
307 3472 417 3532 autem
437 3486 457 3530 a
477 3472 566 3550 parte
586 3467 826 3549 cognoscente,
842 3466 888 3529 sic

1651 436 1711 496 2¹19

940 566 1046 648 magis
1065 565 1192 631 deberet
1211 566 1338 631 dicere:
1357 571 1493 631 emanet
1506 567 1541 632 in
1561 566 1707 644 calore»

941 692 1041 757 quam
1056 697 1065 738 :
1081 678 1216 738 emanet
1227 673 1262 736 in
1275 674 1434 738 lumine.»

979 782 1072 864 Resp.
1096 782 1269 846 Dicendum
1287 782 1372 864 quod
1386 781 1517 846 luminis
1535 785 1582 846 cst
1602 782 1711 845 mani-

939 891 1063 954 lcslarc.
1082 889 1280 954 blanilestare
1293 894 1402 952 autem
1418 889 1540 971 aliquid
1553 890 1649 953 alicui
1664 894 1712 954 εει

939 997 1108 1080 dupliciter
1122 1020 1129 1060 ε
1143 1001 1199 1060 aut
1210 997 1293 1060 sicut
1304 997 1391 1060 viam
1401 997 1709 1078 cognoscendorum,

939 1108 997 1168 aut
1009 1103 1091 1168 sicul
1103 1104 1191 1168 viam
1204 1103 1415 1185 agendorum.
1439 1103 1585 1168 Primum
1597 1111 1644 1169 cst
1655 1124 1712 1188 per

939 1212 1115 1291 scientiam,
1139 1217 1171 1275 et
1188 1216 1298 1274 contra
1314 1211 1392 1275 illud
1412 1211 1524 1276 lumen
1538 1213 1712 1295 opponitur

939 1319 1070 1382 tenebra
1081 1318 1273 1399 ignorentiae
1283 1318 1445 1400 simplicis.
1469 1317 1653 1384 Secundum
1664 1325 1712 1385 est

939 1444 996 1507 per
1020 1427 1175 1506 gratiam,
1199 1425 1285 1490 unde
1307 1442 1363 1506 per
1374 1424 1572 1490 loannemt:
1600 1426 1710 1493 Unctt‘o

939 1533 1062 1600 docebit
1077 1550 1133 1600 cos
1148 1533 1187 1599 cle
1206 1532 1370 1602 omuibum
1392 1537 1423 1596 et
1442 1538 1552 1596 contra
1565 1532 1644 1598 illud
1663 1538 1711 1598 est

938 1642 1072 1705 tenebra
1087 1641 1229 1719 malitiae,
1243 1640 1312 1705 sive
1329 1640 1467 1723 pcccati:
1485 1640 1569 1704 etde
1585 1641 1648 1704 hoo
1659 1640 1712 1704 lu-

940 1749 1046 1827 mine,
1077 1748 1168 1814 etde
1196 1748 1247 1812 bis
1274 1747 1413 1812 tenebris
1435 1747 1578 1830 loquitur
1600 1748 1712 1812 beatus

939 1855 1086 1933 loannes,
1102 1857 1187 1939 quod
1200 1861 1286 1939 patet
1299 1855 1334 1919 in
1346 1858 1449 1920 textu.
1467 1855 1506 1919 Et
1517 1855 1712 1920 Ecclesiasti-

939 1969 1041 2028 cos⁸2
1066 1965 1165 2029 Error
1186 1970 1216 2031 ct
1239 1962 1376 2031 tenebroe
1392 1963 1611 2045 peccatoribus
1636 1977 1712 2029 cort·

940 2077 1045 2137 creatu
1067 2076 1153 2136 eunt.
1181 2070 1220 2134 Et
1245 2070 1399 2153 quoniam
1426 2070 1563 2134 charitas
1587 2088 1713 2153 semper

940 2185 988 2243 est
1001 2177 1205 2260 cumgratia,
1220 2177 1291 2241 aliae
1304 2177 1523 2257 virtutesnon,
1536 2177 1607 2241 ideo
1616 2177 1710 2241 dicit:

943 2289 1004 2361 Oui
1019 2293 1118 2365 amat,
1134 2292 1238 2353 mouet
1253 2286 1291 2351 ιη
1305 2283 1436 2365 lumine,
1452 2303 1509 2368 per
1524 2284 1710 2368 appropria·

940 2397 1075 2461 tionem.

1255 2493 1324 2541 oue.
1349 2493 1395 2539 ιν.

1004 2601 1031 2654 Si
1045 2602 1072 2653 in
1082 2600 1156 2652 donis
1167 2601 1214 2651 Dei
1226 2600 1290 2651 nibil
1301 2602 1340 2651 est
1352 2599 1437 2665 majus
1452 2597 1585 2660 charitete,
1599 2601 1650 2649 etc.

980 2716 1114 2782 Videtur
1123 2717 1228 2781 dicere
1244 2716 1369 2794 lelsum,
1384 2714 1461 2797 quia
1478 2713 1642 2795 sapientiae
1655 2712 1713 2778 do·

941 2843 1023 2888 num
1041 2824 1170 2907 ponitur
1187 2822 1490 2888 excellentissimum
1508 2820 1591 2884 inter
1604 2820 1713 2884 omnia

942 2933 1045 2997 dona:
1068 2930 1119 2996 vel
1132 2931 1159 2993 si
1179 2932 1264 2995 idem
1277 2934 1325 2993 est
1344 2928 1483 2993 charitas
1500 2931 1532 2991 et
1545 2928 1710 3009 sapientia,

941 3039 1079 3105 charitas
1110 3057 1176 3102 non
1206 3039 1321 3102 retinet
1346 3035 1596 3120 praerogativam
1628 3033 1713 3098 inter

941 3148 1036 3213 dona.
1056 3148 1136 3213 item
1155 3147 1312 3230 quaeritur
1328 3145 1367 3210 de
1386 3144 1633 3227 consequentia:
1652 3143 1713 3210 rSi

941 3256 1078 3322 charitas
1101 3259 1149 3320 est
1169 3254 1370 3338 praecipuum
1391 3254 1472 3316 inter
1493 3254 1578 3318 dona
1598 3252 1663 3331 Dei,
1682 3257 1715 3317 ct

942 3363 1072 3426 nullum
1094 3363 1203 3444 majus
1222 3366 1269 3426 est
1293 3380 1392 3445 quam
1413 3360 1550 3443 Spiritus
1571 3366 1712 3439 sanctus,

942 3488 1020 3551 ergo
1033 3469 1168 3552 Spiritus
1181 3473 1309 3533 sauctus
1318 3474 1365 3532 cst
1375 3469 1521 3532 charitas.
1532 3490 1547 3526 r
1560 3467 1625 3532 Aut
1634 3485 1714 3549 ergo

115 3576 306 3658 praesentior
328 3579 375 3640 est
394 3576 500 3652 frater,
515 3575 591 3657 quia
604 3592 744 3656 praesens
756 3577 802 3639 est
814 3592 888 3636 ocu·
940 3577 1085 3661 loquitur
1105 3577 1144 3640 de
1166 3576 1318 3640 charitato
1338 3580 1454 3651 creata,
1474 3579 1531 3638 etit
1551 3575 1711 3639 increata:

111 3692 157 3756 lis
178 3693 321 3769 carneis,
337 3709 479 3775 quorum
500 3689 640 3772 cognitio
658 3690 748 3770 viget
770 3706 887 3752 eccun-

115 3798 199 3862 dum
218 3796 336 3862 statum
351 3803 554 3883 praescntcm.

158 3906 259 3971 Aliter
272 3904 447 3989 potestdici
463 3903 550 3986 quod
563 3901 752 3985 praeseutius
764 3906 811 3965 est
826 3902 887 3966 ali·

114 4017 198 4102 quid
215 4010 382 4097 dupliciter
405 4012 577 4076 iuratione
591 4012 822 4092 cognoscibilis
837 4014 889 4077 vel

112 4124 296 4191 seeundum
320 4121 490 4196 ellectum,
513 4119 565 4183 vel
581 4119 758 4182 secuudum
769 4137 802 4183 se
818 4142 824 4183 :
839 4138 887 4184 se·

112 4231 263 4298 cundum
286 4248 339 4306 se,
363 4229 468 4292 notior
494 4230 542 4290 est
566 4227 681 4303 trater3
713 4225 889 4291 secundnm

111 4339 285 4417 effectum,
300 4335 407 4399 notior
418 4337 466 4398 εει
478 4333 560 4398 Deus
577 4356 584 4397 :
600 4333 678 4416 quia
690 4334 820 4397 effectus
837 4333 889 4396 di-

112 4448 217 4513 vinus
229 4446 286 4527 qui
296 4450 344 4509 cst
355 4444 492 4519 dilectio,
504 4442 601 4505 intret
617 4443 719 4523 ipsam
734 4443 887 4522 enimam,

114 4559 149 4621 ct
160 4555 193 4618 ci
205 4560 252 4618 est
262 4571 413 4638 presens,
424 4556 457 4616 ει
465 4550 571 4632 magis
580 4549 783 4630 cognoscitur
791 4569 889 4634 quam

113 4666 227 4727 trater.

438 4756 508 4803 oue.
530 4756 576 4801 ru.

184 4865 233 4927 Qui
246 4864 334 4932 diligit,
348 4863 444 4930 inquit,
458 4863 572 4928 tratrem,
585 4863 613 4914 in
625 4862 721 4915 lumine
733 4866 829 4915 munet.

159 4983 294 5049 ViDetur
323 4985 384 5047 boc
409 4984 547 5048 verbum
575 4980 727 5046 loannis¹
752 4981 890 5065 positum

115 5092 294 5176 improprie
316 5092 448 5167 dictum,
468 5091 545 5174 quia
561 5091 674 5154 lumen
691 5090 820 5171 respicit
838 5107 892 5153 co-

115 5201 320 5287 gnitionem,
344 5200 425 5265 sicut
454 5199 539 5265 calor
565 5200 786 5265 allectionem:
812 5217 892 5280 ergo

150 5363 183 5411 ¹1
198 5361 270 5423 itm„
282 5370 318 5423 rr,
330 5363 367 5411 ld.
377 5361 446 5411 -Ἰ
460 5361 531 5411 loon.
552 5372 582 5425 11,
594 5364 665 5412 ιε-
674 5360 704 5410 ll
718 5362 801 5424 toan„
811 5373 840 5424 n,
852 5362 891 5410 ut.

116 5435 170 5476 --ι
179 5431 269 5492 Docte,
280 5435 369 5496 11216.

942 3687 969 3749 si
988 3686 1028 3750 de
1045 3686 1294 3761 increatu'tunc
1317 3701 1397 3764 ergo
1414 3683 1528 3764 probat
1548 3681 1633 3746 idem
1655 3699 1713 3763 per

942 3793 1043 3869 idcm;
1059 3791 1085 3854 si
1099 3791 1137 3854 de
1151 3792 1267 3865 creata,
1281 3791 1360 3852 tuno
1379 3788 1468 3851 nulle
1489 3787 1618 3851 videtur
1636 3806 1714 3852 oon·

943 3900 1118 3983 sequentia,
1135 3899 1291 3980 quianon
1303 3897 1398 3973 valet,
1411 3895 1497 3977 quod
1510 3895 1537 3958 si
1549 3899 1654 3959 creata
1666 3900 1715 3959 εει

943 4008 1080 4073 ebaritas
1098 4008 1202 4088 major
1220 4005 1305 4069 inter
1324 4004 1409 4069 dona
1425 4009 1545 4081 crecta,
1567 4003 1654 4085 quod
1673 4003 1715 4066 sit

944 4116 1081 4199 Spiritus
1095 4119 1235 4178 sanctus.

983 4223 1076 4305 Resp.
1093 4221 1268 4285 Dicendum
1282 4218 1367 4302 quod
1380 4218 1532 4301 praedicte
1541 4216 1715 4281 auctoritas

943 4329 1117 4412 Augustini
1127 4333 1229 4410 potest
1240 4325 1377 4406 intelligi
1387 4325 1425 4389 de
1434 4324 1586 4388 charitate
1596 4329 1713 4405 creata,

943 4442 976 4503 et
987 4438 1145 4501 increata:
1160 4438 1192 4498 et
1204 4452 1262 4518 pro
1273 4438 1409 4515 utraque
1422 4433 1520 4496 babet
1533 4432 1713 4521 veritatem.

945 4545 979 4611 Si
1004 4547 1044 4609 de
1064 4545 1219 4622 increata,
1244 4546 1368 4605 certum
1391 4543 1454 4618 csl3
1482 4540 1509 4603 si
1533 4540 1573 4604 de
1597 4543 1714 4619 creata,

944 4654 1126 4718 maximum
1146 4654 1194 4715 est
1214 4649 1297 4713 inter
1316 4648 1415 4725 dona,
1433 4647 1510 4729 quie
1527 4647 1600 4730 plus
1618 4648 1717 4711 habet

945 4763 980 4826 in
997 4760 1081 4825 sede
1094 4759 1218 4824 ratione
1231 4755 1391 4830 bonitatis,
1407 4753 1475 4818 sive
1487 4754 1526 4818 de
1536 4755 1606 4838 ipsa
1624 4754 1717 4819 boni-

943 4875 1018 4951 tate,
1035 4887 1133 4951 quam
1153 4865 1281 4948 aliquod
1296 4864 1437 4941 donum,
1452 4862 1610 4945 loquendo
1633 4880 1716 4946 prae-

945 4980 1018 5043 oisc.
1046 4975 1197 5054 Quaedam
1220 4971 1306 5036 enim
1330 4970 1413 5036 done
1432 4974 1521 5049 sunt,
1544 4986 1618 5051 quae
1641 4973 1718 5034 sunt

945 5088 1013 5151 siue
1036 5086 1204 5160 charitate;
1226 5086 1258 5145 et
1277 5080 1339 5143 boc
1358 5077 1489 5160 quidem
1509 5080 1632 5141 certum
1657 5063 1727 5155 ests

946 5194 1032 5277 quod
1046 5194 1170 5255 minora
1183 5193 1269 5255 sunt.
1291 5186 1444 5264 Quaedam
1461 5189 1717 5269 praesupponunt

946 5305 1144 5381 charitatem,
1153 5301 1371 5366 velutdoeum
1381 5298 1545 5381 sapientise
1557 5319 1565 5362 ε
1579 5298 1717 5362 charitis

946 5412 1034 5478 enim
1048 5416 1096 5476 est
1109 5428 1183 5494 quae
1196 5410 1250 5475 dat
1260 5425 1391 5474 sensum
1407 5406 1528 5489 gustui,
1541 5411 1577 5470 ut
1592 5405 1719 5490 sapiant
