4100 6300
339 527 377 585 fa
852 517 884 582 S.
904 514 1209 582 BONAVENTURAE
1231 516 1394 584 PROOEM.

337 656 394 735 dit,
410 657 477 720 sive
501 658 667 719 evanescat
690 670 746 734 per
776 651 902 734 culpam
914 700 931 731 ,.
951 651 1019 714 sive
1044 668 1102 733 ρετ
1155 652 1255 733 gister
1275 653 1309 715 in
1332 653 1435 717 tertio.
1463 651 1544 717 Nam
1572 655 1721 718 meritum
1746 654 1862 718 Christi
1887 655 1920 716 in

338 779 477 844 poenam
503 760 634 842 Propter
658 760 719 823 hoc
743 759 857 823 dicitur
879 775 936 839 per
961 756 1102 839 Prophe·
1155 757 1280 823 dnobus
1301 759 1459 836 consistit,
1484 759 1600 824 scilicet
1621 761 1655 824 iu
1676 762 1840 843 passione,
1866 778 1922 842 per

337 872 403 931 tam
431 868 466 931 in
493 867 617 933 Psotmc
646 867 679 929 in
710 882 846 947 persona
874 863 1014 928 hominis
1045 863 1101 944 qui
1156 882 1254 946 quam
1266 883 1325 929 nos
1344 865 1495 944 redemit;
1513 870 1545 929 et
1556 866 1592 929 in
1604 867 1738 945 actione,
1753 884 1919 949 perquam

214 1041 217 1048 ,
337 974 468 1039 evanuit
486 992 544 1055 per
563 973 726 1054 cufpam¹:
742 971 957 1050 infinitatem
975 970 1100 1068 infimo
1156 989 1214 1034 nos
1236 970 1437 1051 informavit,
1461 990 1534 1054 quae
1554 973 1694 1037 consistit
1714 974 1746 1035 in
1773 974 1921 1055 operibus

335 1079 511 1161 profundi,
536 1087 566 1146 ct
593 1095 660 1146 ηοη
682 1084 729 1145 est
755 1078 946 1143 subsectis.
971 1075 1010 1140 Et
1027 1095 1101 1140 rur·
1157 1077 1332 1156 unntum,
1356 1078 1535 1156 donorum,
1555 1082 1586 1142 et
1606 1084 1855 1161 praeceptorum,
1882 1079 1922 1141 de

340 1206 396 1251 sus
418 1204 513 1251 orans
533 1186 689 1268 Propheta
708 1203 748 1248 ne
765 1188 932 1248 evanescat
949 1202 1006 1265 ρετ
1030 1201 1101 1266 poe·
1156 1183 1274 1265 quibus
1302 1185 1428 1248 duobus
1452 1188 1500 1248 cst
1529 1185 1640 1248 tertius
1661 1185 1753 1248 liber.
1778 1184 1859 1247 Nam
1888 1185 1920 1247 in

336 1312 432 1372 nm,
450 1294 573 1357 dicit²:
596 1292 667 1358 Non
684 1308 732 1358 cns
751 1291 912 1374 decerpat
935 1297 1101 1371 temptatos
1156 1290 1261 1371 prima
1275 1295 1363 1373 parte
1388 1292 1498 1373 agitur
1513 1292 1553 1356 de
1569 1291 1786 1355 incarnatione
1802 1297 1921 1374 etpas-

336 1416 448 1482 optcoe,
463 1416 560 1482 ηερηε
573 1399 736 1465 obsorbeat
749 1416 796 1464 mc
807 1397 1026 1479 prodendum,
1039 1401 1098 1460 etc.
1155 1396 1259 1473 sione,
1279 1398 1313 1459 in
1326 1416 1390 1479 qua
1406 1398 1547 1461 consistit
1560 1401 1666 1461 nostra
1679 1398 1869 1479 redemptio;
1886 1396 1919 1459 in

336 1506 403 1570 Hoc
426 1507 621 1589 profundum
642 1509 802 1570 scrutatur
818 1504 969 1586 Magister
990 1505 1024 1567 in
1049 1522 1101 1567 se-
1155 1503 1313 1581 secnnda,
1333 1521 1406 1585 quae
1428 1502 1540 1586 incipit
1561 1504 1596 1566 in
1616 1504 1814 1567 distinctione
1839 1521 1918 1565 xxrrr

335 1614 439 1677 cundo
466 1612 559 1676 libro.
589 1610 670 1676 Nam
691 1612 817 1675 vanitas
843 1629 911 1675 esse
942 1612 1037 1674 creati
1065 1611 1100 1674 in
1158 1610 1919 1693 (Gumocrosuprotabitamsit,etc.),agiturde

340 1719 466 1784 duobus
484 1719 644 1798 consistit,
663 1717 808 1783 videficet
819 1718 854 1781 in
874 1717 1049 1782 mutatione
1062 1717 1101 1781 de
1155 1718 1347 1794 vimutibns,
1365 1716 1473 1794 donis,
1494 1720 1527 1780 et
1545 1716 1729 1799 preceptis,
1745 1717 1786 1779 in
1797 1716 1916 1798 quibus

336 1843 401 1889 non
413 1843 480 1889 essa
492 1825 530 1888 in
540 1843 620 1904 εεεε,
635 1830 667 1889 ε1
680 1843 810 1889 rursum
823 1825 857 1888 in
873 1824 1053 1888 reversione
1066 1824 1100 1887 in
1155 1824 1295 1888 consistit
1307 1830 1415 1888 nostra
1428 1823 1621 1888 informatio.

335 1950 401 2008 non
423 1930 564 1996 assedit
588 1932 736 2014 quamvis
759 1932 848 1995 nulla
866 1936 1012 1996 creatura
1032 1949 1100 1995 om·
1194 1929 1392 1996 Profundum
1417 1929 1652 1995 sacramentalis
1676 1928 1920 2011 dispensationis

340 2039 418 2102 nino
441 2040 530 2103 cedat
551 2039 585 2101 in
608 2056 673 2102 non
700 2056 757 2102 ens
776 2056 834 2121 per
859 2042 1021 2117 naturam,
1042 2056 1101 2101 ve·
1155 2042 1202 2101 est
1227 2038 1364 2101 efficacia
1400 2037 1528 2119 perfecti
1559 2036 1792 2100 medicamenti.
1819 2034 1918 2098 Tanta

336 2150 536 2224 rumtaman,
557 2145 638 2209 sicut
659 2144 735 2209 dicit
753 2145 969 2226 Augustinus,
988 2168 1004 2205 τ
1023 2143 1101 2208 Pec-
1155 2144 1246 2208 enim
1256 2149 1304 2208 est
1325 2144 1466 2208 sfftcaua
1484 2144 1649 2208 medicina
1669 2141 1917 2219 sacramentalis,

335 2252 532 2317 catortendit
544 2252 583 2316 ad
597 2269 663 2315 non
676 2269 743 2315 esse
755 2269 812 2334 per
825 2251 1100 2333 crdpam⁸,rctde
1154 2251 1240 2332 quod
1264 2250 1440 2314 humanam
1460 2255 1600 2315 mentem
1624 2249 1767 2324 excedit,
1787 2254 1825 2312 ut
1843 2266 1918 2311 vere

335 2360 385 2423 his
393 2359 518 2423 duobus
526 2363 573 2423 est
581 2362 667 2423 totus
677 2359 844 2423 secundus.
858 2357 940 2421 Nam
949 2358 984 2421 in
992 2358 1096 2440 prima
1154 2357 1348 2439 protundum
1372 2360 1470 2441 possit
1492 2358 1562 2421 dici.
1587 2357 1630 2421 De
1650 2357 1734 2421 hoc‘
1750 2379 1758 2420 :
1775 2356 1917 2420 Posuisti

334 2466 501 2548 parteagit
509 2465 547 2529 de
554 2483 665 2530 rerum
674 2482 822 2546 egressu3
831 2464 866 2527 in
876 2464 1015 2528 secunda
1022 2483 1101 2529 vero
1152 2464 1351 2545 profundum
1365 2467 1466 2531 moris
1479 2467 1568 2530 ciam
1579 2469 1678 2542 tuom,
1692 2467 1730 2528 ut
1743 2464 1918 2529 transcant

334 2576 435 2654 parte,
447 2590 521 2655 quae
529 2570 1100 2654 incipitindistinctionexxrtfidcos
1154 2572 1293 2638 iterati.
1314 2571 1513 2635 Profundum
1532 2571 1632 2648 istud,
1652 2570 1686 2632 in
1708 2587 1774 2651 qno
1794 2567 1915 2649 AEgyp-

335 2679 440 2761 ipttat·
460 2678 627 2757 diabolus,
641 2682 726 2758 etc),
741 2678 809 2760 agit
821 2679 860 2742 de
877 2678 987 2761 lapsu,
1006 2684 1044 2741 ut
1061 2678 1100 2741 de
1155 2679 1190 2742 tii
1201 2679 1447 2759 demerguntur,
1462 2681 1494 2740 ot
1503 2676 1561 2739 tilii
1574 2675 1696 2739 liberati
1710 2679 1876 2738 transeunt
1885 2677 1916 2735 et

336 2785 509 2852 tentatione
526 2785 663 2864 diaboli,
685 2786 724 2850 de
742 2795 868 2869 peccato
887 2783 1054 2866 originali,
1069 2791 1101 2850 et
1154 2785 1336 2860 salvantur,
1357 2789 1404 2848 est
1421 2765 1560 2848 efficacia
1576 2786 1863 2858 sacramentorum,
1883 2779 1912 2841 in

335 2892 463 2970 actuali,
478 2892 632 2975 usquead
643 2893 753 2956 finem.
1154 2892 1273 2975 quibus
1292 2891 1499 2955 destruuntur
1518 2907 1615 2972 opera
1635 2888 1859 2963 tenebrarum,
1884 2892 1915 2948 et

375 2996 576 3062 Profundum
606 2997 850 3077 incarnationis,
878 3001 926 3062 est
948 2998 1100 3063 moritum
1153 2999 1361 3063 conternntur
1372 3015 1462 3062 arma
1476 2996 1567 3074 lucis,
1581 3000 1613 3059 et
1629 2994 1713 3059 dono
1726 2994 1911 3075 gratiarum,

335 3103 522 3170 humilitatis
543 3105 677 3184 Christi,
697 3104 783 3189 quod
806 3109 933 3171 tantum
958 3104 1039 3185 fuit,
1064 3108 1101 3169 ut
1153 3123 1210 3189 per
1230 3105 1413 3189 qua-homo
1423 3101 1912 3185 τ1111111111111111ερηὶετηηῐεη·

334 3230 411 3276 vere
423 3212 595 3295 possitdici
614 3213 827 3295 protundum,
846 3212 937 3294 quasi
954 3230 1020 3276 non
1038 3212 1100 3276 ha·
1154 3213 1323 3280 mosomio
1346 3215 1385 3279 io
1405 3229 1538 3296 temtum
1560 3210 1650 3276 filit>
1663 3209 1825 3273 maritatis
1849 3206 1911 3271 Dei.

334 3319 1101 3402 nonsummumnacfundumcequopotastin·
1153 3319 1229 3384 Haec
1243 3314 1910 3398 efficaciasacrameutorumestprofundum

333 3427 435 3508 telligi
449 3426 528 3491 illud
537 3425 645 3491 tonte*
656 3449 663 3491 :
676 3426 844 3508 Proiecistt
852 3444 900 3493 me
914 3428 1101 3509 icprofuo·
1153 3429 1266 3504 morts,
1281 3427 1316 3489 in
1329 3431 1488 3508 quantum
1500 3426 1604 3508 primo
1615 3424 1729 3487 liberat
1738 3421 1872 3503 aculpa,
1883 3425 1913 3482 et

334 3532 423 3611 dum,
438 3535 477 3599 itt
490 3533 582 3621 ccrdc
590 3536 704 3613 ucria,
718 3540 748 3601 et
759 3536 879 3615 ttamen
890 3533 1101 3600 circumdedit
1153 3533 1368 3608 introducitin
1378 3532 1622 3597 amaritudinem
1635 3529 1845 3612 prenitentiae3
1855 3528 1910 3608 flu·

335 3656 396 3706 tna.
410 3639 476 3705 Hoc
496 3645 599 3724 potest
614 3640 675 3704 dici
696 3640 735 3704 de
747 3639 887 3718 Christo,
904 3641 960 3721 qui
972 3645 1098 3704 tantum
1155 3642 1275 3720 minis,
1286 3641 1321 3702 in
1334 3643 1491 3721 quantum
1506 3638 1619 3701 liberat
1630 3656 1650 3700 o
1661 3637 1808 3713 miseria,
1822 3640 1854 3698 et
1864 3634 1909 3695 in·

333 3746 521 3812 humiliatus
532 3751 589 3827 est,
603 3751 640 3811 ut
653 3765 729 3810 vare
742 3746 841 3828 possit
851 3746 914 3810 dici
927 3749 1097 3829 projectus,
1153 3747 1291 3811 troducit
1299 3747 1333 3809 in
1345 3745 1545 3809 dulcedinem
1557 3744 1680 3825 gratia.
1694 3741 1785 3819 Quod
1798 3742 1910 3824 optime

334 3853 767 3935 etabjectus⁸ztccattmcs
776 3857 977 3929 eam,eraoo
991 3855 1100 3919 cotti
1152 3855 1395 3937 praecgumtum
1419 3853 1480 3916 fuit
1500 3852 1535 3915 in
1560 3850 1635 3913 tiliis
1660 3849 1773 3925 Israel,
1801 3848 1909 3930 qubus

334 3965 491 4041 aspectus,
500 3965 529 4026 ct
539 3958 795 4025 camactos
809 3976 890 4034 cum,
906 3958 1098 4042 despectum,
1151 3959 1342 4024 exeuntibus
1357 3976 1398 4022 ex
1411 3957 1549 4040 AEgyptc
1560 4006 1569 4036 ,
1582 3956 1683 4021 divisa
1694 3960 1742 4018 est
1752 3975 1851 4038 aqua,
1863 3959 1908 4018 ot⁸

333 4070 363 4132 ct
388 4068 600 4132 occissionem
623 4068 783 4145 virorum,
808 4070 868 4130 cte.
892 4065 972 4130 Vere
998 4067 1099 4149 igitur
1152 4068 1354 4133 troasiercot
1367 4082 1431 4148 per,
1444 4063 1585 4131 mediam
1602 4064 1682 4129 sicci
1701 4065 1822 4141 mors,
1836 4062 1910 4124 sicut

333 4170 407 4237 dicit
420 4190 457 4235 ss
470 4173 665 4254 projectum,
685 4173 740 4236 sed
756 4172 830 4236 ubit
847 4171 884 4235 ln
903 4173 1098 4255 profundum
1151 4173 1310 4238 diciturin
1322 4172 1447 4238 discocto.
1458 4170 1731 4235 Etsimiledicitur
1742 4170 1777 4232 in
1789 4171 1906 4234 losum.

333 4278 432 4343 maris
450 4282 482 4342 et
494 4278 647 4342 fluminis.
666 4277 748 4343 Nam
765 4279 868 4362 passio
885 4278 997 4344 Christi
1010 4298 1098 4343 com-
1151 4280 1390 4344 Introenntibus
1416 4279 1452 4341 iu
1476 4283 1593 4341 terram
1615 4275 1833 4358 promissionis
1853 4273 1906 4355 fot,

332 4388 463 4468 paratur
476 4384 558 4448 mari
566 4387 696 4467 propter
708 4386 898 4468 pmnalitatis
910 4385 1098 4449 amaritudi·
1148 4404 1206 4471 per
1218 4392 1359 4454 orantem
1374 4374 1496 4451 ctcmm
1515 4384 1669 4450 transicit
1686 4382 1788 4447 Israel
1802 4380 1908 4447 tocn-

332 4490 1095 4574 nem;damiatproptercharitatisdulcedinem.
1150 4494 1482 4571 semicinctiam
1492 4489 1693 4556 Domiaofteo
1702 4495 1908 4569 castronovo

331 4595 555 4662 Dulcissimnm
578 4598 664 4662 enim
689 4615 744 4661 cor
769 4596 844 4662 iesu
870 4596 984 4662 Christi
1008 4602 1098 4662 unta
1150 4601 1312 4683 cius,etc.
1326 4597 1392 4663 Hoc
1405 4596 1600 4680 profundum
1614 4598 1832 4677 perscrutatur
1846 4575 1908 4656 Ma·

331 4702 415 4767 circa
434 4722 493 4768 nos
516 4704 713 4768 afficiebatur
731 4704 944 4769 teneritudine
957 4705 1094 4784 amoris,
1149 4707 1250 4788 gister
1264 4707 1425 4787 inquarto
1438 4703 1530 4768 libro.
1544 4701 1627 4767 Nam
1639 4701 1779 4765 efficacia
1789 4697 1906 4783 perfecti

330 4814 369 4874 ut
388 4828 454 4874 non
478 4810 639 4875 videretur
662 4811 692 4875 ei
712 4829 813 4893 grave
837 4830 896 4894 pro
914 4812 1007 4876 nobis
1027 4830 1098 4875 sus-
1149 4812 1374 4876 medicamenti
1387 4811 1422 4873 in
1435 4809 1560 4874 duobus
1578 4807 1733 4886 consistit,
1748 4804 1906 4870 seilicetin
1928 4796 1951 4819 ”

330 4917 433 4981 1ἰηετε
459 4922 641 4982 extremum
666 4924 697 4982 et
729 4918 966 4982 acerbissimum
992 4936 1097 4999 genus
1149 4919 1312 4983 sanatione
1339 4936 1358 4981 a
1381 4916 1532 4980 vauetatc
1559 4913 1784 4978 infirmitatum
1809 4910 1907 4993 depri-

330 5024 453 5087 mortis.
468 5023 506 5086 tt
519 5022 580 5086 hoc
591 5024 787 5106 profundum
801 5029 1017 5107 perscrutatur
1028 5025 1097 5090 Ma·
1150 5026 1322 5104 mentium,
1346 5028 1378 5087 ct
1396 5024 1431 5086 in
1448 5022 1633 5086 liberatione
1651 5020 1692 5085 ab
1710 5019 1906 5088 universitate

363 5185 372 5219 ¹
388 5182 457 5233 Psoi.
469 5195 566 5248 nxvtu,
584 5187 609 5234 1.
627 5210 658 5221 -
672 5185 684 5220 ¹
698 5184 770 5244 ibid,
794 5188 832 5236 16.
849 5212 881 5223 -
903 5186 915 5220 ⁸
930 5186 957 5237 S.
979 5188 1095 5252 August,
1181 5186 1215 5251 (a)
1230 5187 1310 5234 Antea
1324 5182 1423 5248 tepeo:
1436 5181 1506 5233 Sicut
1518 5181 1626 5232 dicitur:
1644 5183 1674 5231 nt
1686 5179 1904 5234 introeuntibusin

330 5254 375 5303 lib.
395 5254 440 5304 fo
460 5254 582 5318 consess,
601 5269 657 5318 cap.
671 5268 703 5321 x,
721 5260 747 5307 et
764 5255 795 5307 de
811 5271 869 5307 ocra
885 5256 975 5322 Refip„
990 5272 1047 5321 cap.
1066 5270 1095 5309 ττ
1148 5261 1244 5308 terram
1261 5253 1439 5319 promissionis
1460 5257 1640 5317 perarantem
1658 5252 1776 5314 alveum,
1799 5249 1905 5301 amarit

330 5327 357 5375 st
378 5330 433 5388 seq'.
457 5350 489 5361 -
512 5325 522 5354 ⁴
544 5327 623 5386 Ιοηω,
648 5338 666 5375 11
673 5363 682 5390 ,
706 5330 774 5377 1.-
795 5328 876 5392 Usa,
899 5340 962 5392 nur,
984 5332 1050 5380 2-3.
1065 5356 1096 5366 -
1149 5327 1227 5379 lsrael
1247 5325 1491 5389 tordanemiatnm‚
1504 5324 1615 5374 siccante
1632 5324 1744 5374 Domino
1760 5324 1811 5373 Deo
1825 5324 1904 5371 nostro

329 5397 341 5431 ⁸
359 5394 421 5455 iso,
438 5407 479 5459 ut,
495 5398 533 5446 tt.
544 5422 574 5433 -
590 5397 676 5458 scot,
693 5410 700 5448 ι
708 5435 717 5461 ,
733 5402 773 5450 13.
788 5426 819 5436 -
836 5398 847 5433 ⁸
865 5398 956 5462 neoc,
968 5411 1041 5462 xxiv,
1055 5405 1093 5451 ti.
1149 5413 1230 5465 aqrras
1241 5398 1308 5463 ejus,
1322 5402 1370 5447 etc.
1387 5396 1474 5448 Simile
1485 5394 1580 5446 dicitnr
1593 5396 1620 5444 in
1634 5396 1729 5445 Josne:
1746 5396 1800 5444 Hoc
1812 5391 1904 5457 profan

329 5494 361 5505 -
371 5468 452 5530 fica,
468 5477 502 5531 tv,
515 5470 598 5519 11-23.
1150 5475 1221 5535 dnm,
1235 5474 1283 5520 ate.
