4100 6300
359 488 378 545 l
1006 472 1296 540 laudaturum

361 618 417 700 At,
432 618 489 706 qui
502 614 673 703 theologice
691 613 777 682 locos
790 612 830 680 ad
843 611 1086 681 dialecticorum
1106 631 1230 677 morem
1242 608 1518 700 disputationibus
1530 612 1678 680 distincte
1693 624 1942 705 pertractarant,

360 741 486 833 primns
497 738 701 824 Graecorum,
720 746 758 806 at
771 759 810 805 ex
824 736 959 806 historia
975 734 1188 803 ecelesiastica
1204 757 1224 802 a
1241 740 1351 802 sancto
1370 732 1563 823 hieronymo
1577 737 1774 828 accepimus,
1797 741 1944 811 Clemens

360 864 604 933 Alexandrinus
625 863 749 948 extitit,
774 862 826 929 vir
848 861 883 928 in
903 860 993 928 omni
1012 860 1235 929 doctrinarum
1249 880 1366 947 genere
1379 860 1526 951 apprime
1539 861 1698 930 eruditus.
1718 865 1818 933 Hunc
1830 867 1945 936 deinde

361 987 516 1080 permulti
538 986 640 1055 secati
663 994 740 1056 sant
763 987 925 1071 homines,
940 992 973 1053 et
993 984 1141 1052 doctriua
1161 992 1193 1051 et
1212 984 1379 1051 sanctitate
1401 986 1633 1075 precellentes,
1650 996 1721 1056 tam
1733 990 1860 1076 Graeci,
1877 1001 1945 1072 tam

361 1112 470 1180 Latini
487 1136 494 1178 :
510 1112 545 1179 in
559 1111 680 1202 quibas
692 1119 823 1178 sanctus
836 1110 1056 1197 Augustinus,
1071 1108 1107 1176 in
1120 1108 1296 1177 dialecticis
1308 1109 1364 1177 diu
1381 1109 1590 1201 multumque
1601 1119 1759 1198 versatas,
1770 1113 1946 1206 easdispa-

362 1237 498 1304 tationes
521 1235 643 1303 mirum
667 1235 702 1302 in
725 1234 860 1303 modam
883 1234 994 1319 auxit;
1019 1232 1192 1324 studiaque
1205 1233 1394 1301 earumdem
1408 1233 1626 1303 [lamascenus
1641 1259 1746 1325 graece
1765 1237 1945 1327 plurimam

360 1359 500 1450 adjuvit,
515 1382 590 1427 cum
605 1359 780 1428 efontihus
793 1355 981 1428 Graecorum
989 1357 1145 1444 ‘Patram,
1161 1358 1338 1449 praesertim
1352 1358 1562 1446 Nazianzeai,
1578 1370 1610 1429 et
1622 1362 1735 1430 Basilii
1749 1362 1874 1452 hlagni,
1890 1365 1945 1455 qai

363 1484 435 1553 lase
459 1484 571 1553 omnia
593 1490 795 1571 tractarunt,
818 1493 910 1553 acute
934 1485 1091 1576 docteque
1107 1483 1269 1553 hauserit.
1288 1483 1356 1553 Sed
1377 1506 1450 1571 res,
1474 1495 1512 1554 ut
1533 1484 1635 1577 hujus
1650 1488 1840 1574 argumenti
1863 1488 1946 1557 ratio

360 1607 519 1697 postulat,
534 1607 711 1677 dilucidius
723 1608 912 1701 explicanda
920 1659 930 1694 ,
945 1608 1110 1700 altiusque
1124 1607 1297 1699 repetenda
1310 1608 1452 1677 videtur.

404 1732 543 1799 Lutetiae
563 1732 786 1819 Parisiorum,
807 1757 882 1824 quae
903 1733 983 1802 urbs
1004 1731 1120 1800 Galliae
1138 1744 1202 1819 est,
1217 1756 1293 1801 cum
1307 1733 1488 1802 multarum
1502 1756 1630 1817 reram,
1649 1744 1721 1804 tam
1735 1759 1815 1805 vero
1830 1736 1944 1804 dochi-

361 1880 480 1926 narum
503 1858 637 1927 nomine
657 1857 799 1925 maxime
820 1857 974 1942 illustris,
992 1857 1113 1948 quippe
1129 1879 1205 1925 cum
1219 1882 1239 1926 a
1252 1858 1368 1927 Carolo
1382 1858 1501 1946 Magno
1513 1859 1555 1927 de
1567 1859 1702 1928 consilio
1715 1860 1853 1928 Alcnini
1866 1884 1945 1952 pre

360 1981 510 2072 ceptoris,
525 2005 563 2050 ac
575 1981 781 2051 Venerabilis
794 1980 902 2069 Bedae,
915 1979 986 2048 istic
998 1980 1040 2072 (a)
1052 1981 1195 2072 primum
1209 1981 1384 2049 Academia
1397 1982 1546 2050 instituta
1559 1992 1652 2069 esset,
1664 1985 1698 2052 ia
1712 2008 1780 2077 qua
1792 1986 1835 2054 ad
1849 1986 1943 2055 fidem

360 2107 569 2175 christianam
584 2109 826 2200 propagandam
839 2129 923 2199 pura
936 2116 1065 2176 tantmn
1078 2106 1284 2198 philosophia
1296 2106 1495 2194 traderetar;
1511 2132 1577 2177 aon
1593 2110 1704 2177 multis
1721 2118 1795 2201 post
1812 2120 1944 2180 aetatum

360 2232 461 2301 saeclis
484 2232 602 2310 Petras
623 2231 844 2315 Lambardus,
864 2233 955 2301 illias
978 2232 1117 2300 civitatis
1137 2231 1321 2322 episcopas,
1340 2252 1417 2298 eam
1437 2231 1708 2301 animadverteret
1729 2234 1942 2324 theologiam,

361 2357 573 2448 antiquorum
595 2356 731 2425 Petrum
757 2357 944 2426 Graecorum
966 2357 1060 2425 libris
1074 2356 1164 2424 varie
1177 2378 1340 2447 sparsam,
1358 2355 1496 2448 fuseque
1513 2364 1698 2442 tractatam,
1713 2381 1734 2424 a
1747 2356 1943 2426 Damascena

362 2484 396 2550 in
419 2505 525 2551 unam
549 2481 737 2567 collectam,
760 2481 855 2549 certis
876 2480 955 2551 locis
977 2504 1045 2548 esse
1066 2480 1249 2548 distinctam
1261 2507 1270 2568 ;
1295 2480 1367 2571 ejus
1389 2480 1568 2550 imitatione
1590 2480 1734 2550 collectis
1752 2480 1941 2549 Latinorum

361 2610 515 2695 Petram,
536 2609 715 2699 praesertim
738 2609 839 2676 sancti
862 2606 1040 2698 Augustini
1063 2605 1248 2693 sententiis,
1272 2607 1385 2676 itidem
1408 2608 1609 2697 lenitasque
1631 2607 1711 2675 adeo
1737 2609 1942 2700 praeclareat

361 2736 508 2825 egregie,
523 2744 562 2802 ut
583 2732 733 2825 deinceps
754 2732 874 2821 insigni
896 2754 1031 2802 nomrne
1051 2726 1207 2824 Magister
1221 2732 1463 2801 Sententiarum
1484 2732 1527 2799 sit
1545 2730 1739 2822 appellatas.
1759 2731 1941 2822 Theologiae

363 2861 477 2950 igitar,
492 2859 532 2928 de
546 2883 613 2951 qua
626 2859 660 2926 in
675 2858 793 2926 scholis
804 2851 952 2926 distincte
966 2859 1127 2950 certisque
1140 2857 1285 2927 methodi
1298 2858 1377 2926 loeis
1389 2856 1551 2938 disseruit,
1567 2855 1803 2947 disputationes
1816 2878 1940 2946 aggres-

362 3009 434 3070 sus,
450 3007 517 3054 non
539 3006 630 3053 more
650 2973 936 3076 philosophorum,
951 2983 1009 3076 qni
1032 2983 1073 3051 ab
1092 2982 1147 3068 iis,
1162 3004 1237 3074 quae
1254 2981 1315 3050 sub
1328 3004 1460 3050 sensum
1473 2980 1612 3066 eadunt,
1627 3002 1768 3071 quaeque
1782 2981 1878 3049 nohis
1888 3003 1941 3050 aa·

363 3114 445 3183 tiara
467 3121 561 3199 sunt,
577 3111 795 3204 questionum
818 3133 953 3180 suarum
976 3109 1108 3179 initium
1130 3108 1272 3195 ducunt,
1287 3106 1342 3176 sed
1359 3106 1477 3193 aDeo,
1492 3105 1636 3175 veritatis
1649 3105 1756 3191 fonte,
1771 3104 1940 3174 rectissime

260 3312 267 3327 Ι
360 3236 548 3323 exorditur,
570 3237 625 3304 cai
644 3235 744 3306 fidem
766 3235 942 3305 habeamus
964 3242 1103 3327 oportet,
1118 3240 1151 3302 et
1166 3256 1186 3301 a
1204 3255 1271 3324 quo
1292 3231 1454 3300 caelestem
1473 3230 1671 3315 doctrinam,
1691 3228 1938 3321 divinarumque

357 3385 468 3432 rerum
480 3352 700 3452 cognitionem
714 3370 880 3454 expectare
894 3361 1062 3430 dehemus.

401 3488 515 3579 ltaque
528 3487 568 3557 de
579 3478 661 3573 heo,
672 3486 812 3579 ejusque
825 3486 1008 3575 cognitione
1021 3485 1106 3553 libro
1120 3485 1239 3577 primo,
1253 3505 1328 3551 cum
1343 3482 1496 3574 praeclare
1519 3503 1558 3548 ex
1580 3480 1718 3547 Patram
1737 3480 1937 3548 seutentiaet

359 3612 520 3700 singulari
542 3610 725 3680 eruditione
747 3610 951 3698 disseruerit,
973 3611 1076 3680 altero
1094 3611 1179 3679 lihro
1197 3612 1237 3679 de
1252 3609 1352 3678 rebus
1366 3607 1482 3677 creatis
1494 3606 1652 3676 dilucidas
1667 3605 1936 3697 disputationeset

357 3736 497 3828 suscepit
504 3734 690 3803 etaoulecit
705 3758 714 3802 t
730 3757 799 3803 non
812 3742 849 3803 ut
862 3758 882 3803 a
896 3735 1097 3827 philosophis
1116 3735 1275 3827 disputari
1293 3734 1393 3823 solet,
1408 3733 1464 3803 sed
1484 3741 1644 3825 quantum
1659 3731 1737 3800 satis
1757 3754 1827 3799 esse
1846 3729 1936 3823 possit

358 3859 399 3926 ad
413 3860 550 3951 hujusce
563 3860 830 3929 commiserabilis
844 3861 920 3931 vitae
933 3885 1098 3932 aerumnas
1110 3861 1293 3952 fugiendas.
1308 3862 1356 3930 Eo
1373 3861 1444 3952 ipso
1457 3858 1558 3947 igitur
1571 3857 1675 3941 libro,
1689 3878 1767 3923 cum
1780 3854 1934 3923 infinitam

358 3981 418 4049 Dei
430 3983 499 4050 vim
516 3982 775 4076 immensamque
788 3984 978 4077 sapientiam
993 3994 1152 4079 exponat,
1168 3997 1239 4055 tam
1252 3986 1351 4054 diam
1363 4008 1432 4057 una
1452 4005 1528 4051 eum
1548 3981 1661 4050 divino
1673 3980 1833 4072 Dionysio
1844 3983 1933 4048 Areo

358 4107 468 4198 pogita
486 4106 649 4176 caelestem
671 4117 834 4178 serutatur
852 4109 1086 4198 hierarchiam,
1102 4122 1134 4181 et
1146 4111 1340 4201 angelorum
1355 4110 1484 4179 ordines
1505 4107 1691 4197 distinguit,
1708 4115 1782 4176 tam
1803 4105 1933 4176 hominis

357 4231 455 4324 primi
478 4232 605 4301 divinas
625 4234 806 4302 admiratur
824 4257 917 4326 opes,
930 4256 1110 4325 rursusque
1119 4232 1366 4303 lamentabilem
1380 4231 1477 4299 dellet
1489 4230 1633 4298 ruinam·
1649 4230 1759 4319 Atque
1772 4228 1842 4296 haec
1853 4248 1932 4295 sam·

358 4355 472 4424 matim
495 4354 535 4424 de
558 4356 687 4426 duobus
707 4358 950 4428 Sententiarum
964 4359 1075 4445 libris,
1090 4380 1173 4449 quos
1185 4357 1247 4425 hac
1257 4357 1366 4449 prima
1378 4363 1469 4447 parte
1482 4353 1643 4444 complexi
1656 4375 1772 4421 sumus
1788 4375 1797 4418 :
1815 4352 1855 4419 de
1867 4347 1932 4417 reli-

227 4540 231 4545 .
356 4480 432 4571 quis
457 4480 609 4569 duobus,
624 4485 686 4575 qui
703 4484 844 4554 secanda
857 4482 1100 4553 Sententiarum
1123 4490 1214 4575 parte
1235 4483 1456 4567 continentur,
1480 4500 1540 4547 suo
1562 4479 1633 4547 loco
1657 4476 1833 4545 dicendam
1849 4474 1930 4543 nohis
2035 4503 2038 4554 5

356 4606 428 4673 erit.

401 4731 514 4823 ltaque
530 4742 580 4820 at,
595 4758 662 4827 quo
676 4734 845 4805 referenda
858 4736 917 4822 est,
929 4735 1038 4804 omnis
1050 4733 1120 4802 haee
1133 4733 1244 4802 redeat
1256 4732 1441 4820 argumenti
1454 4731 1549 4815 ratio,
1560 4726 1736 4815 theologie
1746 4721 1928 4793 scholastica

358 4856 515 4925 volumen
537 4858 655 4927 Petrus
675 4858 867 4929 Parisiensis
888 4861 1075 4953 episcopus,
1100 4878 1176 4928 eam
1198 4866 1283 4927 reete
1306 4858 1450 4948 primum
1473 4851 1693 4936 inchoaverit,
1714 4850 1864 4940 deinceps
1880 4842 1927 4911 alii

355 4981 547 5070 extiterant,
573 4985 631 5075 qai
653 4984 739 5054 illud
763 4984 932 5073 auxerint,
949 4995 1047 5077 atque
1070 4982 1324 5073 amaveriatlb).
1335 4980 1421 5071 Nam
1443 4977 1646 5061 christianae,
1661 4982 1694 5042 et
1705 4971 1882 5053 catholica,
1895 4987 1926 5033 aa

355 5098 479 5174 divir'rce
501 5106 716 5199 philosophiae
737 5111 842 5179 lantes
863 5111 1005 5200 aperire,
1029 5116 1128 5201 etque
1152 5107 1246 5175 novis
1265 5108 1430 5175 illustrare
1453 5102 1619 5170 rationum
1632 5096 1886 5177 commentariis,
1898 5095 1925 5157 et

356 5230 534 5318 patefacere
556 5233 781 5324 amplissimis,
805 5235 1109 5326 augustissimisque
1135 5233 1202 5301 illis
1223 5232 1301 5318 viis,
1320 5256 1395 5324 quae
1408 5233 1448 5301 ad
1467 5232 1637 5301 veritatem
1653 5229 1798 5313 ducant,
1813 5239 1923 5311 semper
2039 5282 2040 5287 ,

318 5404 322 5409 .
353 5350 555 5444 Reipublicae
576 5356 741 5428 catholicae
763 5360 974 5429 utilissimum
995 5368 1154 5453 putarant
1170 5358 1400 5451 sapientissimi
1414 5358 1495 5443 viri,
1510 5379 1586 5424 cum
1600 5353 1781 5446 praesertim
1793 5343 1921 5418 sacrisin

387 5498 420 5565 (a)
436 5504 563 5571 Hucusque
582 5507 710 5575 lepedalur
722 5515 800 5563 reeta.
814 5538 845 5550 -
858 5511 893 5577 (b)
908 5513 1036 5577 limusque
1050 5512 1178 5578 legebatur
1191 5515 1325 5574 auxerant,
1340 5511 1433 5575 quique
1449 5508 1614 5560 ornaverant.
