4100 6300
452 419 511 479 teo
1021 406 1333 475 SENTENTIARUM
1352 409 1428 473 ΗΒ.
1452 410 1478 474 l.

489 548 583 630 Resp.
608 545 780 610 Dicendum
812 547 981 626 (qnantum
1008 546 1048 609 ad
1082 561 1222 626 praesens
1276 545 1351 626 qnia
1374 544 1504 627 respicit
1529 544 1655 628 duplex
1682 553 1835 633 extreman,
1852 566 1868 621 e
1884 568 1926 645 pr,

450 656 596 739 pertinet,
612 653 688 735 quia
709 653 748 716 de
770 651 861 714 initio
880 650 1033 733 temporis
1053 651 1145 714 debet
1160 651 1222 714 dici
1276 670 1380 715 unum
1395 657 1499 735 potest
1512 672 1585 716 csse
1598 653 1639 717 de
1652 673 1684 719 se
1703 656 1734 720 in
1749 665 1812 736 acto,
1822 663 1927 733 rhome

449 763 485 826 in
499 761 646 839 secundet
666 779 674 823 :
695 759 804 823 llillert
816 761 957 839 incipere
973 763 1176 840 attempero,
1192 763 1223 821 et
1275 762 1362 823 iente
1375 760 1578 842 inpotentia,
1591 762 1673 825 sicut
1686 763 1718 825 in
1729 776 1928 852 nonnopn'ap

449 873 487 936 in
509 879 643 950 tempore
667 870 789 931 etcum
812 872 966 946 tempore;
987 866 1064 947 quia
1086 881 1129 930 etc
1148 865 1223 929 dicit
1277 870 1428 948 potestate
1450 869 1645 950 possidentis
1673 872 1750 952 quod
1766 876 1797 938 sit
1814 878 1931 957 pigrae

452 976 613 1053 ordinem,
638 979 669 1038 et
693 974 738 1037 ita
760 973 977 1056 praesupponit
1000 979 1127 1055 tempus
1148 977 1223 1035 tan-
1277 974 1429 1056 pretinm,
1444 976 1497 1039 vel
1511 977 1626 1055 arrha,
1651 981 1803 1043 seeundum
1818 989 1931 1053 numan

453 1102 550 1165 quam
564 1083 716 1157 anterius,
736 1085 767 1143 et
786 1080 856 1144 ideo
877 1080 957 1143 nihil
974 1081 1070 1162 coepit
1082 1099 1121 1144 ex
1141 1084 1224 1142 tem·
1277 1082 1390 1145 iactam
1403 1082 1437 1144 in
1451 1083 1532 1164 ipso.
1559 1081 1626 1146 Nec
1644 1086 1762 1149 advenit
1775 1096 1933 1175 nunnodpl

454 1206 542 1272 pore,
556 1188 617 1250 nisi
627 1187 714 1269 quod
728 1187 874 1269 seqnitur
886 1192 1022 1268 tempus.
1037 1188 1077 1251 Io
1088 1192 1223 1267 tempore
1277 1189 1476 1267 absolutum3
1502 1191 1560 1254 sed
1584 1192 1664 1255 ordo
1685 1194 1736 1274 qni
1753 1213 1786 1258 ex
1802 1204 1861 1278 parte
1872 1206 1933 1264 nrm]

452 1296 528 1359 dicit
539 1294 691 1376 temporis
708 1293 929 1357 existentiam:
947 1294 1001 1357 sed
1016 1300 1144 1376 tempus
1158 1311 1224 1356 non
1278 1302 1345 1359 erat
1357 1296 1392 1359 in
1406 1301 1491 1375 actu,
1506 1317 1550 1361 ex
1566 1304 1658 1380 parte
1672 1300 1749 1363 illius
1759 1304 1873 1383 moderat
1883 1309 1934 1389 inp

452 1404 512 1469 run
524 1403 620 1466 insui
632 1401 723 1465 initio
743 1424 751 1465 :
769 1421 842 1465 cum
857 1402 897 1465 sit
909 1403 1135 1479 successivum,
1153 1403 1224 1467 ideo
1278 1403 1376 1466 tentia
1398 1405 1434 1467 tlt
1454 1405 1488 1467 in
1513 1410 1593 1469 actu
1612 1424 1620 1466 :
1637 1405 1706 1471 ideo
1719 1412 1832 1474 mutatur
1845 1412 1934 1481 illntu

452 1529 526 1595 quea
546 1513 622 1574 sunt
642 1508 775 1590 aqualis
793 1508 969 1572 durationis
981 1528 1056 1574 cum
1070 1514 1222 1591 tempore,
1280 1516 1402 1575 mutato
1416 1531 1566 1578 nummo.

452 1638 518 1683 non
532 1620 708 1700 coeperunt,
723 1634 781 1679 nec
795 1634 836 1679 ex
847 1620 1002 1698 tempore,
1017 1617 1123 1681 necin
1142 1622 1225 1681 tem-

453 1743 540 1807 pore,
555 1725 610 1788 sed
626 1743 701 1789 cum
713 1729 864 1805 tempore,
880 1725 983 1804 idest,
1003 1743 1079 1789 cum
1099 1729 1225 1808 tempus

453 1833 558 1914 coepit.
572 1831 605 1896 Si
619 1850 754 1914 quaeras,
773 1850 838 1913 quo
856 1832 950 1895 modo
973 1835 1101 1913 tempus
1114 1832 1222 1914 coepit3
1482 1816 1614 1867 laidem
1632 1820 1671 1868 ‘³⁸²
1688 1816 1714 1866 ³¹¹
1728 1821 1827 1868 Μ

452 1940 590 2004 breviter
605 1940 775 2004 dicendum
796 1940 882 2021 qnod
896 1940 986 2003 nullo
1002 1940 1225 2022 praedictorum
1324 1940 1480 2022 Ohjicitnr
1504 1963 1512 2003 ε
1537 1941 1622 2005 Cnm
1642 1942 1746 2005 relatio
1766 1942 1799 2003 sit
1815 1946 1937 2007 dalnart

454 2047 636 2125 modorum,
652 2046 706 2109 sed
720 2047 815 2129 ccepit
826 2046 859 2108 in
873 2047 924 2109 sni
938 2047 1104 2129 principio,
1115 2049 1147 2110 et
1155 2046 1225 2111 ideo
1280 2045 1476 2125 Creatorem,
1492 2049 1625 2113 videtur
1642 2050 1703 2113 hoc
1723 2051 1831 2127 lalsnm;
1841 2052 1889 2132 quir
1901 2071 1938 2113 on

453 2172 519 2218 non
532 2154 627 2236 coepit
640 2159 730 2217 extra
742 2158 880 2237 tempus.
892 2154 939 2216 Ad
952 2154 1030 2217 illud
1041 2153 1127 2236 quod
1144 2153 1226 2235 oin-
1279 2153 1376 2235 tingit
1387 2173 1455 2218 rem
1469 2156 1626 2238 intelligi,
1641 2157 1786 2222 accidente
1796 2162 1879 2222 mnolo
1888 2176 1935 2237 :ap

454 2261 547 2340 citur,
565 2260 651 2342 quod
665 2279 706 2323 ex
721 2265 862 2341 tempore
884 2264 1090 2324 mensuratur
1102 2265 1226 2342 tempo-
1281 2260 1307 2323 si
1337 2262 1446 2325 relatio
1468 2264 1509 2327 ad
1533 2264 1714 2328 Creatorem
1733 2265 1824 2328 accidit
1843 2272 1937 2327 crona.

454 2368 532 2446 rale,
553 2368 723 2431 dicendum
741 2367 827 2448 qnod
844 2368 1016 2449 temporale
1035 2367 1120 2448 quod
1133 2386 1227 2432 exce·
1281 2385 1370 2448 ergo,
1382 2368 1436 2432 illo
1451 2375 1588 2445 remoto,
1602 2372 1753 2453 contingit
1762 2390 1815 2435 rem
1825 2374 1937 2433 muna

454 2477 539 2541 ditur
559 2494 579 2538 a
601 2479 763 2555 tempore,
786 2479 1002 2548 mensuratur,
1025 2478 1058 2537 et
1077 2474 1187 2557 incipit
1207 2495 1226 2539 a
1280 2474 1380 2555 telligi
1392 2495 1470 2555 esse,
1487 2478 1728 2560 circumscripto
1746 2476 1938 2559 respectndtm

454 2590 596 2665 tempore
613 2604 620 2645 :
638 2581 692 2644 sed
706 2582 873 2667 illudunon
887 2582 1061 2661 exceditur,
1077 2582 1161 2664 qnod
1174 2583 1227 2646 in·
1280 2585 1392 2645 torem.
1411 2582 1489 2647 ltem
1501 2585 1618 2649 relatio
1634 2582 1937 2667 quaerendumne

1603 1702 1673 1748 DUB·
1687 1702 1728 1747 tv.

455 2690 533 2773 cipit
545 2685 620 2753 cum
631 2692 792 2771 tempore:
809 2694 841 2751 et
854 2690 935 2754 ratio
948 2689 1098 2772 praedicte
1107 2694 1164 2754 est.
1281 2688 1470 2769 Creatorem,
1486 2696 1535 2755 est
1547 2692 1712 2755 accidens:
1726 2708 1790 2754 cum
1801 2689 1938 2751 liuidae
1975 2758 1976 2779 χ

1281 2798 1366 2872 tum,
1382 2798 1534 2877 refertur,
1549 2798 1643 2862 etita
1656 2793 1937 2880 perancidmszdu'rt
1975 2792 1976 2809 ¹

767 2877 836 2922 ΜΒ·
858 2876 904 2923 ¹¹¹⁶
1281 2902 1354 2979 alio,
1369 2906 1401 2966 et
1415 2903 1460 2967 ita
1471 2906 1520 2967 est
1534 2904 1628 2967 abire
1642 2903 1676 2967 in
1689 2903 1833 2966 infinitum

547 2996 671 3046 Nummus
684 3008 747 3045 vero
761 3009 821 3046 cum
834 2996 926 3046 dicitur
937 2996 1062 3060 pretium,
1082 2998 1132 3047 etc.
1321 3008 1412 3091 Hesp·
1426 3008 1604 3074 ffioendum
1619 3011 1703 3093 quod
1716 3015 1834 3073 cmm„
1842 3010 1937 3088 qum

495 3119 625 3186 Videtur
642 3119 720 3185 falsa
740 3121 854 3200 dicere,
876 3121 960 3203 qnod
980 3140 1137 3185 nummus
1151 3139 1225 3187 mu·
1280 3117 1320 3181 ad
1340 3136 1407 3182 esse
1420 3117 1577 3201 primum,
1594 3117 1786 3183 essentialiter
1803 3111 1937 3197 tepentes

455 3231 540 3292 tatus
561 3246 627 3290 non
648 3232 710 3306 est,
735 3246 810 3291 eum
831 3228 961 3310 cceperit
982 3247 1049 3292 esse
1069 3229 1223 3311 pretium;
1282 3225 1353 3289 talis
1370 3225 1481 3289 relatio
1502 3245 1579 3308 quae
1601 3226 1748 3309 exprimit
1761 3217 1937 3302 danaprin·

456 3336 534 3417 quia
555 3353 622 3398 esse
640 3334 778 3417 pretium
800 3338 848 3397 est
868 3335 1011 3399 accidens
1031 3336 1173 3414 nummi,
1195 3341 1227 3401 et
1281 3333 1359 3396 tiam
1372 3352 1438 3396 non
1451 3337 1667 3399 estereaturae
1679 3325 1937 3404 accidentalisadne

457 3443 551 3508 modo
566 3443 658 3522 inest,
675 3447 706 3506 et
718 3442 808 3526 prius
820 3461 886 3508 non
897 3443 1018 3508 inerat:
1038 3462 1118 3526 ergo
1130 3462 1227 3507 nnm-
1281 3443 1332 3523 gis
1344 3443 1529 3508 essentialis.
1546 3444 1710 3522 Quantum
1720 3449 1810 3507 anem
1823 3440 1853 3505 ad
1864 3457 1903 3502 ese
1913 3453 1937 3496 e

456 3555 686 3615 mnsmntatus
698 3555 756 3615 cst.
1282 3550 1435 3627 cundum,
1453 3551 1521 3614 sive
1534 3551 1577 3615 ad
1590 3552 1671 3616 hene
1692 3541 1936 3631 asclepiadem

497 3657 589 3740 Resp.
610 3657 784 3722 [licendum
798 3658 884 3740 quod
897 3658 1009 3721 relatio
1025 3676 1092 3723 non
1110 3659 1227 3740 praedi·
1283 3657 1465 3737 dentaliter,
1479 3658 1557 3741 quia
1575 3659 1656 3723 illud
1675 3660 1748 3722 bene
1765 3674 1818 3720 aa
1831 3647 1935 3716 redd&

457 3769 507 3830 cat
524 3766 600 3848 quid
620 3766 814 3844 absolutum,
835 3766 889 3828 sed
910 3766 1061 3847 praedicat
1082 3766 1226 3830 ordinem
1283 3771 1331 3829 est
1346 3789 1353 3829 :
1368 3767 1438 3830 ideo
1451 3767 1524 3830 talis
1536 3767 1650 3831 relatio
1663 3757 1935 3831 secundnnacddad

457 3873 497 3937 ad
509 3874 644 3937 alterum
662 3892 670 3936 :
685 3874 762 3938 ordo
784 3877 891 3936 antem
906 3873 1034 3955 respicit
1047 3874 1227 3956 dispositio·
1281 3874 1374 3953 citor,
1389 3878 1427 3937 ut
1439 3875 1549 3938 filiatio
1563 3877 1737 3939 secundnm
1748 3872 1817 3956 quod
1827 3867 1877 3933 dinl
1886 3864 1935 3944 dp

457 3999 532 4044 nem
553 3980 783 4044 ordinatorum.
798 3978 949 4055 Quaedam
962 3980 1064 4060 igitur
1081 3987 1157 4045 sunt
1174 4000 1227 4044 or·
1281 3983 1410 4060 tionem,
1425 3988 1456 4048 et
1472 3983 1511 4047 de
1525 3983 1584 4047 tali
1597 3984 1739 4063 intelligit
1749 3979 1898 4060 damtione

457 4088 619 4164 dinabilia,
639 4087 683 4151 ita
701 4088 786 4169 quod
807 4091 980 4170 utrumque
993 4092 1041 4151 est
1057 4089 1091 4152 in
1115 4095 1226 4172 poten·
1322 4092 1371 4156 Ad
1384 4092 1462 4156 illud
1478 4092 1564 4174 qnod
1579 4093 1725 4175 obiicitur
1734 4088 1805 4173 qnod
1814 4077 1933 4149 retem&

457 4196 502 4259 tia
519 4218 526 4259 :
543 4200 574 4260 et
593 4198 671 4259 tunc
690 4195 801 4260 relatio
823 4195 1035 4260 introducitur
1049 4214 1106 4278 per
1118 4202 1226 4261 muta-
1280 4200 1367 4263 tione
1378 4199 1600 4279 aliarelertur,
1614 4199 1709 4282 aliqui
1721 4181 1933 4265 volmtdacttt

457 4306 576 4368 tionem
587 4303 702 4366 lacmm
715 4301 748 4365 in
763 4307 909 4383 utroque.
922 4301 1076 4378 Quaedam
1088 4309 1228 4370 suntor·
1282 4311 1428 4371 creatura
1447 4307 1551 4389 seipsa
1571 4306 1707 4370 refertur
1728 4310 1834 4368 :umen
1848 4293 1931 4358 ΜΒ

458 4411 610 4476 dinahilia
622 4409 666 4473 ita
680 4409 766 4491 quod
786 4409 933 4489 alterum,
949 4415 1107 4492 quantum
1122 4415 1169 4475 est
1188 4413 1227 4477 de
1281 4414 1408 4480 videtur
1420 4432 1487 4478 esse
1500 4414 1690 4491 dicendum,
1710 4410 1776 4493 qnia
1786 4405 1931 4470 nnllrffl
1971 4487 1972 4504 ἵ

456 4537 501 4597 ee,
516 4518 552 4581 in
564 4522 637 4581 actu
650 4521 707 4596 est,
720 4517 775 4581 sed
787 4517 924 4581 aterum
935 4517 969 4581 in
978 4518 1135 4600 potentia:
1146 4519 1228 4584 sicut
1284 4525 1331 4587 est
1341 4540 1400 4585 sna
1410 4519 1534 4600 relatio,
1544 4538 1622 4584 cum
1635 4538 1700 4584 non
1711 4519 1746 4581 sit
1756 4503 1928 4584 surrectio&1

457 4630 543 4709 patet
556 4626 595 4690 de
608 4625 745 4700 duobus,
759 4642 899 4706 quornm
913 4642 1009 4702 unns,
1025 4625 1082 4706 qni
1096 4629 1143 4689 est
1153 4631 1227 4692 acin
1281 4629 1347 4691 imo
1360 4628 1422 4692 hoc
1434 4627 1542 4709 ipsum
1554 4626 1641 4708 qnod
1654 4626 1776 4689 retertur
1785 4619 1857 4684 anteri
1868 4606 1930 4688 Μ’

457 4735 566 4811 albus,
592 4738 666 4798 actu
692 4733 788 4797 habet
806 4733 1030 4816 proprietatem
1052 4735 1227 4798 secundnm
1282 4735 1417 4798 citatem.
1432 4731 1506 4796 ldoo
1519 4732 1689 4796 dicendum
1700 4713 1928 4813 quottsitttlfflil

458 4862 557 4926 quam
579 4842 751 4906 attenditur
763 4842 950 4922 similitudo,
967 4847 999 4905 ct
1018 4844 1108 4920 ideo;
1129 4845 1227 4908 altero
1281 4842 1464 4905 referuntur
1473 4841 1613 4923 proprie,
1623 4858 1694 4922 qua
1705 4823 1928 4902 dimrtanntt*

459 4951 650 5016 denonalbo
662 4950 743 5013 iacto
756 4937 1224 5031 albo,flt*pcrfectasimilitud0.
1281 4953 1348 5013 tam
1368 4967 1441 5012 cum
1464 4953 1627 5031 respectu,
1650 4950 1722 5030 ipsae
1742 4947 1825 5008 auten
1840 4929 1927 4999 ab&

459 5058 530 5123 Non
543 5075 622 5139 ergo
636 5061 759 5140 oportet
773 5058 859 5139 quod
873 5057 981 5121 relatio
993 5076 1119 5140 semper
1131 5059 1229 5123 indn—
1283 5058 1351 5122 sive
1363 5060 1522 5138 respectus
1536 5074 1603 5119 non
1617 5049 1866 5126 retemptatum
1876 5049 1925 5110 up

459 5174 510 5233 cat
530 5167 739 5232 mutationem
772 5166 807 5228 in
840 5171 977 5248 utroque
1008 5169 1227 5230 extremorum
1282 5163 1513 5238 aliarelerunt,
1527 5164 1682 5244 quianon
1698 5165 1764 5224 sunt
1778 5154 1847 5224 en&
1858 5143 1925 5207 titt*

459 5282 587 5361 propter
608 5276 659 5341 sui
678 5275 912 5358 corruptionem
928 5275 979 5339 vel
998 5274 1223 5354 deiectionem3
1283 5265 1383 5353 tinm3
1397 5274 1442 5338 sic
1457 5274 1492 5336 in
1504 5272 1665 5356 proposito
1676 5268 1816 5337 dicendum
1827 5253 1922 5343 qudi*

461 5383 516 5449 sed
529 5383 647 5448 sufflat
658 5382 745 5464 quod
756 5382 792 5445 in
808 5382 918 5447 altero.
932 5380 972 5446 Et
985 5382 1068 5445 ratio
1083 5380 1151 5448 visa
1168 5386 1226 5461 est,
1283 5380 1449 5446 relationes
1464 5398 1521 5463 per
1541 5398 1576 5445 se
1594 5399 1659 5445 non
1678 5379 1832 5444 ruamur,
1846 5361 1923 5429 dt*
