4100 6300
325 8 385 113 VJ

1101 444 1222 505 118
2241 436 2889 506 SENTENTIARUM.
2931 436 3080 503 LIB.
3118 435 3169 500 1.

1101 576 1411 647 voluntas
1441 598 1458 643 ε
1491 572 1549 643 si
1574 595 1732 665 ergo
1751 573 1928 643 Deus
1949 579 2189 645 natura
2212 574 2391 644 Deus
2416 582 2536 664 est,
2560 581 2626 645 et
2653 574 2991 646 voluntate
3018 574 3191 643 Deus
3210 561 3348 662 est3
3380 578 3470 660 et,
3493 572 3551 641 si
3576 570 3877 642 Verbum
3895 569 4008 640 Dei
4028 593 4100 641 na*

1099 692 1314 762 Filius
1355 691 1476 761 Dei
1520 697 1646 778 est,
1676 696 1744 759 et
1766 690 2104 760 voluntate
2136 691 2351 760 Filius
2379 692 2499 761 Dei
2525 700 2642 761 est.
2682 691 2822 761 Hoc
2849 697 3075 760 autem
3102 690 3292 759 facile
3337 697 3434 758 est
3463 688 3762 758 refellere
3793 712 3811 756 t
3843 710 3992 756 nam
4014 696 4100 781 et]

1101 808 1370 879 scientia
1394 806 1557 894 Dei,
1588 806 1725 876 sive
1743 806 2034 895 scientia,
2071 831 2206 900 qua
2231 810 2350 877 scit
2373 809 2480 879 vel
2501 809 2758 902 praescit
2784 809 2958 877 bona
2986 815 3049 876 et
3081 806 3281 893 mala,
3312 805 3541 876 divina
3576 813 3819 874 natura
3844 804 3976 874 sive
3999 828 4100 876 esse

1102 933 1232 1013 est3
1265 930 1329 994 et
1370 923 1851 1017 praedestinatio
1874 975 1893 1010 ,
1938 924 2076 994 sive
2121 924 2429 994 voluntas
2468 926 2648 1018 ejus,
2678 924 2905 994 eadem
2932 923 3160 993 divina
3187 922 3468 991 essentia
3494 928 3631 1010 est;
3663 944 3783 990 nec
3815 930 3913 989 est
3936 921 4092 990 aliud

1102 1042 1268 1112 scire
1311 1047 1376 1110 et
1418 1039 1616 1127 velle,
1650 1063 1852 1132 quam
1875 1062 2010 1110 esse
2044 1065 2061 1108 ε
2091 1047 2178 1127 et,
2221 1064 2373 1110 cum
2399 1042 2484 1110 sit
2510 1064 2723 1110 unum
2756 1049 2821 1111 et
2846 1041 3020 1111 idem
3045 1039 3316 1108 scientia
3339 1037 3483 1125 Dei,
3521 1038 3628 1108 vel
3662 1038 3987 1124 voluntas,
4015 1062 4100 1107 noi

1098 1181 1254 1229 men
1287 1157 1530 1226 dicitur
1557 1157 1636 1227 de
1664 1156 2002 1226 voluntate
2034 1152 2360 1250 quidquid
2387 1157 2625 1227 dicitur
2651 1158 2733 1228 de
2764 1158 3053 1247 scientia,
3086 1165 3151 1226 et
3177 1179 3213 1225 e
3239 1177 3576 1225 converso.
3609 1155 3743 1225 Nec
3773 1156 3991 1224 omnia
4013 1155 4100 1224 illa

1098 1275 1440 1347 voluntate
1482 1273 1660 1343 Deus
1703 1273 1896 1361 vult,
1944 1295 2097 1366 quae
2137 1297 2258 1344 sua
2300 1275 2567 1344 scientia
2605 1274 2724 1344 scit
2747 1329 2766 1362 ,
2796 1298 2949 1344 eum
2988 1298 3110 1345 sua
3136 1274 3406 1344 scientia
3430 1272 3689 1343 noverit
3716 1281 3854 1341 tam
3881 1271 4042 1341 bona
4063 1297 4100 1365 q¹

1098 1390 1305 1480 mala,
1334 1389 1677 1463 voluntate
1719 1396 1941 1459 autem
1980 1412 2118 1460 non
2142 1391 2304 1460 velit
2328 1389 2455 1460 nisi
2478 1391 2673 1462 bona.
2706 1391 2991 1461 Scientia
3022 1390 3270 1484 quippe
3306 1388 3428 1459 Dei
3455 1396 3520 1459 et
3544 1387 3952 1483 praescientia
3974 1387 4047 1458 de
4065 1388 4100 1457 b

1099 1515 1197 1579 est
1220 1514 1287 1577 et
1310 1506 1504 1577 malis
1525 1532 1544 1594 3
1575 1506 1886 1578 voluntas
1901 1528 2059 1578 vero
2078 1514 2143 1575 et
2161 1506 2642 1599 praedestinatio
2655 1507 2736 1578 de
2754 1507 2944 1578 bonis
2968 1514 3065 1577 est
3092 1514 3351 1576 tantum
3379 1530 3396 1574 ε
3431 1513 3496 1575 et
3522 1511 3746 1574 tamen
3777 1527 3985 1575 unum
4008 1503 4100 1573 eti

1099 1625 1175 1695 in
1198 1624 1335 1694 Deo
1356 1632 1457 1695 est
1473 1624 1743 1696 scientia
1766 1630 1833 1693 et
1857 1624 2190 1711 voluntaS,
2227 1633 2293 1694 et
2319 1624 2724 1717 praescientia
2749 1633 2814 1694 et
2840 1623 3345 1717 praedestinatio.
3375 1623 3475 1693 Ita
3499 1644 3654 1692 cum
3682 1645 3900 1691 unum
3930 1620 4010 1689 sit
4029 1644 4100 1690 na

1099 1740 1226 1811 Dei
1270 1747 1336 1810 et
1375 1740 1683 1810 voluntas
1705 1792 1725 1827 ,
1779 1740 2019 1810 dicitur
2046 1748 2266 1810 tamen
2300 1741 2497 1812 Pater
2530 1741 2833 1832 genuisse
2875 1740 3123 1810 Filium
3161 1747 3398 1809 natura
3412 1792 3432 1828 ‚
3466 1761 3605 1809 non
3634 1739 4006 1827 voluntate3
4040 1746 4096 1808 et

1101 1856 1280 1926 Deus
1305 1862 1547 1928 natura
1565 1909 1584 1945 ,
1614 1879 1752 1927 non
1777 1857 2140 1927 voluntate.

883 1992 1079 2100 pffitier
1189 1973 1512 2044 Praedicta
1533 1981 1755 2045 tamen
1775 1973 2001 2062 verba,
2027 1974 2272 2067 quibus
2298 1974 2657 2067 prudenter
2680 1971 2933 2044 dictum
2962 1981 3061 2042 est
3093 1973 3270 2067 quod
3296 1973 3473 2043 Deus
3498 1974 3693 2044 Pater
3717 1996 3843 2043 nec
3874 1973 4100 2060 volens,

831 2157 841 2173 ‚
903 2122 1045 2177 gena·
1106 2091 1338 2162 nolens
1382 2097 1480 2161 est
1514 2090 1715 2179 Deus,
1760 2114 1882 2162 nec
1923 2092 2156 2162 nolens
2182 2114 2303 2161 nec
2331 2091 2559 2162 volens
2585 2091 2815 2183 genuit
2839 2091 3110 2178 Filium,
3141 2090 3278 2162 sive
3304 2091 3673 2175 voluntate,
3706 2092 3848 2162 sive
3883 2090 4099 2160 necessi

889 2182 1082 2288 ‘Jssssnff
1107 2231 1191 2279 ex
1229 2209 1347 2278 tali
1387 2231 1579 2279 sensu
1624 2208 1790 2278 mihi
1827 2208 2139 2279 videntur
2170 2207 2542 2301 accipienda
2564 2262 2584 2297 ,
2613 2215 2690 2278 ut
2733 2208 3142 2278 voluntatem
3168 2208 3639 2301 praecedentem
3663 2261 3683 2296 ,
3723 2208 3836 2278 vel
3876 2208 4100 2278 accedet

866 2307 1082 2423 ῗζῖζῇἶο
1107 2326 1577 2417 intelligamus,
1607 2326 1893 2418 qualiter
1917 2325 2286 2396 Eunomius
2311 2326 2741 2416 intelligebat.
2783 2323 2934 2394 Non
2972 2324 3149 2394 enim
3179 2325 3318 2417 ipse
3349 2324 3527 2395 Deus
3551 2332 3649 2394 ost
3676 2325 4014 2394 voluntate
4034 2347 4100 2418 pr.

884 2443 1070 2539 Ἲξῃζο·
1107 2443 1289 2514 denti
1311 2493 1331 2531 ,
1372 2442 1479 2513 vel
1508 2442 1816 2513 efficienti
1838 2495 1858 2530 ,
1905 2441 2013 2512 vel
2039 2442 2269 2513 volens
2310 2442 2699 2536 priusquam
2733 2442 2946 2529 Deus;
2993 2464 3114 2512 nec
3152 2442 3493 2514 voluntate
3519 2441 3946 2534 praecedenti,
3976 2442 4100 2512 vel:

868 2557 1081 2663 {22⁸3}
1108 2559 1315 2647 denti,
1342 2560 1574 2648 genuit
1596 2558 1869 2646 Filium,
1900 2580 2021 2627 nec
2045 2558 2233 2651 prius
2256 2558 2507 2645 volem,
2539 2581 2741 2651 quam
2768 2580 3111 2649 generanS,
3142 2558 3371 2648 genuit
3395 2557 3683 2644 Filium;
3715 2580 3842 2626 nee
3870 2558 4040 2651 prius
4076 2579 4100 2646 g

868 2680 1081 2786 lfflenngc
1109 2697 1286 2762 ranS,
1317 2698 1519 2767 quam
1542 2674 1795 2763 volenS,
1825 2675 2055 2764 genuit
2077 2674 2370 2744 Filium:
2405 2675 2629 2746 volens
2654 2683 2872 2745 tamen
2898 2676 3128 2765 genuit
3154 2674 3199 2763 ¹,
3231 2674 3399 2743 sicut
3424 2681 3656 2766 potens
3679 2674 3940 2763 genuit,
3968 2682 4029 2743 et
4058 2674 4100 2742 b

886 2805 1064 2915 ffipg
1110 2792 1342 2885 genuit
1363 2792 1635 2879 Filium,
1666 2800 1731 2861 et
1753 2792 2011 2884 sapiens
2037 2792 2306 2883 genuit,
2336 2800 2401 2861 et
2426 2792 2826 2885 hujusmodi.
2870 2791 2944 2861 Si
2986 2791 3165 2862 enim
3203 2790 3397 2861 Pater
3432 2791 3687 2882 sapiens
3712 2799 3781 2860 et
3805 2792 4015 2861 bonus
4033 2791 4100 2861 dis

1110 2907 1416 3001 genuisse
1457 2908 1704 2978 Filium
1730 2960 1750 2997 ,
1779 2932 1900 2978 cur
1939 2931 2076 2978 non
2119 2916 2184 2979 et
2208 2909 2471 2995 volens;
2503 2932 2656 2979 cum
2677 2909 2770 2979 ita
2794 2909 2878 2978 sit
2901 2909 3038 2979 Deo
3062 2909 3241 2978 idem
3265 2928 3401 2978 esse
3429 2907 3757 2977 volentem
3775 2960 3796 2998 ‚
3829 2909 3999 3001 quod
4020 2915 4100 2976 est

1109 3027 1323 3097 Deum
1346 3052 1366 3114 ;
1396 3024 1568 3095 sicut
1591 3025 1768 3094 idem
1797 3031 1892 3095 est
1918 3047 2055 3095 esse
2079 3026 2460 3118 sapientem,
2491 3025 2669 3120 quod
2716 3034 2813 3096 est
2857 3048 2993 3097 esse
3031 3025 3293 3095 Deum?
3326 3023 3634 3093 Dicamus
3661 3044 3859 3115 ergo,
3887 3023 4035 3117 quia
4053 3024 4100 3093 P

1109 3143 1280 3214 sicut
1317 3142 1573 3236 sapiens
1592 3195 1612 3232 ,
1655 3142 1750 3213 ita
1788 3142 2018 3213 volens
2056 3143 2287 3235 genuit
2308 3142 2594 3231 Filium;
2644 3144 2758 3214 sed
2805 3167 2940 3214 non
2980 3143 3318 3215 voluntate
3345 3140 3773 3236 praecedenti,
3805 3141 3915 3213 vel
3938 3140 4100 3212 acced

1111 3262 1322 3344 Quem
1350 3282 1614 3330 sensum
1633 3260 1841 3353 aperit
1856 3268 1879 3302 ²
1894 3259 2363 3352 HieronymuS,
2387 3268 2451 3330 et
2467 3261 2838 3349 confirmat,
2869 3262 2962 3331 ita
2977 3261 3197 3330 dicens
3214 3282 3411 3354 super
3431 3259 3818 3353 Epistolam
3835 3259 3928 3329 ad
3940 3259 4100 3353 Ephe

1119 3378 1278 3471 «JDe
1307 3377 1480 3448 Filio
1513 3376 1674 3465 Dei,
1703 3376 1774 3446 id
1799 3382 1937 3465 est,
1965 3376 2046 3447 de
2074 3377 2354 3448 Domino
2393 3378 2631 3448 Nostro
2668 3379 2826 3449 Jesu
2859 3377 3140 3466 Christe,
3177 3377 3250 3446 in
3274 3378 3404 3447 alio
3429 3377 3574 3448 loco
3593 3381 3617 3418 ³
3642 3376 3963 3470 scriptum
3986 3383 4089 3462 est,

1109 3517 1263 3565 cum
1286 3494 1480 3565 Patre
1506 3515 1761 3586 semper
1787 3493 1940 3582 fuit,
1970 3502 2037 3565 et
2073 3519 2423 3590 nunquam
2450 3518 2605 3569 eum
2627 3549 2647 3586 ‚
2675 3503 2752 3567 ut
2789 3502 2987 3585 esset,
3015 3501 3289 3590 paterna
3324 3494 3633 3566 voluntas
3670 3494 4033 3588 praecesan
4061 3500 4100 3562 et

1111 3610 1379 3705 quidem
1405 3617 1646 3681 natura
1668 3610 1882 3680 Filius
1907 3619 2026 3680 est.
2058 3636 2094 3678 w

1495 3860 1905 3930 Exposrrlo
1943 3860 2271 3929 TEXTUS·
2764 3837 3225 3906 dubitationem
3251 3856 3335 3904 ex
3363 3837 3841 3923 comparatione
3881 3842 4045 3904 actm
4075 3853 4100 3917 ε

2766 3945 2951 4011 randi
2981 3946 3061 4011 ad
3096 3946 3476 4030 potentiam;
3511 3946 3794 4012 secundo
3833 3946 4004 4031 ponit
4034 3943 4100 4008 du

1142 4048 1396 4100 Praeterea
1430 4045 1590 4112 quaeri
1615 4046 1780 4113 solet,
1803 4051 1977 4100 utrum
2006 4051 2155 4101 Pater
2178 4047 2412 4117 genuerit
2437 4050 2619 4102 Filium
2762 4055 3001 4119 tionem
3024 4072 3107 4119 ex
3129 4052 3601 4138 comparatione
3621 4055 3927 4136 potentiae
3948 4068 4100 4135 gene!

1680 4118 1968 4187 voluntate,
1998 4125 2099 4173 ete.
2760 4163 2841 4228 ad
2876 4179 3215 4245 personam
3236 4208 3256 4239 ,
3298 4160 3466 4225 intra
3504 4160 3785 4225 distinct.
3821 4180 3945 4242 vn,
3980 4159 4085 4225 Hic

1195 4264 1271 4330 In
1295 4268 1476 4350 parte
1517 4265 1637 4330 ista
1669 4267 1851 4351 ponit
1886 4267 2189 4352 Magister
2225 4269 2651 4337 dubitationes
2763 4271 2969 4354 quoen'
2993 4285 3037 4336 a
3064 4268 3479 4351 quibusdam,
3514 4271 3635 4333 etc.

1114 4375 1518 4456 emergentes
1568 4391 1650 4438 ex
1695 4377 2167 4459 comparatione
2211 4383 2389 4443 actus
2439 4399 2646 4461 gene-
2845 4376 3001 4442 Item
3032 4376 3242 4460 prima
3280 4394 3456 4458 parS,
3498 4394 3647 4459 quae
3686 4376 3966 4441 continet
3998 4390 4100 4457 prae

1112 4481 1300 4548 randi
1339 4481 1421 4547 ad
1458 4482 1830 4565 potentiam.
1875 4482 1954 4548 Et
1992 4485 2301 4567 quoniam
2334 4488 2649 4570 contingit
2762 4487 2894 4549 tem
2927 4471 3424 4563 distinctionem,
3462 4482 3655 4548 habet
3691 4488 3969 4566 quatuor
4000 4490 4100 4565 par

1115 4587 1472 4673 comparari
1507 4590 1724 4655 actum
1757 4591 2111 4678 generandi
2148 4591 2230 4658 ad
2268 4594 2647 4676 potentiam,
2760 4592 2876 4657 las.
2908 4591 2982 4655 In
3007 4588 3218 4675 prima
3241 4589 3540 4674 proponit
3572 4591 3992 4672 quaestionem
4009 4637 4026 4668 ,
4058 4597 4100 4650 m

1116 4699 1180 4763 et
1203 4696 1553 4781 potentiam
1589 4696 1939 4779 generandi
1987 4698 2071 4762 ad
2105 4701 2508 4783 suppositum
2526 4750 2545 4782 ,
2592 4704 2655 4767 et
2761 4699 3041 4784 potentia
3073 4697 3180 4764 vel
3207 4698 3413 4763 virtus
3448 4697 3805 4779 generandi
3847 4698 3926 4762 sit
3945 4693 4100 4780 prod!

1117 4823 1202 4871 ex
1241 4807 1516 4888 utraque
1551 4805 2027 4888 comparatione
2071 4804 2293 4872 incidit
2335 4807 2648 4874 dubitatio
2762 4806 3150 4885 necessitate,
3176 4804 3281 4869 vel
3307 4805 3667 4884 voluntate,
3697 4807 3764 4869 et
3792 4802 4100 4870 ‹ieter-mim

1117 4912 1286 4979 circa
1326 4913 1618 4980 essentiae
1653 4912 2006 4997 unitatem3
2037 4914 2180 4980 ideo
2223 4914 2434 4998 primo
2473 4917 2655 5000 ponit
2763 4915 3018 4979 ritatem
3042 4912 3245 4996 hujus
3271 4911 3663 4996 quaestionis.
3686 4911 3975 4978 Secundo
3995 4907 4100 4974 adi

2766 5021 3184 5106 quaestionem
3200 5019 3538 5104 respondet
3548 5023 3773 5086 contra
3793 5018 4100 5086 haeretieun

1181 5111 1201 5147 ¹
1220 5110 1458 5176 Hilarius,
1485 5110 1543 5162 in
1579 5110 1670 5162 lib.
1697 5109 1758 5162 de
1786 5110 2001 5176 Synodis
2018 5126 2039 5162 .·
2069 5128 2097 5161 α
2115 5114 2218 5163 Eos
2252 5112 2341 5178 qui
2366 5113 2561 5181 dicunt,
2590 5115 2655 5167 de

1112 5196 1223 5235 non
1244 5184 1536 5236 extantibus
1562 5197 1674 5234 esse
1703 5184 1889 5235 Filium
1915 5185 2009 5236 Dei
2023 5201 2041 5249 3
2072 5184 2307 5236 similiter
2332 5187 2420 5251 qui
2446 5186 2622 5238 dicunt
2641 5224 2659 5252 ,
2767 5186 2916 5238 sitate
2951 5185 3151 5248 ductus,
3178 5197 3296 5234 cum
3314 5182 3494 5244 nollet,
3524 5182 3704 5249 genuit
3729 5182 3906 5234 Filium
3920 5198 3935 5246 ;
3961 5178 4040 5232 sed
4057 5191 4100 5227 m

1115 5256 1258 5320 quod
1292 5269 1463 5321 neque
1497 5255 1712 5306 consilio
1727 5293 1746 5319 ,
1784 5270 1953 5320 neque
1987 5257 2254 5308 voluntate
2291 5259 2442 5309 Pater
2479 5259 2660 5324 genuit
2768 5258 2932 5310 voluit
2946 5295 2963 5322 ‚
2993 5258 3103 5308 sine
3136 5260 3370 5321 tempore
3397 5260 3450 5307 et
3473 5255 3856 5321 impassibiliter
3880 5269 3941 5306 ex
3962 5267 4009 5305 se
4041 5252 4100 5303 Un

1116 5327 1300 5378 Filium
1335 5343 1349 5377 τ
1379 5328 1772 5379 anathematizat
1798 5332 1973 5379 sancta
2019 5329 2262 5380 Ecclesia.
2291 5331 2448 5394 ltem,
2478 5331 2521 5381 si
2545 5331 2659 5395 quis
2769 5334 2879 5381 tum
2906 5326 3291 5380 demonstravit.
3314 5345 3341 5374 »
3377 5352 3441 5365 —-
3460 5327 3484 5363 ⁸
3501 5327 3737 5390 Hieron„
3766 5327 3853 5378 lib.
3884 5329 3899 5377 Ι
3925 5326 4100 5376 Gom

1113 5399 1320 5451 nolente
1350 5402 1498 5451 Patre
1525 5399 1664 5451 dicat
1681 5402 1866 5450 natum
1894 5399 2097 5467 Filium,
2126 5402 2400 5454 anathema
2420 5403 2520 5454 sit:
2551 5416 2660 5453 non
2768 5399 2973 5466 Ephes„
3002 5415 3048 5450 c.
3070 5412 3119 5465 1,
3147 5399 3237 5465 ibi,
3282 5399 3380 5463 Qui
3403 5397 3781 5464 pradestinavit
3818 5412 3917 5460 not,
3952 5398 4100 5448 etc.-

1117 5468 1256 5522 enim
1276 5471 1483 5527 nolente
1505 5473 1673 5538 Patre,
1692 5475 1900 5524 coactus
1927 5474 2097 5539 Pater,
2126 5473 2210 5526 vel
2237 5474 2453 5528 naturali
2474 5487 2655 5527 neces-
2770 5471 2881 5537 cli„
2909 5483 2946 5537 1,
2972 5475 3021 5523 1.
