4100 6300
650 491 654 502 '
744 503 934 573 cleriter.
955 501 1060 568 xxix.
1632 510 1691 571 car

924 641 1102 721 respectum
1129 635 1170 700 ad
1199 654 1377 719 personant,
1401 638 1456 704 sed
1482 639 1694 721 privationem

39 802 40 805 ,
75 831 77 840 .
299 707 503 777 EXPOSITlO
523 710 674 776 TEXTUS
924 750 1104 827 respectus:
1119 761 1197 825 ergo
1211 745 1299 811 omni
1312 745 1407 811 modo
1420 748 1567 813 cottana.

119 856 158 907 Eat
172 860 295 921 praterea
314 860 381 912 alind
401 876 496 913 nomen
512 864 679 929 multiplicem
695 865 787 915 notans
806 860 871 913 rela-
965 851 1058 934 Resp.
1070 851 1243 917 Dicendum
1251 852 1335 934 quod
1344 871 1455 918 tensus
1465 854 1633 920 locutionis
1641 855 1695 920 hie

434 934 540 985 nonem.
926 965 972 1025 est
991 982 999 1024 :
1016 959 1109 1025 Pater
1125 963 1173 1025 est
1190 959 1382 1042 principium
1399 961 1498 1025 totins
1511 962 1649 1043 deitatis,
1661 962 1695 1028 id

39 1055 54 1090 '³
66 1091 75 1100 ¹·
152 1061 251 1145 Supra
271 1066 338 1145 egit
363 1066 512 1149 Magister
532 1069 570 1134 de
591 1068 782 1152 proprietate
805 1086 873 1132 non
926 1067 1693 1149 est,omuiumpersonarumindeitate,etestdis·

38 1167 44 1230 ἶ
64 1209 71 1216 -
116 1169 356 1252 personaliquae
366 1178 413 1237 est
422 1174 658 1240 innascibilitas.
668 1175 725 1238 Hic
735 1174 872 1239 secundo
925 1174 1058 1239 tributio
1070 1173 1509 1251 accommoda,eicutdicitnr
1523 1197 1531 1240 :
1546 1176 1695 1240 utloelnm

114 1276 178 1356 agit
189 1276 227 1340 de
242 1280 442 1361 proprietate,
458 1282 525 1346 sive
544 1282 674 1347 notione
686 1300 753 1347 non
764 1300 873 1365 perso-
927 1282 1066 1346 continet
1072 1281 1530 1366 omnia,»sescilicetexcepto.
1544 1283 1578 1348 Si
1587 1288 1695 1349 autem

39 1400 72 1456 ιι»
114 1381 183 1460 nali,
197 1401 270 1465 quae
284 1391 330 1449 est
351 1389 531 1452 communis
543 1388 682 1470 spiratio,
697 1388 874 1468 significata
926 1392 1090 1470 quaerdur
1103 1406 1162 1471 pro
1181 1407 1246 1471 qno
1266 1392 1328 1453 stat
1343 1389 1406 1454 hoc
1423 1408 1552 1469 nomen,
1565 1391 1695 1472 priuci-

113 1490 873 1577 perhccnomenptt'ncipicm.litquoniamillud
924 1497 1035 1577 pium,
1058 1496 1227 1561 dcundum
1247 1496 1333 1578 quod
1349 1499 1409 1560 stat
1430 1515 1490 1580 pro
1509 1497 1695 1579 paternitate

112 1613 225 1660 nomen
247 1617 312 1663 non
333 1604 460 1666 tantum
481 1603 682 1667 notionaliter
704 1603 871 1685 accipitur,
926 1602 1025 1666 simul
1045 1606 1077 1666 et
1096 1602 1285 1685 spiratione,
1307 1603 1383 1685 quia
1398 1621 1454 1685 pcr
1477 1604 1696 1686 paternitatem

39 1687 54 1775 f
112 1702 209 1769 immo
233 1708 328 1770 etiam
353 1692 575 1787 essentialitem
609 1709 679 1774 ideo
709 1710 875 1792 distinguit
926 1713 974 1773 est
993 1708 1186 1793 principium
1202 1708 1289 1787 Filii3
1304 1727 1360 1792 per
1373 1710 1588 1793 spirationem,
1606 1709 1697 1792 prin-

39 1803 49 1812 ”
111 1811 211 1891 primo
230 1813 329 1897 hujus
349 1818 488 1882 nominis
517 1804 797 1900 multiplicitatem
821 1839 873 1884 se-
927 1815 1047 1899 cipium
1061 1815 1196 1898 Spiritus
1210 1816 1324 1896 sancti;
1338 1819 1591 1900 perutrnmque.
1605 1816 1697 1900 prin-

46 1923 49 1930 ’
111 1918 213 1982 cundo
235 1922 415 1987 manifestat
433 1925 532 2007 huius
545 1925 686 1989 nominis
705 1926 871 2006 unitatem,
927 1922 1047 2005 cipium
1057 1922 1235 2005 utriusque.
1249 1921 1340 2000 Quod
1349 1941 1428 2005 ergo
1438 1923 1599 2008 objicitur,
1610 1923 1697 2006 quod

39 2049 42 2050 ⁷
109 2026 283 2090 secundum
297 2030 382 2110 quod
396 2030 512 2095 dicitnr
525 2030 874 2098 dePatreetFiliores·
927 2029 1124 2094 nonhahent
1142 2047 1327 2108 commune;
1348 2030 1518 2095 dicendum
1531 2031 1617 2114 qnod
1631 2048 1698 2094 non

39 2137 61 2171 .:.
107 2134 200 2211 pectu
222 2133 360 2216 Spiritus
379 2136 490 2212 sancti,
509 2138 676 2202 ostendens
695 2139 780 2219 quod
799 2142 875 2203 sunt
928 2136 1123 2200 conveniunt
1147 2136 1182 2198 in
1199 2134 1328 2199 notione
1347 2136 1457 2215 unica,
1478 2134 1699 2200 convenientia

50 2279 60 2290 ,.
105 2256 210 2303 unum
225 2242 417 2326 principium
433 2243 569 2326 Spiritus
582 2247 692 2326 sancti,
707 2251 739 2311 et
753 2248 813 2311 hoc
829 2247 873 2312 ibi
926 2241 1063 2318 formali,
1072 2246 1192 2322 umen,
1201 2240 1589 2323 convenientiaorigiuali,
1601 2242 1636 2306 in
1644 2261 1695 2306 ca-

38 2403 51 2410 ,.
105 2343 218 2411 deinde
232 2348 267 2412 in
282 2351 393 2415 eodem
406 2351 499 2429 libro,
515 2353 674 2416 continue.
927 2348 1001 2413 dem
1015 2367 1166 2433 persona,
1186 2353 1218 2413 et
1235 2349 1378 2430 ejusdem
1394 2367 1538 2433 personae
1554 2349 1698 2433 proprie-

39 2452 84 2529 „i0-
144 2451 253 2520 Prima
271 2476 344 2539 pars
359 2458 453 2523 habet
465 2460 546 2524 duas
563 2482 569 2523 :
586 2460 622 2522 in
639 2460 742 2541 prima
758 2461 874 2528 distin·
926 2456 1187 2534 tate.Qniaeuim
1197 2474 1331 2539 persona
1343 2456 1444 2522 Patris
1456 2457 1575 2522 anullo
1589 2461 1648 2535 est,
1662 2460 1699 2521 nt

39 2612 41 2649 r
103 2562 179 2641 guit
193 2563 294 2646 hujus
307 2565 445 2630 nominis
464 2566 749 2649 multiplicitatem
764 2568 799 2631 in
821 2587 874 2632 se·
927 2564 1042 2629 dicitur
1056 2563 1291 2643 inlitera3ideo
1304 2565 1392 2629 omni
1405 2565 1500 2630 modo
1512 2564 1696 2648 productio-

101 2669 208 2733 cnnda
221 2690 298 2735 vero
312 2673 456 2737 membra
468 2673 873 2757 suaedistinctionisexpla·
926 2671 977 2735 nis
996 2671 1157 2754 producit,
1179 2675 1211 2736 et
1231 2671 1301 2736 ideo
1322 2676 1370 2736 est
1388 2671 1580 2757 principium
1599 2670 1697 2736 totius

45 2761 52 2768 ’
100 2779 168 2854 nat,
184 2778 354 2843 ostendens
366 2798 423 2862 per
436 2781 636 2845 auctoritates
654 2781 740 2863 quod
752 2765 874 2863 priuci-
926 2776 1059 2842 deitatis.
1074 2775 1256 2842 Undeidem
1267 2777 1458 2862 importatur
1469 2777 1697 2861 nomineprin·

38 2885 45 2889 ’
100 2882 194 2962 pium
228 2885 331 2949 habet
356 2904 467 2950 omnes
500 2888 571 2951 illas
599 2889 806 2971 acceptiones,
843 2893 874 2954 et
927 2883 1011 2966 cipii,
1028 2902 1104 2949 cum
1117 2884 1234 2950 dicittrr
1244 2885 1439 2968 principium
1451 2886 1586 2964 deitatis,
1600 2884 1695 2949 intel-
1770 2949 1774 2956 ,

39 2984 42 2989 ⁴
98 2987 225 3054 hocihi
240 3013 247 3055 ε
265 2992 306 3059 lit
326 2993 419 3060 Pater
434 2995 604 3060 cisterno
618 2995 875 3077 principatuset
925 2990 1010 3055 lectu
1034 2991 1217 3075 principali,
1244 2991 1331 3074 quod
1355 2992 1546 3073 importatur
1566 2991 1696 3056 nominc

97 3095 194 3164 Filii.
926 3097 1185 3179 innascibilitatis,
1192 3097 1606 3182 quantumadintellectum
1619 3115 1697 3163 con-
1718 3096 1721 3100 ’

140 3203 297 3271 Similiter
309 3209 446 3272 munda
460 3227 543 3292 pars,
558 3210 593 3273 in
603 3212 746 3293 quaagit
763 3211 802 3275 de
812 3212 874 3276 hoc
928 3210 1130 3288 sequentem3
1151 3210 1183 3270 et
1200 3223 1241 3270 ex
1257 3206 1319 3273 hoc
1336 3205 1446 3280 verbo,
1460 3210 1546 3272 etex
1565 3206 1626 3270 hac
1638 3224 1694 3271 ra·

39 3345 40 3362 ι
95 3313 246 3391 nomine,
261 3316 471 3397 princtpium,
491 3317 665 3399 specialiter
681 3324 778 3401 prout
794 3319 874 3383 dici·
926 3311 1012 3375 tione
1024 3312 1116 3377 verbi
1127 3313 1400 3378 confirmationem
1412 3313 1525 3395 recipit
1535 3313 1595 3377 ista
1606 3313 1695 3396 posi-

94 3420 154 3481 tur
164 3419 380 3500 notionaliter,
392 3423 650 3504 clementialiter,
665 3425 871 3491 hahetduas:
926 3418 990 3497 tic,
1016 3437 1090 3502 quee
1111 3419 1295 3502 dicitquod
1316 3419 1542 3484 innascibilitas
1564 3419 1641 3484 dicit
1661 3419 1696 3483 in

93 3520 133 3584 in
145 3523 257 3604 prima
268 3526 405 3591 ostendit
418 3528 505 3610 quod
525 3527 617 3593 Pater
635 3529 782 3596 ciiiilius
799 3536 875 3597 sunt
927 3526 1020 3592 Patre
1037 3527 1266 3611 plenitudinem
1284 3528 1481 3608 fontalitatis,
1501 3527 1568 3594 sive
1586 3527 1693 3592 fonta-

90 3647 209 3693 unum
222 3631 425 3715 principium,
439 3635 486 3699 ibi
505 3636 650 3703 :Deinde
661 3640 700 3704 in
712 3637 819 3705 eodem
832 3639 874 3706 li·
925 3633 990 3700 lem
1010 3636 1253 3718 plenitudinem,
1269 3635 1343 3701 licet
1361 3655 1402 3701 ex
1422 3634 1626 3719 consequenti
1639 3634 1693 3699 in·

93 3734 171 3806 bro:
190 3736 225 3799 in
236 3740 383 3810 secunda.
396 3742 595 3824 quaunitate
606 3747 806 3825 suntunum,
819 3745 874 3809 sci·
926 3743 1065 3810 tellecta.
1206 3748 1210 3755 '

89 3842 174 3907 licet
185 3845 304 3910 unitate
313 3848 463 3926 notionis,
474 3848 540 3913 ibi:
557 3849 659 3916 Unum
670 3860 776 3918 autem
781 3854 873 3935 priu-
1250 3842 1320 3888 ΗΠΒ·
1341 3843 1376 3887 ¹¹·

91 3952 226 4032 cippum
242 3962 330 4031 mm,
346 3958 418 4035 eio.;
440 3957 497 4021 ubi
518 3958 653 4022 ostendit
665 3958 750 4041 quod
763 3959 873 4025 eadem
983 3950 1058 3999 Peter
1069 3961 1130 4013 ergo
1143 3947 1296 4012 principium
1308 3950 1347 3999 est
1359 3947 1414 3998 sine
1426 3946 1551 4012 principio
1557 3984 1567 4013 ,
1582 3951 1630 4000 etc.

89 4058 232 4122 notione
245 4065 322 4124 sunt
341 4062 549 4146 principium,
565 4068 597 4128 et
609 4066 694 4147 quod
712 4066 767 4131 illa
786 4068 873 4132 notio
966 4063 1129 4141 Quaeritur
1137 4064 1176 4128 de
1186 4063 1372 4146 huiusmodi
1378 4063 1600 4145 locutionibus,
1611 4082 1695 4147 qna-

90 4169 145 4231 est
159 4167 301 4251 spiratio.
924 4169 996 4235 liter
1008 4170 1179 4253 accipiatur
1195 4171 1243 4235 ibi
1256 4170 1317 4236 hoc
1330 4189 1464 4250 nomen,
1480 4173 1694 4254 minagium,

428 4269 498 4316 ⁰⁰¹³·
522 4269 545 4316 ¹·
925 4296 1000 4342 cum
1012 4278 1128 4343 dicitur
1140 4279 1335 4361 principium
1349 4280 1417 4343 sine
1430 4278 1596 4361 principio,
1608 4279 1695 4361 prin-

186 4373 261 4423 nater
275 4377 313 4425 est
325 4374 477 4440 principium
490 4375 568 4426 unus
581 4375 733 4442 numum,
748 4382 797 4430 010·
925 4385 1047 4469 cipium
1060 4386 1099 4451 de
1114 4385 1281 4470 principio.
1295 4387 1361 4451 Ant
1379 4386 1466 4450 enim
1479 4385 1632 4468 accipitur
1643 4404 1694 4450 es-

137 4486 306 4564 Quaeritur
328 4509 388 4573 pro
413 4510 477 4574 quo
501 4494 563 4556 stat
588 4492 633 4556 ibi
653 4492 715 4557 hoc
736 4513 870 4574 nomen,
925 4494 1108 4574 sentialiter,
1124 4498 1181 4559 aut
1192 4493 1399 4578 personaliter
1416 4511 1504 4558 :non
1518 4493 1694 4576 personali-

81 4593 313 4677 principium.
334 4596 405 4661 Non
421 4600 507 4663 enim
529 4603 630 4682 potest
644 4603 726 4664 stare
743 4619 801 4685 pro
818 4621 872 4668 es-
924 4608 984 4680 ter,
998 4606 1037 4667 ut
1048 4602 1186 4683 videtur,
1202 4602 1278 4685 qnia
1289 4601 1424 4684 Spiritus
1435 4604 1564 4666 sanctus
1577 4601 1694 4666 dicitur

85 4703 215 4782 sentia,
234 4722 293 4768 nec
306 4723 364 4787 pro
377 4724 525 4789 persona,
540 4708 616 4790 quia
635 4711 809 4792 utrumqne
822 4711 872 4775 di-
925 4727 992 4774 esse
1004 4709 1198 4792 principium
1210 4709 1249 4773 de
1262 4708 1429 4791 principio,
1450 4711 1482 4772 ct
1500 4707 1692 4791 principium

83 4810 153 4890 cit,
170 4815 330 4894 quantum
342 4818 389 4879 est
401 4815 440 4880 de
454 4834 499 4895 se,
509 4815 691 4880 absolutum
703 4839 711 4880 t
725 4821 781 4882 ant
793 4836 871 4901 ergo
924 4835 992 4881 non
1002 4817 1151 4882 convenit
1163 4816 1193 4881 ei
1205 4816 1268 4881 nni
1280 4815 1505 4899 temporaliter.
1523 4814 1690 4894 Praeterca,

83 4920 164 4981 stat
177 4937 236 5001 pro
249 4923 448 5003 paternitate,
463 4927 495 4988 et
506 4923 567 4987 hoo
576 4923 703 5005 falsum,
716 4927 792 5009 qtria
805 4946 871 4993 non
924 4924 1006 4988 sicut
1018 4924 1094 4989 dicit
1110 4922 1271 5006 Magister,
1286 4922 1422 4988 distinct.
1437 4941 1540 5004 xxva,
1555 4941 1620 4987 non
1633 4941 1693 5006 po-

82 5028 146 5088 est
169 5023 262 5090 Pater
280 5027 418 5112 Spiritus
439 5033 581 5108 sanctns3
608 5049 667 5095 nec
686 5050 744 5114 pro
768 5033 871 5117 spira·
924 5036 985 5097 test
995 5031 1056 5096 dici
1067 5032 1128 5096 hoc
1141 5032 1181 5097 de
1189 5030 1256 5108 illo,
1266 5030 1329 5094 uisi
1341 5035 1498 5114 qnantum
1510 5031 1693 5096 adnomina

81 5131 199 5211 tione,
218 5133 295 5216 quia
314 5136 442 5219 spiratio
462 5157 529 5203 non
548 5142 595 5204 est
614 5145 759 5223 respectu
780 5140 868 5220 Filii3
924 5138 1170 5204 substantidia:
1195 5156 1274 5219 ergo
1298 5137 1493 5221 principium
1506 5156 1571 5202 non
1591 5141 1694 5221 potest

79 5251 162 5299 nec
183 5239 396 5305 communiter
417 5241 458 5307 ad
479 5244 764 5327 utrumquepuia
788 5245 871 5309 nihil
925 5246 1023 5329 accipi
1040 5244 1250 5311 notionaliter.
1272 5244 1313 5310 Et
1332 5245 1460 5326 iterum,
1474 5263 1532 5328 pro
1550 5263 1615 5329 qua
1631 5265 1693 5311 no-

76 5340 221 5408 hahent
230 5363 401 5414 commuue
410 5349 473 5414 nisi
486 5351 668 5429 essentiam
681 5368 740 5416 nec
752 5369 812 5435 pro
820 5352 868 5418 in·
924 5354 1009 5421 tione
1021 5354 1227 5439 acciperetur,
1246 5371 1322 5417 cum
1333 5351 1450 5418 dicim
1461 5350 1560 5418 Filius
1572 5354 1691 5435 princi·
1757 5350 1760 5357 ’

76 5451 326 5536 nascibilitate,
354 5457 431 5540 qnia
452 5457 677 5524 innascibilitas
702 5476 770 5524 non
796 5461 896 5541 dicit
925 5463 1015 5545 pium
1029 5463 1069 5527 de
1087 5460 1261 5545 principio?
1277 5459 1432 5544 quiamn
1446 5478 1505 5545 pro
1524 5460 1690 5541 filiatione,
