4100 6300
322 3928 324 3931 ’
428 3918 566 4001 proprii3
581 3921 613 3981 et
623 3916 686 3980 hoo
696 3916 771 3980 lauit
784 3916 829 3978 ihi
843 3934 851 3977 ε
864 3916 1001 3999 Propria
1016 3920 1199 4004 ipiturper·

1000 439 1315 507 sententiatum
1335 440 1410 507 LIB.
1434 443 1460 507 l.

1264 577 1343 640 ritui
1367 583 1479 642 sancto
1505 581 1720 663 approprietur
1741 588 1903 659 meminit:

734 645 846 719 PART·
871 644 910 719 ll·
1268 679 1357 751 Quod
1375 690 1482 747 nutem
1500 685 1538 747 io
1558 683 1682 765 Spiritu
1694 694 1786 752 morto
1797 687 1904 763 donn

439 833 479 878 nn
493 830 751 878 arrnornmnonu
768 830 982 876 nnmnvonmr
1000 829 1068 884 oua
1085 827 1210 873 conuu-
1265 791 1435 873 “m‘ussdue
1448 790 1629 857 θθηῦθΐᾶἱα·

479 929 571 973 nima
583 929 621 973 nr
636 926 850 972 amnnmnsn
862 926 902 971 nn
918 926 979 972 uno
996 924 1157 984 nicanum,
1171 923 1212 969 ur

480 1023 601 1085 statuis,
613 1022 807 1077 arnonius.
1589 982 1658 1028 DUE-
1678 981 1700 1025 1·

1391 1094 1452 1143 Non
1465 1096 1504 1144 est
1516 1093 1593 1158 igitur
1604 1094 1647 1146 hie
1659 1095 1855 1159 pretermittam

632 1202 837 1270 expostulo
858 1201 1010 1268 Turres
1304 1214 1385 1278 Cum
1395 1215 1546 1298 Magister
1555 1223 1634 1300 agat
1641 1219 1679 1283 de
1687 1220 1907 1303 appropriationin

438 1350 495 1401 Non
509 1352 547 1400 est
561 1349 638 1415 igitur
654 1348 696 1399 hio
710 1346 955 1413 praetermittendum
969 1345 1039 1411 quod
1052 1343 1092 1395 vir
1107 1343 1210 1395 illustris
1263 1340 1374 1404 XXXIV,
1387 1328 1420 1388 ei
1430 1325 1688 1408 deappropriatis
1697 1327 1910 1411 distmttllm

588 1502 596 1519 ,
764 1418 882 1470 “flmm-
1262 1430 1302 1494 ad
1317 1432 1575 1511 llnem,videtur
1588 1433 1674 1514 quod
1685 1433 1909 1498 massuetum

476 1548 660 1619 Terminata
675 1551 763 1630 parte
776 1547 831 1610 illa
842 1546 877 1610 iu
891 1564 956 1628 qua
968 1544 1036 1626 agit
1048 1544 1087 1609 de
1103 1544 1206 1626 signi-
1262 1540 1364 1601 tatum
1376 1539 1415 1602 de
1429 1539 1651 1621 appropriatis.

437 1651 1206 1735 {tentionehorumnominumsimitieetoequolte,
1302 1645 1395 1728 Resp.
1412 1646 1910 1729 dicendumquodduplieideemp

436 1763 488 1827 hio
506 1764 618 1846 incipit
633 1762 772 1827 secunda
790 1780 863 1845 pars
881 1763 916 1826 in
934 1780 999 1844 qua
1012 1760 1081 1842 agit
1094 1760 1132 1823 de
1147 1759 1208 1824 ho·
1262 1752 1311 1816 nit
1328 1752 1381 1816 hio
1399 1751 1550 1834 Magister
1568 1758 1732 1818 tractatum
1745 1753 1910 1837 deappnpiu

435 1889 510 1935 rum
524 1871 693 1934 nominum
705 1870 974 1953 appropriatione,
991 1875 1023 1933 et
1033 1866 1208 1932 habethaeo
1262 1857 1332 1922 Uno
1345 1864 1408 1939 est,
1424 1861 1502 1941 qula
1515 1864 1628 1942 egerat
1641 1861 1678 1924 de
1691 1861 1834 1924 norninibn
1843 1862 1911 1941 quet

435 1996 509 2061 pars
522 1977 601 2042 duas
614 1981 739 2060 partes:
759 1978 794 2040 in
812 1978 918 2059 prima
936 1977 1078 2058 assignat
1090 1994 1207 2057 appro·
1262 1971 1339 2030 cunt
1352 1967 1540 2032 relationem
1558 1968 1728 2032 seeundum
1740 1967 1911 2032 natm

434 2085 625 2167 priationes;
640 2085 675 2148 in
688 2085 827 2149 secunda
838 2088 948 2149 movet
960 2087 993 2148 et
1005 2081 1099 2146 solvit
1112 2080 1207 2145 dubi·
1262 2093 1416 2154 munem,
1437 2074 1616 2158 seeundum
1635 2092 1728 2157 quam
1743 2076 1911 2156 appropriata·

435 2194 588 2258 tationem
600 2210 675 2275 quae
693 2211 735 2256 ex
746 2191 935 2274 hujusmodi
949 2188 1206 2273 appropriatione
1261 2181 1414 2261 tonditur,
1428 2183 1596 2246 sieutsunt
1608 2182 1722 2249 amm
1733 2182 1911 2264 eternam

433 2302 530 2366 habet
539 2300 709 2382 originem,
720 2298 814 2377 inira,
830 2299 902 2362 dist.
917 2315 1020 2361 xxxrr.
1037 2295 1095 2359 Hie
1105 2295 1207 2359 oritur
1260 2289 1434 2355 incidenter
1454 2292 1525 2356 nae
1546 2311 1621 2375 pars
1641 2291 1691 2355 hio
1709 2289 1870 2353 introiretur.
1881 2288 1912 2349 ti

433 2409 568 2492 questio
590 2428 631 2473 ex
652 2406 811 2491 praedietis
832 2406 976 2470 deducta.
1001 2402 1110 2467 Prima
1132 2421 1206 2485 pars
1260 2397 1341 2460 ratio
1361 2400 1426 2474 est,
1448 2399 1525 2480 quia
1545 2397 1738 2481 appropriata
1754 2392 1912 2458 ladmtdai

434 2518 585 2582 dividitur
598 2516 633 2579 in
648 2516 727 2580 duas
743 2519 869 2597 partes:
888 2515 922 2577 in
942 2513 1048 2596 prima
1063 2511 1207 2593 assignat
1260 2503 1402 2568 dentiam
1424 2507 1649 2588 propriorum3
1679 2509 1709 2568 et
1727 2502 1785 2567 ideo
1806 2501 1872 2563 mm
1882 2516 1913 2579 pu

433 2623 637 2706 appropriata
645 2620 1001 2700 secundnmllilarium3
1012 2617 1203 2697 inseranda,
1260 2621 1429 2681 tractatum
1443 2616 1483 2681 de
1497 2617 1652 2701 propriis,
1669 2616 1731 2697 egit
1740 2615 1772 2677 de
1781 2611 1911 2693 appropiari.

433 2728 611 2792 secundum
635 2728 877 2809 augustinum,
900 2728 945 2791 ibi
966 2750 974 2792 ι
999 2725 1087 2791 titud
1108 2727 1205 2791 etiam
1259 2723 1361 2789 ethoe
1376 2725 1519 2789 maxime
1537 2728 1637 2807 prout
1653 2716 1912 2788 iaciuntudoidffl
1955 2762 1956 2825 }

432 2837 514 2902 autre
535 2842 655 2916 oportet
675 2835 761 2917 qaod
775 2835 957 2901 eorumden
977 2838 1080 2901 triam
1095 2849 1202 2916 perro·
1258 2834 1485 2919 propriorum:
1501 2836 1576 2901 ideo
1589 2836 1628 2899 de
1646 2832 1823 2913 hisaoithic,
1834 2843 1913 2910 qum

432 2961 550 3009 aarum
558 2943 810 3010 distinctionem.
821 2941 1008 3027 Primapars
1017 2942 1114 3007 habet
1121 2946 1200 3006 tres:
1257 2945 1370 3009 dieunt
1388 2950 1572 3027 respectum
1593 2943 1632 3008 ad
1652 2945 1796 3007 creaturas
1812 2936 1865 3000 lnlrr
1878 2952 1912 2995 m

432 3051 466 3114 in
481 3052 585 3134 prima
603 3051 690 3134 ponit
709 3049 820 3114 Hilarii
832 3051 871 3133 (a)
892 3053 1201 3135 appropriationem,
1257 3053 1326 3134 agit
1339 3053 1377 3117 de
1395 3055 1446 3118 his
1465 3053 1675 3136 appropriatis
1695 3068 1758 3133 qua
1773 3040 1912 3128 rammi

430 3168 462 3226 et
480 3165 550 3245 ejus
566 3162 822 3245 explanationem
842 3168 972 3246 propter
989 3165 1041 3228 sui
1058 3164 1203 3228 obscuri·
1257 3166 1418 3226 creaturas
1437 3163 1560 3226 dieunt.
1582 3160 1668 3225 Patet
1683 3162 1723 3222 ita
1734 3150 1911 3222 etdistiuriolr-

430 3273 528 3333 raom
539 3291 548 3350 3
560 3271 594 3333 in
605 3269 743 3334 secunda
754 3270 890 3334 ostendit
900 3271 986 3353 quod
997 3271 1051 3336 illa
1061 3289 1135 3354 quae
1147 3270 1203 3333 Hi·
1252 3275 1308 3356 J‘us
1321 3276 1419 3356 partis
1431 3276 1472 3338 ab
1484 3275 1552 3338 illa.
1573 3272 1662 3338 Unde
1677 3272 1733 3335 tria
1744 3259 1912 3352 appropr‘utllL

430 3377 529 3440 larius
541 3378 693 3458 assignat,
708 3395 772 3441 non
784 3382 858 3440 sunt
868 3378 1007 3460 propria,
1020 3379 1075 3443 sed
1088 3399 1202 3464 appro·
1255 3382 1326 3446 larii
1338 3382 1545 3446 manifestant
1553 3375 1910 3466 personarnmaurmioot

430 3484 543 3567 priate,
557 3485 620 3548 ibi:
636 3484 708 3550 Non
718 3485 985 3551 mimaecaadam
997 3491 1201 3568 promissam
1254 3489 1318 3553 tria
1336 3507 1413 3554 vero
1433 3489 1638 3572 appropriata
1653 3484 1798 3569 Augustini
1812 3480 1911 3546 nitor

378 3627 387 3644 ·
430 3593 685 3674 eopoaatonem,·
706 3592 740 3654 in
758 3594 851 3656 tertia
867 3611 945 3657 vero
958 3595 1095 3659 ostendit
1114 3600 1200 3680 qnod
1254 3597 1403 3662 nilestant
1420 3615 1636 3680 personarum
1655 3595 1794 3670 ordinem,
1807 3585 1910 3667 dotti

428 3701 484 3764 illa
502 3702 620 3784 quibus
638 3700 710 3764 haee
728 3701 929 3783 appropriat,
951 3708 1027 3766 sunt
1046 3707 1197 3788 propria:
1253 3706 1374 3789 spiciat.

428 3810 642 3893 appropriatio
668 3809 755 3873 enim
779 3812 828 3872 est
849 3810 1029 3874 communis
1054 3821 1199 3896 respectu
1583 3887 1640 3933 WB
1667 3883 1689 3930 n

427 4043 591 4093 sonorum.
605 4023 756 4088 Similiter
769 4025 909 4088 secunda
918 4045 1003 4108 pars,
1019 4028 1055 4091 in
1067 4046 1132 4111 qua
1144 4049 1198 4094 as-
1253 4019 1341 4085 imago
1354 4022 1393 4071 θεῖ
1403 4021 1459 4086 01⁰³
1472 4020 1552 4071 retae
1565 4018 1780 4086 quammipmtn
1789 3997 1909 4076 W*

428 4135 535 4215 signat
549 4132 699 4214 Magister
708 4132 999 4214 appropriationem
1009 4135 1196 4217 Augustini,
1607 4106 1676 4143 rens.

428 4244 522 4308 habet
531 4244 610 4309 duas
625 4267 631 4308 :
644 4243 678 4306 in
689 4242 794 4325 prima
804 4244 894 4324 ponit
902 4243 1005 4326 ipsam
1016 4246 1197 4329 appropria·
1294 4243 1402 4308 Primo
1413 4244 1543 4310 videtur
1554 4244 1640 4327 quod
1654 4241 1727 4306 ratio
1737 4238 1784 4302 ista
1793 4221 1907 4316 panda

427 4352 565 4429 tionem;
581 4350 764 4414 inseranda
775 4350 864 4432 ponit
873 4351 943 4432 ejus
952 4352 1194 4435 expositionem,
1252 4350 1321 4415 rins
1336 4352 1425 4434 ponit
1445 4351 1480 4415 in
1494 4352 1627 4431 notula,
1644 4368 1706 4414 non
1721 4329 1905 4409 sormaverit

426 4459 493 4523 ibi:
516 4458 579 4525 Sed
593 4459 750 4541 plurimos
766 4463 866 4524 mouet
884 4457 970 4541 orreo
985 4459 1078 4526 Patri
1098 4463 1196 4528 attri-
1251 4459 1437 4542 quiatotum
1445 4459 1575 4524 videtur
1582 4445 1903 4534 onvenresprtaiare

427 4567 514 4648 buit,
529 4571 588 4631 eta.
610 4565 650 4629 Et
665 4566 735 4629 hmo
746 4585 819 4649 pars
832 4565 928 4630 habet
940 4570 1006 4630 tres
1019 4568 1195 4633 seeundum
1291 4565 1390 4646 item,
1410 4566 1533 4650 speeies
1554 4572 1611 4630 aut
1630 4563 1764 4645 accipitur
1780 4546 1904 4638 pamla

425 4675 480 4738 illa
493 4676 554 4738 tria
567 4675 779 4757 appropriata.
795 4673 832 4737 ln
847 4674 950 4755 prima
962 4675 1100 4740 ostendit
1113 4696 1195 4759 qua·
1251 4679 1308 4738 aut
1320 4674 1539 4739 essentialiter.
1564 4672 1597 4739 Si
1610 4667 1795 4740 metallan
1808 4649 1904 4737 ergo&

424 4785 497 4848 liter
521 4783 605 4847 Patri
625 4783 848 4866 appropriatur
875 4783 1003 4863 unios,
1028 4786 1196 4850 ostendens
1250 4799 1363 4846 sensus
1382 4781 1507 4863 estqui
1530 4786 1579 4845 est
1598 4780 1707 4861 sperae
1724 4767 1903 4852 iadttomill

424 4891 521 4955 etiam
534 4891 765 4954 incidentaliter
777 4891 915 4972 qualiter
926 4891 1033 4973 aliqua
1043 4892 1195 4958 dicuntur
1250 4895 1332 4955 esset
1345 4889 1441 4953 etiam
1450 4889 1480 4951 si
1487 4888 1646 4952 diceretm
1656 4866 1902 4952 omuatuttotl

423 5018 549 5079 unum,
570 5000 639 5063 ibi:
661 5000 723 5064 Hic
746 4998 815 5065 dict
836 5005 968 5081 oportet.
998 5000 1035 5064 ln
1056 5001 1196 5065 seeundo
1249 4998 1304 5063 sed
1323 4996 1385 5061 hoe
1404 4995 1558 5060 convenit
1579 4994 1674 5070 Patri,
1692 5007 1747 5054 non
1763 4987 1848 5047 notun
1858 4969 1901 5033 fs*

422 5127 500 5173 vero
521 5109 658 5174 ostendit
676 5127 741 5191 quo
757 5109 852 5172 modo
870 5107 950 5172 Filio
970 5108 1195 5190 appropriatur
1250 5104 1330 5169 ltem
1344 5103 1482 5168 essentia
1497 5121 1565 5165 non
1579 5101 1688 5166 dieitur
1699 5079 1901 5190 uidentur&

423 5214 1194 5300 aequalitasihi:Nrrmotdaamoroootoooqoo-
1249 5230 1307 5296 pro
1321 5228 1476 5295 persona:
1497 5228 1577 5292 ergo
1594 5225 1699 5274 sensus
1710 5191 1900 5272 ertiduttl‘fld

422 5324 511 5392 litua.
531 5325 566 5389 ln
579 5325 673 5390 tertie
685 5342 763 5390 vero
781 5324 993 5406 ostenditque
1006 5323 1103 5388 modo
1119 5323 1194 5406 Spi-
1250 5374 1369 5428 aaran.
1382 5398 1412 5410 -
1424 5371 1459 5438 (t)
1477 5373 1547 5425 uoco
1559 5382 1640 5424 nm
1651 5374 1675 5421 e,
1686 5377 1752 5431 m„
1764 5343 1898 5412 orat&

454 5450 486 5512 (a)
503 5449 574 5516 loco,
587 5449 662 5515 ponit
673 5449 778 5515 Hilari,
793 5454 876 5500 enter.
892 5448 955 5499 edit.
970 5447 1062 5501 tabeo
1080 5448 1194 5516 msigmt
1249 5458 1313 5501 xxiv
1324 5450 1350 5497 et
1363 5456 1426 5496 xxv.
