4100 6300
625 479 939 548 smanandron
958 478 1177 548 Expostulo.
1265 533 1266 536 η
1654 481 1696 543 ott

138 614 235 700 nup.
254 598 428 681 orannim
449 634 459 680 ι
484 615 538 681 nst
561 614 650 699 loqui
673 614 714 680 oe
737 615 872 682 vesun
925 618 1014 699 parre
1028 614 1179 696 omnia,
1199 614 1316 682 scitica
1328 613 1493 680 numurus
1506 617 1537 679 a
1549 611 1692 678 racanas.

94 723 295 808 simpliciter,
311 723 554 790 veldeveritate
572 726 730 807 quantum
742 723 869 801 adhoc,
926 721 964 787 ln
984 723 1100 808 prima,
1122 728 1281 808 praeparat
1302 723 1510 800 docilitatem,
1530 719 1646 785 scilicet
1658 718 1693 784 in

94 832 168 897 sira
181 832 366 915 inspecioli.
376 832 484 897 Primo
493 833 588 897 modo
596 833 714 898 veritas
722 836 769 898 est
780 832 872 897 inox-
925 831 1127 911 auctoritate3
1140 831 1175 896 in
1189 833 1344 913 secunda,
1358 832 1393 896 ia
1411 830 1546 896 utilitate
1564 826 1696 892 suscitat

93 940 294 1022 pugnabilis,
311 944 343 1004 et
359 939 431 1004 ideo
443 940 605 1023 prevalet,
621 941 706 1005 etsie
718 939 871 1023 intelligi·
926 940 1142 1006 attentionem.
1158 940 1196 1005 ln
1211 941 1338 1006 duobus
1356 943 1463 1004 eutem
1477 935 1694 1020 sequentibus,

95 1048 152 1112 tur
164 1047 246 1113 illud
259 1046 383 1115 Eedroe.
396 1047 451 1114 list
459 1049 578 1114 iterum
588 1048 676 1133 loqui
690 1049 730 1114 dc
740 1048 873 1113 veritate
926 1046 1043 1112 sedicet
1056 1047 1248 1130 humilitate,
1263 1053 1293 1114 et
1307 1046 1464 1127 facilitate,
1480 1046 1584 1128 captot
1596 1044 1694 1107 hene-

94 1154 241 1220 secundo
254 1155 351 1222 modo
366 1174 377 1220 τ
392 1155 437 1220 sic
450 1155 688 1239 contingiteam
703 1155 872 1240 petratio·
925 1154 1110 1221 volentiam.
1131 1156 1168 1221 ln
1189 1156 1295 1240 prima
1320 1155 1424 1238 igitur
1445 1157 1534 1237 parte
1558 1149 1695 1216 ostendit

94 1281 155 1328 noe
175 1262 392 1346 phantasticas
411 1263 607 1343 obumbrari,
620 1267 653 1329 et
666 1283 725 1347 per
737 1267 871 1329 conten-
927 1261 1013 1347 Opus
1033 1283 1131 1330 suum
1153 1283 1221 1330 esse
1242 1265 1477 1342 authenticum
1501 1262 1537 1325 in
1556 1259 1696 1325 secunda

94 1371 222 1436 tionem
243 1371 440 1455 impugnari.
460 1369 550 1436 Unde
567 1372 756 1438 Ambrosius
770 1379 793 1452 ¹,
813 1391 871 1437 su·
925 1372 1204 1456 compendiosum,
1220 1372 1266 1436 ihi
1288 1395 1296 1436 :
1315 1371 1388 1438 Non
1410 1371 1514 1453 igitur
1530 1368 1622 1434 debet
1643 1347 1696 1433 tic

94 1496 156 1562 per
163 1479 246 1545 iliud
259 1478 398 1545 verbum
409 1479 565 1563 Apostoli,
579 1480 801 1561 contentione,
818 1480 874 1546 di·
925 1480 1024 1559 tolon
1040 1484 1103 1558 etc,
1117 1481 1173 1566 [o);
1189 1481 1225 1545 in
1236 1479 1330 1546 tertia
1346 1478 1484 1544 ostendit
1495 1477 1628 1543 modum
1641 1476 1695 1541 do

95 1585 140 1651 cit
152 1607 160 1651 :
172 1610 188 1648 ι
198 1586 363 1652 contentio
372 1591 420 1653 est
428 1587 630 1671 impugnatio
641 1588 783 1655 rennos
796 1607 869 1655 cum
925 1589 1017 1654 cendi
1030 1606 1098 1654 esse
1118 1589 1295 1670 humilem,
1310 1589 1345 1652 in
1358 1588 1421 1652 hoc
1437 1584 1610 1670 quodvult
1625 1602 1696 1649 cor-

96 1694 292 1761 confldentia
303 1694 492 1762 clamoris.»
924 1697 999 1779 rigi,
1027 1698 1095 1763 ibi:
1113 1698 1153 1764 ln
1175 1698 1231 1765 loc
1257 1704 1363 1766 anton
1385 1701 1536 1774 tractatu,
1562 1697 1640 1774 etc.;
1659 1692 1695 1758 in

923 1810 1038 1891 quarta
1048 1806 1393 1872 ostenditessefacilem
1402 1804 1443 1869 ed
1452 1802 1693 1881 inveniendum,

923 1911 1223 1991 etmemorandum,
1238 1910 1305 1975 ibi:
1326 1909 1365 1977 Ut
1377 1915 1482 1976 autem
1500 1906 1586 1992 quod
1605 1923 1695 1990 qute-

164 1998 203 2049 Iix
218 1996 372 2050 testimoniis
382 1998 498 2050 vocitetis
510 1998 537 2050 in
548 2001 674 2052 aternum
687 2000 807 2053 tondetis.
923 2023 1021 2102 mur,
1036 2020 1168 2101 mlius
1181 2022 1319 2087 occurat·

137 2111 296 2195 contras:
314 2127 455 2196 Solantia
464 2127 647 2199 destinetur
656 2154 668 2198 :
677 2151 756 2214 ergo
765 2137 796 2200 et
810 2137 870 2199 tes-

97 2234 243 2302 limonia.

136 2341 230 2428 Resp.
254 2345 345 2425 Quod
369 2348 551 2414 testimonie
575 2350 716 2416 veritatis
738 2352 869 2417 suntin

401 1880 470 1927 DUB·
492 1880 562 1928 v111.

1238 2205 1310 2251 DUB.
1329 2202 1375 2249 lx.

1152 2327 1272 2379 Liberum
1285 2329 1468 2378 correctorem.

98 2456 255 2519 aternum
266 2454 413 2537 fundata,
424 2456 505 2523 sicut
516 2456 631 2523 dicitur
643 2458 678 2523 in
691 2457 816 2524 Psalmo
831 2458 841 2495 ⁸
858 2481 866 2523 ε
964 2452 1128 2530 Quaeritur
1141 2452 1217 2536 quid
1227 2452 1299 2518 vult
1306 2452 1410 2517 dicere
1424 2468 1480 2534 per
1492 2450 1554 2516 hoc
1563 2469 1693 2531 nomen,

97 2560 392 2646 lntttocognocr'clc
406 2567 689 2647 testimonttrtois,
706 2570 764 2631 etc.
778 2565 869 2644 Quod
923 2561 1071 2629 literam.

98 2669 350 2755 objicitur,quod
357 2672 869 2753 scientiadcstruetur‚dioendum
964 2668 1058 2753 Hesp.
1073 2669 1260 2745 Dicendum,
1276 2669 1364 2752 quod
1379 2668 1461 2735 liber
1477 2667 1697 2734 ῢθῐῐθῡῑῡΐᾶῑ·

97 2779 181 2861 quod
198 2797 318 2844 verum
338 2784 386 2846 eat
407 2785 567 2864 quantum
587 2783 627 2846 ed
651 2782 784 2848 modum
809 2783 869 2849 do·
923 2777 1099 2843 citursicut
1114 2777 1444 2861 homoliber,quisui
1454 2781 1583 2842 tantum
1599 2795 1696 2841 causa

98 2885 198 2965 cendi,
221 2890 255 2951 et
268 2887 501 2967 considerandi,
519 2890 648 2955 sednon
660 2892 868 2973 quantumad
922 2889 980 2965 est,
994 2889 1032 2950 ut
1044 2886 1118 2951 dicit
1130 2884 1361 2969 Philosophus⁵
1372 2905 1382 2951 t
1394 2886 1439 2949 sic
1448 2888 1605 2951 corrector
1613 2884 1694 2949 liber

99 2994 282 3074 cognitum,
300 2998 332 3060 et
353 2996 509 3061 rationem
533 3000 755 3079 cognoscendi.
779 2997 868 3064 Psal-
921 2993 1049 3072 dicitur,
1063 2993 1120 3078 qui
1137 2998 1264 3059 tantum
1278 2994 1382 3076 gratia
1399 2994 1613 3070 correctionis,
1626 3012 1694 3059 non

98 3119 170 3167 mus
180 3102 211 3167 ⁸:
226 3102 268 3169 In
282 3110 446 3185 aternam,
462 3106 782 3191 Domine‚oerrnonet
794 3124 868 3177 ver·
922 3102 1054 3168 invidiae
1074 3102 1124 3167 vel
1142 3101 1417 3183 subsannationis,
1433 3101 1577 3184 corrigit.
1599 3100 1694 3168 Hunc

99 3208 168 3277 lunt
179 3218 285 3295 totum,
296 3217 356 3279 etc.
921 3210 1078 3276 desiderat
1091 3212 1238 3297 exemplo
1255 3213 1478 3295 Augustinus,
1495 3212 1550 3276 ubi
1567 3211 1666 3276 dicitt
1683 3233 1691 3276 :

926 3341 941 3379 r
954 3316 1056 3401 Magis
1068 3320 1183 3384 amabo
1193 3320 1334 3405 inspicio
1345 3320 1449 3399 rectis,
1461 3339 1562 3405 qnam
1572 3320 1692 3385 timebo

921 3427 1062 3491 morderi
1074 3429 1270 3512 apervcrsis.
1283 3428 1449 3494 Gratanter
1462 3430 1550 3495 enim
1560 3429 1692 3513 suscipit

297 3520 325 3570 ¹⁰
337 3532 388 3585 ‘¹⁰⁰
402 3520 529 3585 majorum
544 3520 671 3588 exempta.
921 3536 1069 3600 osculum
1089 3537 1311 3603 columbinum
1329 3537 1548 3622 pulcherrima
1571 3541 1603 3603 et
1622 3556 1692 3602 cas-

139 3647 211 3713 Haec
221 3650 270 3715 est
280 3666 355 3732 pars
366 3648 482 3714 ultima
495 3649 529 3713 in
541 3668 606 3733 qua
614 3650 707 3735 ponit
716 3650 868 3735 Magister
920 3641 1043 3707 tissima
1055 3643 1206 3725 charites;
1222 3646 1350 3711 dentem
1361 3664 1439 3712 vero
1453 3645 1607 3711 caninum
1619 3646 1692 3711 evi-

102 3756 235 3821 tationes
245 3760 413 3822 moventes
421 3756 592 3842 discipulos
604 3759 642 3823 ad
658 3759 865 3826 audiendum.
920 3753 1156 3838 micantissima
1167 3754 1345 3835 humilitas,
1354 3753 1408 3822 vel
1419 3754 1562 3819 retundit
1570 3753 1692 3851 solidis

102 3861 139 3927 ut
149 3863 302 3929 dividitur
313 3864 386 3929 haec
396 3882 472 3949 pars
483 3865 517 3929 in
531 3869 669 3948 quatuor
681 3871 798 3950 partes,
813 3886 866 3933 se-
922 3858 1003 3924 sima
1021 3861 1140 3927 veritos
1156 3881 1165 3927 τ
1180 3863 1348 3946 magisque
1371 3863 1487 3947 optabo
1511 3882 1531 3926 o
1551 3862 1692 3946 quolibet

103 3974 238 4040 cundum
252 3980 391 4059 quatuor
410 3994 485 4060 quae
502 3982 633 4042 movent
644 3978 814 4062 discipulos
827 3980 867 4045 ad
921 3970 1128 4054 reprehendi,
1143 3988 1242 4054 quam
1261 3970 1330 4037 sive
1346 3971 1388 4035 ab
1401 3974 1544 4048 emente,
1559 3970 1628 4037 Sive
1650 3970 1692 4034 ab

104 4082 295 4148 audiendum
308 4104 316 4147 :
329 4082 395 4148 duo
407 4102 482 4167 quae
495 4088 571 4149 sunt
585 4102 626 4150 ex
647 4090 736 4169 perte
749 4087 865 4170 operis,
922 4078 1073 4144 adulante
1084 4077 1218 4144 laudari.
1231 4100 1248 4138 a

104 4188 243 4256 videncet
256 4190 439 4269 auctoritas,
454 4196 486 4257 et
496 4191 636 4273 utilitas3
652 4194 716 4259 duo
729 4212 807 4260 vero
826 4214 867 4261 ex

292 3397 475 3443 nlvlslouls
500 3400 677 3442 conuentu.

923 4256 1021 4308 cxvur,
1034 4247 1088 4297 152.
1100 4270 1130 4281 —
1141 4242 1149 4274 ⁴
1162 4242 1239 4305 totu,
1250 4246 1290 4295 89.
1300 4242 1350 4281 -⁸
1364 4242 1452 4308 Arist,
1462 4242 1574 4310 Politia,
1587 4242 1631 4294 lib.
1645 4244 1690 4309 vl,

135 4349 248 4404 ierom
269 4350 297 4403 1„
319 4352 389 4405 hung
410 4352 496 4406 logum
514 4354 597 4419 ΕΜ.
616 4354 651 4405 Μ
670 4354 749 4419 nomm
773 4368 798 4422 Ι,
815 4360 864 4409 ta:
923 4333 946 4370 o.
958 4318 1178 4384 1r.-⁸August.,
1191 4317 1222 4368 dc
1236 4318 1339 4381 trinit,
1350 4316 1397 4368 lib.
1408 4317 1430 4368 ll
1438 4352 1448 4381 ‚
1462 4330 1486 4368 c.
1502 4328 1521 4368 r.

106 4421 240 4489 moros...
255 4426 418 4477 contentione.
432 4450 461 4463 -
478 4426 513 4479 Ἰ
532 4426 601 4489 Con,
615 4438 681 4492 1111,
696 4431 720 4481 8.
730 4455 762 4467 -
777 4429 866 4483 ⁸Psoi.
955 4428 987 4492 (a)
1002 4430 1057 4482 Ele.
1070 4426 1138 4479 deest
1150 4427 1176 4477 in
1187 4425 1284 4479 ceteris
1293 4424 1355 4478 edit.
