4100 6300
225 500 227 504 ‘
345 539 400 587 nv
829 512 879 578 nn
906 504 1079 576 saurus
1100 506 1132 573 s.
1152 502 1468 573 aouamuruau.

345 657 426 731 tique
440 656 478 715 de
491 655 535 714 lui
548 655 691 713 contester
705 668 753 709 ces
767 650 846 707 deux
857 645 1014 723 opuscules
1030 648 1049 701 A
1064 659 1152 702 cause
1166 643 1218 700 des
1232 639 1448 715 imperfectione
1463 638 1536 714 qu’il
1550 638 1623 695 croit
1636 654 1657 711 y
1669 635 1746 704 voir,
1760 635 1794 691 et
1808 631 1861 689 des
1870 629 1932 686 eita-

345 755 422 814 tions
437 755 584 813 d’euteurs
600 751 740 829 profanes
760 749 813 824 qui
830 748 875 821 s’y
892 745 1156 817 lontremarquer‚
1176 745 1220 799 est
1236 755 1295 799 une
1310 740 1442 799 maniere
1455 736 1568 796 adroite
1590 735 1657 793 d'en
1677 732 1750 791 taire
1771 731 1807 789 la
1822 726 1934 802 critique

309 920 311 923 ,
346 870 415 912 sans
429 868 575 929 mauquer
588 868 627 910 au
639 852 754 924 respect
767 845 840 922 qu’il
853 844 952 930 deruit
964 860 1003 902 au
1018 843 1095 901 saint
1108 845 1241 900 Docteur.

481 1086 534 1152 lll.
554 1089 596 1151 la
611 1083 823 1167 Euauaeiium
839 1081 872 1147 S.
889 1058 1037 1147 Joaauis.
1055 1077 1160 1142 Princ.
1179 1075 1346 1160 Numquid
1362 1074 1406 1142 ad
1417 1077 1611 1157 preceptum
1627 1077 1736 1153 tuum,
1751 1069 1817 1131 etc.

387 1277 462 1342 Sine
474 1275 542 1341 ulla
554 1274 766 1338 affirmatione
779 1275 971 1348 asserentes,
986 1268 1067 1334 illud
1077 1286 1174 1333 omne
1185 1267 1366 1330 dubitanter
1379 1265 1536 1342 dicemus,
1552 1259 1637 1343 quod
1653 1258 1762 1322 animo
1774 1255 1936 1320 sentimus.

344 1384 442 1452 Nobis
461 1382 592 1466 quidem
611 1381 845 1446 Beneventurae
865 1396 947 1462 opus
964 1378 1102 1456 videtur,
1122 1394 1161 1441 eo
1175 1374 1261 1457 quod
1281 1371 1493 1437 a'l'rilhemio
1508 1368 1802 1433 commemoratum
1823 1364 1890 1427 sit:
1907 1363 1939 1427 lu

344 1491 561 1574 Euamastiam
574 1489 727 1567 ioannis,
743 1488 797 1553 ab.
818 1489 848 1550 1.
866 1485 1028 1551 Sermonis
1041 1488 1152 1549 autem
1166 1482 1317 1547 rationes
1331 1480 1618 1555 consummetur
1630 1472 1822 1555 huJ'usmodi
1836 1470 1940 1553 postil-

344 1600 392 1665 las
405 1598 640 1664 Beneventurae
651 1612 819 1677 negemus.
836 1592 956 1658 Passim
971 1593 1030 1656 has
1046 1591 1189 1655 arabicas
1203 1589 1335 1653 voculas
1350 1588 1512 1669 legimus:
1532 1585 1744 1650 Personarum
1760 1580 1940 1661 damnaui-

345 1707 517 1780 bilitatem,
539 1706 715 1781 alietatera,
737 1705 969 1780 causationes,
991 1700 1283 1777 damnationem
1304 1697 1429 1778 aliaque
1450 1694 1502 1758 his
1522 1692 1655 1770 similia,
1677 1707 1752 1773 quaa
1771 1689 1809 1751 in
1829 1686 1940 1751 deliciis

344 1814 531 1880 habuerunt
543 1812 712 1895 scriptores
728 1808 828 1876 seculi
839 1809 908 1875 lllll
919 1813 950 1875 et
963 1808 1028 1874 XV.
1044 1808 1153 1872 Multis
1167 1811 1275 1872 autem
1290 1806 1398 1867 visum
1411 1802 1490 1877 fuit,
1508 1800 1744 1883 Expositionem
1762 1797 1863 1860 istam
1874 1811 1938 1857 ron·

346 1924 509 1988 cinnatam
522 1920 619 1985 fuisse
631 1920 673 1984 ab
686 1918 868 1984 Alexandro
881 1919 920 1983 de
935 1917 1129 1983 Alexandria
1141 1914 1309 1991 Minorita,
1325 1912 1382 1994 qui
1396 1910 1502 1975 seculo
1513 1911 1643 1973 ineunte
1659 1905 1727 1971 lllll
1739 1905 1876 1981 floruit;
1891 1903 1938 1966 sed

345 2030 403 2112 qui
420 2030 466 2093 ita
481 2028 642 2102 sentiunt,
660 2026 866 2091 vehementer
883 2030 1001 2090 errant.
1018 2023 1170 2090 Vetusius
1188 2023 1276 2087 enim
1294 2019 1557 2083 membranaceus
1570 2015 1668 2079 codex
1692 2017 1799 2077 exstat
1815 2013 1851 2075 iu
1864 2010 1937 2074 sibl.

348 2135 501 2202 Patavina
512 2134 575 2200 FF.
590 2133 751 2199 ldinorum
765 2133 1050 2210 Conventualium,
1065 2133 1123 2214 qui
1135 2128 1308 2194 Alexandri
1321 2125 1480 2211 postillam
1495 2125 1528 2187 in
1541 2122 1696 2187 loannem
1708 2120 1871 2197 continet3
1887 2137 1939 2182 eu-

344 2245 402 2327 Jus
424 2244 486 2308 hoe
509 2247 557 2308 est
578 2242 730 2306 initium:
754 2241 906 2325 Prolopus
927 2241 959 2307 S.
983 2241 1177 2323 Hieronymi
1196 2236 1391 2319 Presbyteri,
1405 2238 1464 2298 etc.
1487 2233 1549 2298 Hic
1568 2237 1616 2298 est
1637 2232 1774 2297 ioannes
1799 2230 1936 2309 Esaeae

346 2350 447 2429 tista,
462 2354 522 2415 etc.
544 2349 594 2415 Ad
617 2349 769 2433 opusculi
787 2350 907 2413 finem:
930 2349 1078 2431 separa
1099 2347 1233 2415 Pastitta
1251 2360 1347 2429 areper
1369 2341 1579 2424 avanulum
1596 2338 1629 2404 S.
1651 2339 1700 2404 Jo.
1715 2339 1845 2420 scripte
1858 2356 1878 2401 a
1892 2337 1938 2400 Pr.

347 2456 533 2524 Aleaaadra
548 2456 588 2523 de
602 2457 808 2524 Auaaadria
824 2457 899 2524 Ora.
917 2460 983 2523 FF.
1001 2459 1098 2535 Mira,
1114 2460 1174 2520 ete.

387 2564 455 2631 Sub
469 2564 704 2631 Bonaventurae
718 2565 848 2630 nomine
865 2569 968 2629 emtat
981 2564 1055 2628 God.
1072 2583 1105 2628 n.
1123 2563 1200 2643 llbl,
1221 2561 1343 2642 in-lol.,
1359 2560 1493 2627 Postilla
1507 2575 1603 2641 super
1617 2559 1795 2636 ioannem,
1813 2554 1850 2618 iu
1865 2552 1938 2618 Bibl.

348 2672 586 2741 Heilsblauansi
597 2722 606 2754 ,
619 2677 658 2740 ut
670 2677 793 2739 constet
804 2690 845 2738 ex
861 2672 957 2738 Gatal.
974 2670 1112 2737 Houkeri
1126 2669 1331 2736 Bubothecae
1348 2668 1520 2752 ejusdem¹.

1035 2848 1251 2892 ousxuvmous.

382 2967 463 3023 Nous
474 2980 568 3023 avons
583 2964 651 3038 ddja
663 2963 717 3021 init
728 2963 794 3021 voir
806 2979 845 3021 au
857 2965 1109 3021 commencement
1123 2961 1161 3019 de
1175 2964 1247 3019 cette
1257 2960 1378 3032 section,
1392 2961 1409 3034 ἓ
1424 2965 1457 3032 l,
1475 2975 1506 3016 n.
1519 2962 1548 3029 2,
1563 2973 1622 3032 que
1636 2956 1883 3031 quelques-unes
1893 2955 1939 3012 des

348 3062 534 3139 expressions
564 3063 779 3137 revendiquies
798 3061 837 3120 ici
854 3078 910 3137 par
931 3065 1015 3119 notre
1032 3059 1156 3135 cribque
1178 3076 1237 3117 aux
1264 3060 1408 3117 eodvains
1434 3057 1476 3117 du
1501 3057 1697 3133 quatomibme
1725 3060 1754 3113 et
1777 3057 1878 3113 meme
1903 3054 1938 3111 du

348 3163 513 3238 quinzieme
525 3162 626 3234 siecle,
640 3179 671 3220 se
685 3162 771 3220 lisent
786 3161 861 3221 dans
879 3161 907 3218 le
920 3159 1129 3219 commentaire
1142 3161 1239 3217 mame
1253 3160 1291 3217 de
1304 3164 1388 3217 notre
1401 3159 1477 3217 saint
1489 3161 1612 3216 bootem·
1625 3173 1675 3214 sur
1687 3157 1730 3214 les
1750 3157 1914 3214 sentences

1092 3424 1113 3516 ἓ
1135 3423 1196 3495 lv.

723 3594 929 3689 Opusoulum
943 3595 1085 3666 dubium
1097 3595 1205 3665 adres
1219 3594 1388 3665 Minoum
1400 3603 1558 3687 spectans.

445 3793 618 3877 depositio
634 3796 672 3859 ia
686 3792 837 3877 Aequum
852 3794 1004 3860 Fratrum
1018 3795 1193 3862 Miaarum.
1212 3795 1275 3859 lna
1296 3796 1488 3879 Quicumque
1502 3795 1585 3861 torm
1603 3793 1763 3877 reculam,
1779 3799 1842 3859 etc.

385 3956 603 4040 Antiquarum
614 3973 754 4020 neonus
765 3955 896 4038 quidem
909 3960 967 4037 cst,
982 3957 1040 4039 qui
1051 3957 1135 4021 hanc
1145 3956 1381 4040 llxpositionem
1394 3958 1514 4023 tribuat
1527 3957 1771 4023 Bonerenturae.
1790 3956 1875 4023 Sunt
1884 3955 1933 4039 qni

346 4066 473 4142 dicant,
488 4064 521 4128 id
536 4062 732 4146 Opusculum
748 4082 768 4127 a
781 4061 957 4129 Trithemio
970 4064 1136 4147 indigitari
1149 4069 1219 4129 tum
1232 4114 1241 4146 ,
1263 4084 1339 4131 oum
1353 4066 1462 4131 scribit
1480 4067 1515 4130 in
1533 4066 1675 4130 ludiculo
1692 4088 1699 4129 :
1724 4066 1932 4135 armamur

346 4174 468 4241 messui
486 4170 631 4248 Ordinis,
651 4169 705 4237 tib.
721 4176 752 4234 l.
768 4169 829 4235 Sed
842 4171 929 4253 quod
942 4170 1061 4237 horum
1074 4172 1160 4236 bona
1174 4174 1269 4238 venia
1281 4172 1430 4252 dueum,
1444 4174 1504 4238 hos
1518 4173 1646 4257 quidem
1659 4174 1740 4238 nibil
1753 4176 1847 4253 scire,
1862 4172 1931 4256 quid

346 4281 551 4367 potissimum
565 4278 803 4361 Expositionem
814 4278 897 4343 inter
911 4278 1062 4360 Regulae,
1080 4284 1111 4344 et
1124 4279 1250 4345 Ordinis
1267 4279 1390 4346 statuta
1404 4282 1539 4345 intersit.
1556 4279 1677 4346 Praear
1691 4284 1823 4347 testium
1838 4284 1931 4347 altum

348 4389 531 4465 silentium,
547 4385 699 4482 suntqalia
713 4385 793 4450 bene
807 4387 930 4463 multa,
949 4405 1023 4470 quae
1037 4387 1277 4472 Expositionem
1295 4389 1378 4455 hauc
1391 4390 1489 4456 Nobis
1502 4395 1681 4474 suspectam
1694 4391 1822 4454 iaciant.
1839 4390 1930 4468 Cum,

346 4498 447 4582 capite
463 4494 515 4575 lt,
534 4494 573 4559 de
590 4494 736 4577 pecuniae
753 4495 932 4577 receptione
949 4501 1060 4577 ageret
1078 4495 1256 4579 Expositos,
1273 4499 1400 4579 omnia,
1418 4517 1491 4582 quae
1507 4498 1637 4564 loannis
1653 4496 1735 4562 XXll
1755 4500 1931 4580 tempestate

344 4607 380 4672 in
400 4603 564 4671 Minoritm
577 4604 664 4685 jacta
686 4606 779 4679 sunt,
799 4602 913 4667 refellit
930 4602 1074 4668 omuino.
1097 4602 1181 4685 Hoc,
1204 4624 1334 4688 quaso,
1355 4612 1449 4691 caput
1465 4608 1583 4685 confer,
1606 4608 1631 4669 si
1652 4607 1717 4684 vis,
1740 4625 1816 4669 cum
1832 4604 1931 4672 Alrari

345 4712 468 4794 Pelagii
483 4729 597 4794 opere,
615 4710 670 4774 cui
683 4709 817 4774 titulus:
837 4713 880 4777 De
892 4711 1028 4794 planctu
1047 4714 1216 4795 securim·
1235 4719 1267 4777 et
1286 4715 1321 4778 in
1342 4717 1451 4779 multis
1471 4731 1569 4797 quam
1588 4716 1730 4779 maxime
1749 4715 1930 4780 concordare

345 4819 571 4904 deprehendes.
589 4818 641 4902 Aj
645 4817 749 4882 udicio
762 4820 871 4882 temen
886 4823 995 4884 nostro
1008 4820 1138 4886 ferendo
1152 4823 1348 4888 abstinemus
1363 4844 1371 4888 ε
1387 4842 1464 4888 nam
1475 4825 1544 4888 deri
1556 4830 1639 4889 oeric
1652 4829 1764 4908 potest,
1777 4830 1816 4890 ut
1829 4824 1929 4889 eadem

345 4929 468 5014 objecta
482 4925 637 4991 Minorit'u
651 4926 770 4991 fuerint
783 4927 926 5011 tempore
940 4926 1175 4993 Bonave'nturae
1190 4930 1300 4995 nostri.

385 5036 496 5102 Exstat
508 5036 544 5099 in
558 5036 717 5100 mmmm
733 5033 884 5118 specum,
900 5034 975 5101 edit.
991 5035 1184 5120 Rothomeg.
1201 5058 1254 5104 an.
1271 5043 1370 5118 litis,
1387 5042 1478 5104 tract.
1494 5038 1554 5118 ΙΙΙ,
1570 5057 1645 5121 pag.
1658 5043 1708 5103 24.

1043 5217 1243 5263 oussurmom

381 5328 454 5387 G’est
462 5339 520 5385 une
531 5337 610 5384 asez
619 5325 697 5384 belle
708 5327 851 5403 aanoite
862 5343 921 5406 que
931 5327 1004 5392 celle
1014 5330 1067 5410 qui
1077 5335 1210 5391 remonte
1222 5334 1309 5392 aune
1319 5333 1501 5394 soixantalne
1512 5334 1649 5394 d’annees
1660 5335 1821 5395 seulement
1832 5332 1925 5407 depuis

344 5424 789 5499 linvenuondcl'imprlmcus,
1813 5419 1815 5422 .

377 5553 458 5614 ¹Psg.
469 5548 510 5600 al.
