4100 6300
434 387 532 456 nlsr.
553 389 674 457 xxvii.
695 390 812 494 rtur.
833 393 858 459 Ι.
880 393 970 460 thr.
992 394 1018 458 l.
1037 390 1187 472 QUAEST.
1209 389 1261 455 lv.
1587 393 1646 453 tae

87 521 153 586 nino
168 520 394 603 intellgendum
414 521 454 588 de
474 522 695 591 abstractione.
718 527 758 592 lit
775 529 820 594 ita
875 546 949 611 quae
961 531 1037 592 sunt
1055 526 1232 591 necessaria
1249 525 1289 589 ad
1313 523 1449 588 salutem
1469 523 1547 588 :scd
1567 541 1648 587 con-

85 632 176 709 patent
191 628 243 693 duo
262 629 438 712 sequentia,
460 649 534 715 quae
550 637 628 699 sunt
649 639 778 719 sumpta
799 655 820 701 a
875 636 972 700 traria
984 634 1109 719 opinari
1128 633 1203 698 licet
1215 632 1250 696 in
1263 632 1314 696 his
1327 649 1401 714 quae
1415 648 1481 695 non
1506 635 1648 713 spectant

83 735 403 818 rationeintelligendi.
873 744 916 809 ad
928 744 1016 810 viam
1029 743 1150 821 salutis,
1165 745 1197 806 et
1209 742 1272 805 hoc
1284 740 1354 803 sine
1366 743 1504 823 peccato.

117 844 158 909 Ad
168 843 232 908 illud
244 846 330 926 quod
347 845 513 928 objicitur,
530 850 616 930 quod
630 852 708 914 tunc
724 851 820 916 uitre-
915 850 1009 928 ltem,
1024 851 1051 914 si
1064 853 1112 915 est
1124 849 1170 913 ihi
1182 852 1363 931 peccatum,
1378 865 1459 928 ergo
1479 850 1536 910 aut
1549 846 1644 925 fidei,

80 955 148 1016 runt
158 949 245 1016 solum
258 952 353 1017 modo
362 953 528 1037 loquendi;
540 956 712 1023 dicendum
720 961 817 1042 quod,
873 962 929 1023 aut
947 976 1077 1023 morum
1094 980 1101 1021 ε
1121 975 1187 1021 nou
1209 955 1294 1035 fidei,
1308 955 1463 1037 quianon
1474 958 1522 1018 est
1535 958 1646 1018 contra

78 1060 152 1122 sicut
162 1061 266 1124 tactum
278 1061 383 1125 fuitin
395 1061 594 1128 distinctione
607 1067 816 1148 praecedenti,
874 1067 1043 1146 articulos3
1059 1083 1126 1130 non
1140 1082 1280 1142 morum,
1294 1064 1371 1145 quia
1386 1062 1512 1126 credere
1530 1061 1645 1125 falsum

78 1165 174 1230 relatio
183 1166 348 1232 secundum
360 1171 629 1253 comparationem
643 1175 683 1238 ab
696 1174 819 1258 subjec·
873 1193 940 1238 non
953 1175 1082 1258 respicit
1093 1191 1217 1237 mores:
1233 1189 1312 1253 ergo
1326 1170 1454 1235 nullum
1466 1173 1641 1252 peccatum.

76 1277 139 1337 tum
156 1276 276 1354 transit3
291 1278 468 1343 secundum
489 1282 758 1363 comparationem
778 1284 818 1349 ad
914 1282 1029 1347 Contra
1047 1304 1055 1344 :
1071 1286 1100 1344 l.
1116 1280 1161 1344 lle
1174 1279 1299 1346 duobus
1312 1277 1469 1342 contrarie
1482 1277 1643 1359 opinanti·
1660 1296 1695 1340 ac
1711 1307 1755 1352 opp

73 1382 224 1464 objectum,
238 1384 306 1448 sive
318 1386 504 1467 terminum,
518 1393 647 1453 manet:
661 1391 738 1472 quia
750 1392 819 1455 ahs·
874 1391 934 1454 hus
948 1390 1031 1454 circa
1046 1389 1208 1463 notiones,
1220 1385 1435 1451 necessarium
1447 1388 1495 1449 est
1506 1383 1643 1447 alterum

71 1491 172 1554 tractio
181 1495 222 1554 cst
232 1491 343 1556 iormae
353 1512 373 1556 a
384 1493 535 1576 subjecto,
548 1514 613 1559 non
626 1515 646 1560 a
657 1498 815 1564 termino:
873 1498 976 1563 dicere
992 1496 1110 1561 laisum
1122 1495 1207 1559 circa
1219 1492 1331 1558 divina
1348 1513 1356 1556 ι
1372 1492 1426 1556 sed
1441 1490 1644 1555 mendacium

69 1597 158 1679 quia¹
179 1599 343 1681 paternitas
365 1601 558 1667 abstrahite
580 1602 687 1685 Patre,
708 1624 775 1670 non
798 1626 818 1671 a
873 1605 957 1670 circa
970 1604 1081 1669 divina
1093 1606 1140 1668 est
1151 1601 1354 1666 mendacium
1367 1599 1402 1664 in
1410 1599 1583 1663 christiana
1595 1617 1645 1663 re·

68 1703 153 1783 Filio,
165 1709 353 1787 etquantum
366 1708 406 1770 ad
415 1712 684 1792 comparationem
693 1713 733 1778 ad
745 1713 817 1777 suh
872 1713 1011 1794 ligione,
1026 1716 1058 1775 et
1069 1711 1131 1776 hoc
1144 1714 1192 1775 est
1211 1707 1440 1792 gravissimum
1455 1710 1618 1789 peccatum
1633 1730 1641 1771 ε

68 1813 176 1891 jectum
187 1816 230 1875 est
243 1814 377 1876 omnino
395 1814 480 1878 idem
496 1817 590 1881 :ideo
609 1819 700 1883 nullo
723 1822 817 1886 modo
872 1836 963 1899 ergo,
977 1822 1039 1883 etc.

68 1919 323 1984 estabstrahihilis
336 1939 356 1983 a
369 1925 458 2004 parte
471 1923 529 1987 rei.
545 1922 760 1992 Nihilominus
771 1932 818 1992 ta·
912 1929 943 1988 2.
977 1922 1076 2002 ltem,
1101 1922 1226 1987 duobus
1252 1921 1408 1986 contrarie
1441 1920 1645 2004 opinantibus

68 2009 135 2090 men
145 2026 262 2090 differre
274 2030 376 2111 potest
387 2028 495 2112 aliquo
508 2032 604 2097 modo
617 2052 676 2116 per
689 2053 816 2118 compa-
873 2030 957 2095 circa
971 2033 1129 2111 notiones,
1144 2047 1271 2095 necesse
1286 2032 1334 2094 est
1348 2028 1484 2093 alterum
1498 2028 1645 2112 decipiet

67 2133 207 2198 rationem
228 2134 268 2198 ad
286 2134 457 2217 objectum,
477 2156 551 2221 quae
571 2140 702 2222 quidem
725 2142 816 2207 dille-
873 2156 1002 2203 errare:
1018 2139 1176 2203 sederror
1193 2138 1277 2201 circa
1298 2137 1407 2201 divina
1426 2137 1645 2219 celpericulo·

67 2240 157 2303 entia
177 2240 312 2305 sumitur
334 2261 354 2305 a
375 2248 464 2325 parte
482 2246 530 2309 rei
547 2269 554 2310 :
570 2248 640 2327 scd,
664 2248 746 2312 sicut
763 2250 818 2314 illa
873 2246 1018 2311 sissimus
1032 2265 1041 2325 ;
1057 2245 1141 2310 unde
1155 2244 1366 2327 Augustinus
1383 2243 1422 2310 dc
1440 2245 1620 2311 tenuaret
1632 2269 1644 2310 .·

67 2346 227 2411 litterentia
238 2348 321 2413 nihil
335 2350 409 2414 tacit
426 2353 466 2415 ad
480 2354 757 2436 compositionem,
772 2358 817 2421 ita
876 2348 969 2414 chc
978 2349 1187 2434 periculosius
1199 2348 1275 2412 alibi
1287 2351 1427 2425 erratur,
1436 2366 1495 2412 nec
1505 2350 1644 2413 fructuo

67 2453 134 2517 rihil
145 2453 216 2517 iacit
227 2455 267 2519 ad
280 2456 535 2524 abstractionem.
871 2457 938 2522 sius
950 2457 1071 2540 aliquid
1085 2456 1258 2520 invenitur.
1282 2476 1297 2513 n
1315 2452 1349 2518 Si
1366 2473 1445 2536 ergo
1459 2474 1548 2520 error
1561 2456 1644 2521 circa

92 2566 122 2638 d,
138 2565 165 2625 5.
181 2562 220 2626 Et
231 2563 276 2629 sic
287 2570 395 2647 patent
408 2566 472 2631 duo
485 2570 659 2651 sequentia,
676 2572 752 2655 quia
763 2591 816 2637 re.
870 2564 1107 2628 humanitatem
1126 2563 1240 2628 Christi
1256 2566 1303 2626 est
1317 2567 1497 2644 peccatum,
1511 2581 1591 2645 ergo
1613 2568 1644 2628 et

66 2669 125 2733 atio
137 2674 254 2750 manet,
270 2675 301 2735 et
315 2671 524 2754 distinguitur
536 2677 577 2739 ah
589 2677 651 2742 alia
665 2699 673 2742 ε
689 2680 743 2743 sed
754 2681 816 2744 hoc
870 2674 953 2736 cirta
968 2672 1113 2736 110ῑίοΗθὸ
1126 2670 1229 2733 multo
1241 2668 1370 2733 sitifim·

68 2781 96 2839 st
109 2794 166 2858 per
178 2778 448 2860 comparationem
460 2781 500 2845 ad
514 2782 685 2864 objectum,
698 2804 765 2850 non
774 2787 814 2851 ad
911 2786 941 2845 3.
958 2782 1055 2860 Item,
1068 2799 1143 2845 cum
1156 2778 1364 2862 proprietates
1377 2779 1441 2843 sint
1461 2779 1528 2860 ipsc
1548 2777 1641 2856 Deus,

66 2888 239 2970 abjectum.
869 2890 925 2972 qui
947 2889 1022 2953 dicit
1045 2889 1097 2952 vcl
1117 2887 1215 2952 credit
1238 2886 1445 2969 proprietates
1464 2905 1532 2950 esse
1558 2888 1643 2969 quod
1706 2917 1710 2925 r

869 3013 936 3059 non
956 2998 1049 3075 sunt,
1065 2994 1117 3059 vel
1129 3013 1196 3058 non
1209 3012 1276 3058 esse
1296 2995 1382 3075 quod
1401 2996 1491 3070 sunt,
1506 2993 1581 3057 dicit
1603 2994 1642 3057 dc

302 3080 481 3161 QUAESTlO
503 3084 555 3151 IV·
655 3085 659 3094 ’
814 3093 820 3112 ’
869 3102 934 3169 Deo
949 3102 1035 3187 quod
1052 3102 1272 3167 nonestzsed
1288 3101 1345 3183 qui
1366 3101 1442 3166 dicit
1457 3105 1558 3167 Deum
1577 3119 1642 3166 non

868 3212 1042 3294 essequod
1061 3216 1119 3291 est,
1143 3210 1195 3275 vel
1217 3227 1421 3289 econverso,
1438 3213 1524 3275 errat
1535 3227 1642 3274 errore

868 3318 988 3403 pcccati
1003 3342 1011 3382 ι
1027 3336 1106 3400 ergo
1119 3337 1195 3382 cum
1208 3317 1288 3382 alter
1306 3316 1509 3399 opinantium
1521 3317 1561 3381 sit
1576 3316 1641 3381 hu-

79 3423 198 3490 Utrum
212 3430 380 3510 peccatum
392 3429 432 3492 sit
445 3431 603 3496 contrarie
616 3431 656 3497 de
671 3434 813 3497 notioni·
865 3426 1016 3510 jusmodi,
1031 3443 1123 3507 crgo,
1138 3428 1200 3489 etc.

65 3553 113 3614 is,
130 3533 202 3600 sive
222 3535 485 3619 proprietatibus,
507 3539 650 3621 opinari;
674 3543 705 3603 et
727 3540 813 3623 quod
907 3537 938 3597 t.
950 3532 1041 3609 ltem,
1053 3532 1136 3596 sicut
1145 3531 1219 3595 dicit
1229 3530 1444 3613 Augustinus,
1458 3549 1526 3595 non
1536 3531 1639 3597 solum

65 3660 116 3719 in,
128 3642 272 3719 videtur,
283 3643 434 3725 quoniam
448 3645 548 3709 sancti
561 3647 735 3711 contrarias
746 3648 814 3731 opi·
868 3641 920 3706 ille
933 3640 1086 3705 mentitur
1098 3638 1154 3720 qui
1168 3638 1243 3702 dicit
1255 3639 1391 3716 falsum,
1406 3639 1461 3703 sed
1475 3640 1572 3703 etiam
1584 3639 1641 3723 qui

67 3768 151 3814 ones
175 3750 365 3815 hahuerunt
385 3751 424 3814 de
446 3750 629 3835 Scripturis,
651 3757 683 3818 et
704 3757 812 3820 tamen
866 3747 979 3812 asserit
991 3746 1128 3811 dubium
1143 3767 1150 3810 τ
1165 3745 1220 3809 sed
1233 3749 1368 3828 uterque
1379 3745 1583 3827 opinantium
1594 3746 1640 3810 di-

65 3878 98 3921 »n
119 3862 357 3941 peccavenmt,
369 3859 423 3924 sed
436 3860 540 3924 solum
560 3865 628 3925 erat
646 3862 692 3927 eis
705 3882 810 3946 poena.
867 3857 909 3920 cit
922 3856 1000 3938 quid
1013 3856 1163 3933 dubium,
1178 3854 1255 3937 quia
1276 3853 1365 3918 nulla
1379 3854 1486 3936 opinio
1501 3854 1639 3919 duorum

66 3965 122 4029 ide
135 3965 412 4047 Augustinusttc
428 3964 519 4030 Falsa
528 3985 587 4050 pro
597 3968 682 4033 veris
694 3966 823 4053 appro-'
866 3967 914 4029 est
931 3968 1042 4027 certa:
1060 3980 1139 4044 ergo
1160 3966 1295 4045 uterque
1317 3963 1469 4026 mentitur
1485 3983 1492 4025 ι
1507 3962 1561 4026 sed
1583 3963 1640 4045 qui

65 4091 107 4136 re
122 4089 194 4135 non
210 4075 259 4135 est
279 4075 397 4135 natura
416 4071 557 4137 hominis
578 4074 733 4155 instituti,
757 4079 811 4142 sed
866 4072 1031 4151 mentitur,
1045 4071 1129 4135 circa
1141 4089 1256 4135 verum
1270 4075 1378 4153 peccat
1397 4069 1572 4133 mortaliter
1587 4070 1636 4134 vet

65 4198 126 4244 ena
141 4179 304 4244 damnati.
319 4202 334 4239 r
866 4182 1046 4259 venialiter,
1072 4180 1127 4245 sed
1148 4180 1220 4263 plus
1240 4180 1297 4261 qui
1323 4179 1501 4244 mortaliter
1522 4198 1530 4243 ε
1558 4199 1637 4261 ergo

65 4286 152 4351 ltem
168 4286 411 4370 Hieronymus*
425 4310 433 4352 :
453 4311 469 4349 c
483 4286 573 4367 Quod
587 4289 625 4354 de
638 4289 811 4374 scripturis
865 4293 1000 4371 uterque
1013 4292 1132 4372 peccat.

65 4394 205 4458 ritatem
228 4412 295 4459 non
314 4394 420 4474 hahet,
443 4396 554 4461 eadem
567 4396 714 4462 facilitate
735 4416 810 4462 con·

65 4501 201 4578 nnitur,
217 4519 286 4584 qua
298 4502 472 4584 probatur:
488 4524 504 4563 a
522 4503 577 4568 sed
589 4506 733 4569 notiones
744 4524 810 4570 non
1138 4508 1362 4577 CONCLUSIO.

65 4610 149 4673 bant
168 4609 345 4674 veritatem
358 4629 378 4674 a
396 4610 585 4694 Scripturis,
601 4614 655 4677 sed
668 4613 810 4679 inventae

66 4722 97 4779 rt
109 4735 130 4781 a
144 4716 316 4800 Magistris
330 4740 337 4781 :
352 4735 430 4800 ergo
443 4718 515 4783 licet
528 4720 630 4784 multa
641 4720 684 4784 ihi
698 4722 809 4785 eadem

66 4825 150 4888 ione
167 4828 389 4903 contemnere,
405 4844 468 4908 qua
482 4826 627 4909 probare.

68 4934 145 4994 tem
170 4931 242 4996 hoc
259 4933 384 4997 videtur
405 4933 543 5012 ratione,
558 4935 634 5017 quia
653 4954 809 5001 numerus

65 5038 223 5117 ionum,
250 5044 281 5104 et
293 5040 498 5123 hujusmodi,
522 5061 587 5106 nou
605 5047 682 5107 sunt
695 5043 809 5108 deillis
904 5043 996 5126 Resp.
1018 5044 1058 5108 ad
1079 5043 1158 5124 Arg.
1180 5041 1354 5106 Dicendum
1374 5041 1459 5124 quod
1478 5041 1634 5105 contrarie

93 3251 143 3307 Aa
157 3252 241 3310 liccat
254 3256 389 3311 metrone
402 3256 513 3327 opinari
525 3255 557 3313 de
569 3258 726 3316 notionibus
736 3258 757 3316 ¹.

866 4680 1079 4736 venationibus
1102 4680 1164 4734 ticet
1194 4679 1278 4734 aliter
1300 4679 1411 4750 opinari
1432 4680 1490 4734 uae
1509 4682 1633 4749 peccato,

901 4787 955 4826 non
975 4775 1065 4826 tamen
1082 4784 1213 4840 aneae,
1235 4770 1301 4839 qrctc
1320 4767 1370 4823 adt
1387 4771 1426 4824 est
1440 4770 1633 4841 presumptio,

899 4878 953 4919 non
965 4861 1035 4918 deest
1045 4864 1194 4933 peccatum.

863 5174 911 5221 art.
924 5172 937 5221 5
946 5187 954 5234 ;
969 5170 1054 5234 AEgid.
1066 5170 1151 5231 Rom,
1166 5170 1175 5218 1
1191 5169 1270 5228 Sent,
1286 5168 1345 5217 dist.
1358 5179 1456 5231 xxrw,
1469 5182 1497 5231 p.
1513 5180 1548 5229 ll,
1564 5182 1589 5230 q.
1605 5178 1632 5217 u.

65 5237 130 5285 Non
144 5237 262 5301 placent
273 5239 322 5289 iata
336 5241 416 5304 scot,
432 5255 457 5305 q.
470 5254 494 5305 1,
512 5240 610 5304 Quottb.
620 5243 672 5278 -2
683 5243 724 5305 Cf.
734 5243 806 5293 Alex.
861 5269 893 5281 -
903 5243 997 5305 tang,
1013 5243 1120 5290 notrae.
1134 5240 1178 5289 lib.
1193 5241 1219 5302 l,
1234 5255 1257 5288 c.
1271 5251 1312 5302 ιιι,
1327 5253 1355 5287 n.
1366 5243 1389 5301 5,
1404 5243 1430 5288 ct
1441 5238 1471 5288 dc
1484 5238 1521 5286 lit>
1544 5237 1633 5299 ordin,

66 5308 120 5357 reis
128 5346 139 5372 ,
164 5323 197 5373 p.
215 5311 245 5373 t,
259 5324 285 5375 q.
299 5323 397 5376 utcu,
411 5314 507 5364 memb.
523 5317 546 5376 t,
561 5317 608 5364 art.
619 5316 634 5363 2
642 5329 650 5376 3
665 5316 692 5364 S.
704 5314 806 5377 Thom,
862 5316 906 5365 lih.
918 5317 968 5376 ltl,
984 5332 1006 5362 c.
1018 5325 1098 5374 xvur,
1114 5327 1141 5360 n.
1152 5316 1232 5363 tlh-
1244 5314 1254 5346 ⁸
1264 5313 1424 5376 llicronym,
1439 5326 1514 5375 serpet·
1528 5312 1633 5373 Metti„

67 5416 78 5441 ,
96 5394 128 5443 q.
143 5391 246 5433 xxxin
253 5418 262 5445 ,
276 5388 324 5433 art.
336 5386 350 5433 4
357 5396 367 5445 3
386 5388 411 5434 et
435 5386 441 5435 t
457 5386 536 5446 Sene,
555 5386 614 5436 dist.
629 5396 719 5449 xrru,
740 5400 765 5450 q.
781 5398 806 5451 1,
862 5404 886 5436 c.
898 5398 972 5448 ixei,
987 5386 1014 5434 iu
1025 5383 1329 5447 quictem-tim,
1342 5382 1372 5431 de
1386 5382 1463 5445 Tria,
1478 5400 1499 5432 c.
1514 5393 1533 5435 1.
1657 5441 1662 5451 ‚
