<?xml version="1.0" encoding="UTF-8"?>
<!DOCTYPE html PUBLIC "-//W3C//DTD XHTML 1.0 Transitional//EN"
    "http://www.w3.org/TR/xhtml1/DTD/xhtml1-transitional.dtd">
<html xmlns="http://www.w3.org/1999/xhtml" xml:lang="en" lang="en">
 <head>
  <title>
</title>
<meta http-equiv="Content-Type" content="text/html;charset=utf-8" />
  <meta name='ocr-system' content='tesseract 3.04.00' />
  <meta name='ocr-capabilities' content='ocr_page ocr_carea ocr_par ocr_line ocrx_word'/>
</head>
<body>
  <div class='ocr_page' id='page_1' title='image "./srecardinalissb00peltgoog_0305.png"; bbox 0 0 4100 6300; ppageno 0'>
   <div class='ocr_carea' id='block_1_1' title="bbox 444 504 1680 584">
    <p class='ocr_par' dir='ltr' id='par_1_1' title="bbox 444 504 1680 584">
     <span class='ocr_line' id='line_1_1' title="bbox 444 504 1680 584; baseline -0.004 -11"><span class='ocrx_word' id='word_1_1' title='bbox 444 508 634 576; x_wconf 77' lang='lat' dir='ltr'><strong>ulsrlltur.</strong></span> <span class='ocrx_word' id='word_1_2' title='bbox 654 507 732 573; x_wconf 79' lang='lat' dir='ltr'><strong>vlll.</strong></span> <span class='ocrx_word' id='word_1_3' title='bbox 755 507 874 573; x_wconf 76' lang='lat' dir='ltr'><strong>usar:</strong></span> <span class='ocrx_word' id='word_1_4' title='bbox 896 506 920 573; x_wconf 90' lang='grc' dir='ltr'><strong>Ι.</strong></span> <span class='ocrx_word' id='word_1_5' title='bbox 942 506 1033 572; x_wconf 81' lang='lat' dir='ltr'><strong>ART.</strong></span> <span class='ocrx_word' id='word_1_6' title='bbox 1056 505 1095 571; x_wconf 89' lang='lat' dir='ltr'><strong>ll.</strong></span> <span class='ocrx_word' id='word_1_7' title='bbox 1117 504 1266 584; x_wconf 70' lang='lat' dir='ltr'><strong>Quasi.</strong></span> <span class='ocrx_word' id='word_1_8' title='bbox 1289 504 1328 570; x_wconf 89' lang='lat' dir='ltr'><strong>ll.</strong></span> <span class='ocrx_word' id='word_1_9' title='bbox 1621 508 1680 568; x_wconf 77' lang='lat'><strong>153</strong></span> 
     </span>
    </p>
   </div>
   <div class='ocr_carea' id='block_1_2' title="bbox 29 639 1813 4936">
    <p class='ocr_par' dir='ltr' id='par_1_2' title="bbox 29 639 1813 4936">
     <span class='ocr_line' id='line_1_2' title="bbox 83 639 1681 728; baseline -0.008 -11"><span class='ocrx_word' id='word_1_10' title='bbox 83 645 128 717; x_wconf 85' lang='lat' dir='ltr'><strong>dc</strong></span> <span class='ocrx_word' id='word_1_11' title='bbox 149 643 228 725; x_wconf 85' lang='lat' dir='ltr'><strong>Deo,</strong></span> <span class='ocrx_word' id='word_1_12' title='bbox 244 644 328 728; x_wconf 85' lang='lat' dir='ltr'><strong>quod</strong></span> <span class='ocrx_word' id='word_1_13' title='bbox 345 643 433 712; x_wconf 80' lang='lat' dir='ltr'><strong>solus</strong></span> <span class='ocrx_word' id='word_1_14' title='bbox 451 643 545 712; x_wconf 77' lang='lat' dir='ltr'><strong>babet</strong></span> <span class='ocrx_word' id='word_1_15' title='bbox 568 643 853 712; x_wconf 80' lang='lat' dir='ltr'><strong>immortalitatem.</strong></span> <span class='ocrx_word' id='word_1_16' title='bbox 953 645 984 706; x_wconf 73' lang='lat' dir='ltr'><strong>i.</strong></span> <span class='ocrx_word' id='word_1_17' title='bbox 1001 640 1097 722; x_wconf 89' lang='lat' dir='ltr'><strong>Item,</strong></span> <span class='ocrx_word' id='word_1_18' title='bbox 1111 640 1238 707; x_wconf 89' lang='lat' dir='ltr'><strong>videtur</strong></span> <span class='ocrx_word' id='word_1_19' title='bbox 1256 641 1342 723; x_wconf 89' lang='lat' dir='ltr'><strong>quod</strong></span> <span class='ocrx_word' id='word_1_20' title='bbox 1362 639 1591 707; x_wconf 87' lang='lat' dir='ltr'><strong>invariabilitss</strong></span> <span class='ocrx_word' id='word_1_21' title='bbox 1603 657 1681 704; x_wconf 92' lang='lat' dir='ltr'><strong>con·</strong></span> 
     </span>
     <span class='ocr_line' id='line_1_3' title="bbox 72 748 1679 834; baseline -0.003 -16"><span class='ocrx_word' id='word_1_22' title='bbox 72 752 129 819; x_wconf 83' lang='lat' dir='ltr'><strong>tlt</strong></span> <span class='ocrx_word' id='word_1_23' title='bbox 141 752 361 834; x_wconf 80' lang='lat' dir='ltr'><strong>Augustinus¹</strong></span> <span class='ocrx_word' id='word_1_24' title='bbox 375 751 451 817; x_wconf 91' lang='lat' dir='ltr'><strong>dicit</strong></span> <span class='ocrx_word' id='word_1_25' title='bbox 475 758 587 819; x_wconf 69' lang='lat' dir='ltr'><strong>conda</strong></span> <span class='ocrx_word' id='word_1_26' title='bbox 610 753 853 819; x_wconf 75' lang='lat' dir='ltr'><strong><em>Maximinum:</em></strong></span> <span class='ocrx_word' id='word_1_27' title='bbox 912 750 1020 816; x_wconf 87' lang='lat' dir='ltr'><strong>veniat</strong></span> <span class='ocrx_word' id='word_1_28' title='bbox 1037 750 1157 830; x_wconf 84' lang='lat' dir='ltr'><strong>beatis3</strong></span> <span class='ocrx_word' id='word_1_29' title='bbox 1179 750 1256 833; x_wconf 89' lang='lat' dir='ltr'><strong>quia</strong></span> <span class='ocrx_word' id='word_1_30' title='bbox 1271 749 1329 815; x_wconf 90' lang='lat' dir='ltr'><strong>ubi</strong></span> <span class='ocrx_word' id='word_1_31' title='bbox 1347 749 1484 833; x_wconf 77' lang='lat' dir='ltr'><strong>perfecta</strong></span> <span class='ocrx_word' id='word_1_32' title='bbox 1505 748 1679 825; x_wconf 75' lang='lat' dir='ltr'>beatitudo,</span> 
     </span>
     <span class='ocr_line' id='line_1_4' title="bbox 93 857 1681 943; baseline -0.001 -20"><span class='ocrx_word' id='word_1_33' title='bbox 93 860 157 925; x_wconf 82' lang='lat' dir='ltr'><strong>rln</strong></span> <span class='ocrx_word' id='word_1_34' title='bbox 176 861 266 925; x_wconf 92' lang='lat' dir='ltr'><strong>omni</strong></span> <span class='ocrx_word' id='word_1_35' title='bbox 286 862 408 925; x_wconf 87' lang='lat' dir='ltr'><strong>natura</strong></span> <span class='ocrx_word' id='word_1_36' title='bbox 425 860 571 925; x_wconf 74' lang='lat' dir='ltr'><strong>mutabili</strong></span> <span class='ocrx_word' id='word_1_37' title='bbox 593 861 749 926; x_wconf 87' lang='lat' dir='ltr'><strong>nonnulla</strong></span> <span class='ocrx_word' id='word_1_38' title='bbox 767 878 855 925; x_wconf 85' lang='lat' dir='ltr'><strong>mors</strong></span> <span class='ocrx_word' id='word_1_39' title='bbox 908 859 955 923; x_wconf 88' lang='lat' dir='ltr'><strong>ibi</strong></span> <span class='ocrx_word' id='word_1_40' title='bbox 978 860 1066 925; x_wconf 87' lang='lat' dir='ltr'><strong>nulla</strong></span> <span class='ocrx_word' id='word_1_41' title='bbox 1085 858 1281 943; x_wconf 88' lang='lat' dir='ltr'><strong>deperditio:</strong></span> <span class='ocrx_word' id='word_1_42' title='bbox 1303 863 1335 923; x_wconf 89' lang='lat' dir='ltr'><strong>et</strong></span> <span class='ocrx_word' id='word_1_43' title='bbox 1348 859 1403 923; x_wconf 89' lang='lat' dir='ltr'><strong>nbi</strong></span> <span class='ocrx_word' id='word_1_44' title='bbox 1417 858 1487 922; x_wconf 82' lang='lat' dir='ltr'><strong>brec</strong></span> <span class='ocrx_word' id='word_1_45' title='bbox 1498 906 1507 938; x_wconf 95' lang='lat'><strong>,</strong></span> <span class='ocrx_word' id='word_1_46' title='bbox 1520 857 1610 921; x_wconf 89' lang='lat' dir='ltr'><strong>nulla</strong></span> <span class='ocrx_word' id='word_1_47' title='bbox 1622 875 1681 922; x_wconf 89' lang='lat' dir='ltr'><strong>va-</strong></span> 
     </span>
     <span class='ocr_line' id='line_1_5' title="bbox 87 965 1079 1051; baseline -0.004 -18"><span class='ocrx_word' id='word_1_48' title='bbox 87 971 133 1033; x_wconf 89' lang='lat' dir='ltr'><strong>est</strong></span> <span class='ocrx_word' id='word_1_49' title='bbox 145 969 214 1051; x_wconf 88' lang='lat' dir='ltr'><strong>ipsa</strong></span> <span class='ocrx_word' id='word_1_50' title='bbox 227 968 401 1033; x_wconf 71' lang='lat' dir='ltr'><strong>mutatio.»</strong></span> <span class='ocrx_word' id='word_1_51' title='bbox 418 968 516 1051; x_wconf 79' lang='lat' dir='ltr'><strong>Ergo,</strong></span> <span class='ocrx_word' id='word_1_52' title='bbox 531 968 558 1033; x_wconf 92' lang='lat' dir='ltr'><strong>si</strong></span> <span class='ocrx_word' id='word_1_53' title='bbox 569 968 655 1033; x_wconf 92' lang='lat' dir='ltr'><strong>solus</strong></span> <span class='ocrx_word' id='word_1_54' title='bbox 665 967 749 1033; x_wconf 89' lang='lat' dir='ltr'><strong>Deus</strong></span> <span class='ocrx_word' id='word_1_55' title='bbox 759 969 856 1033; x_wconf 88' lang='lat' dir='ltr'><strong>babet</strong></span> <span class='ocrx_word' id='word_1_56' title='bbox 911 965 1006 1031; x_wconf 87' lang='lat' dir='ltr'><strong>riatio</strong></span> <span class='ocrx_word' id='word_1_57' title='bbox 1020 969 1079 1030; x_wconf 89' lang='lat' dir='ltr'><strong>est.</strong></span> 
     </span>
     <span class='ocr_line' id='line_1_6' title="bbox 87 1072 1681 1156; baseline -0.002 -16"><span class='ocrx_word' id='word_1_58' title='bbox 87 1075 373 1156; x_wconf 87' lang='lat' dir='ltr'><strong>immortalitatem,</strong></span> <span class='ocrx_word' id='word_1_59' title='bbox 394 1075 481 1141; x_wconf 91' lang='lat' dir='ltr'><strong>solus</strong></span> <span class='ocrx_word' id='word_1_60' title='bbox 499 1076 596 1141; x_wconf 90' lang='lat' dir='ltr'><strong>habet</strong></span> <span class='ocrx_word' id='word_1_61' title='bbox 611 1076 854 1142; x_wconf 86' lang='lat' dir='ltr'><strong>immutabilita·</strong></span> <span class='ocrx_word' id='word_1_62' title='bbox 948 1077 978 1138; x_wconf 87' lang='grc'><strong>3.</strong></span> <span class='ocrx_word' id='word_1_63' title='bbox 1003 1072 1104 1154; x_wconf 89' lang='lat' dir='ltr'><strong>ltem,</strong></span> <span class='ocrx_word' id='word_1_64' title='bbox 1124 1073 1259 1141; x_wconf 80' lang='lat' dir='ltr'><strong>variatio</strong></span> <span class='ocrx_word' id='word_1_65' title='bbox 1279 1074 1469 1149; x_wconf 87' lang='lat' dir='ltr'><strong>attenditur,</strong></span> <span class='ocrx_word' id='word_1_66' title='bbox 1497 1072 1580 1136; x_wconf 89' lang='lat' dir='ltr'><strong>siout</strong></span> <span class='ocrx_word' id='word_1_67' title='bbox 1605 1073 1681 1138; x_wconf 92' lang='lat' dir='ltr'><strong>dicit</strong></span> 
     </span>
     <span class='ocr_line' id='line_1_7' title="bbox 87 1182 1681 1266; baseline -0.003 -16"><span class='ocrx_word' id='word_1_68' title='bbox 87 1191 159 1251; x_wconf 91' lang='lat' dir='ltr'><strong>tem.</strong></span> <span class='ocrx_word' id='word_1_69' title='bbox 906 1182 1230 1266; x_wconf 74' lang='lat' dir='ltr'><strong>Augustinm⁸super</strong></span> <span class='ocrx_word' id='word_1_70' title='bbox 1246 1182 1681 1263; x_wconf 56' lang='lat' dir='ltr'><strong>macedonianam</strong></span> 
     </span>
     <span class='ocr_line' id='line_1_8' title="bbox 123 1291 1676 1373; baseline -0.001 -17"><span class='ocrx_word' id='word_1_71' title='bbox 123 1292 221 1372; x_wconf 89' lang='lat' dir='ltr'><strong>ltem,</strong></span> <span class='ocrx_word' id='word_1_72' title='bbox 243 1309 339 1359; x_wconf 87' lang='lat' dir='ltr'><strong>omne</strong></span> <span class='ocrx_word' id='word_1_73' title='bbox 367 1291 514 1358; x_wconf 79' lang='lat' dir='ltr'><strong>vertibile</strong></span> <span class='ocrx_word' id='word_1_74' title='bbox 537 1296 585 1356; x_wconf 91' lang='lat' dir='ltr'><strong>est</strong></span> <span class='ocrx_word' id='word_1_75' title='bbox 605 1291 759 1357; x_wconf 88' lang='lat' dir='ltr'><strong>mutabile</strong></span> <span class='ocrx_word' id='word_1_76' title='bbox 775 1312 783 1357; x_wconf 74' lang='grc' dir='ltr'><strong>ε</strong></span> <span class='ocrx_word' id='word_1_77' title='bbox 799 1291 854 1357; x_wconf 86' lang='lat' dir='ltr'><strong>sed</strong></span> <span class='ocrx_word' id='word_1_78' title='bbox 907 1291 1084 1356; x_wconf 91' lang='lat' dir='ltr'><strong>secundnm</strong></span> <span class='ocrx_word' id='word_1_79' title='bbox 1103 1291 1231 1372; x_wconf 90' lang='lat' dir='ltr'><strong>locum,</strong></span> <span class='ocrx_word' id='word_1_80' title='bbox 1246 1296 1303 1357; x_wconf 91' lang='lat' dir='ltr'><strong>aut</strong></span> <span class='ocrx_word' id='word_1_81' title='bbox 1319 1291 1499 1356; x_wconf 89' lang='lat' dir='ltr'><strong>secundum</strong></span> <span class='ocrx_word' id='word_1_82' title='bbox 1521 1294 1676 1373; x_wconf 84' lang='lat' dir='ltr'><strong>tempus:</strong></span> 
     </span>
     <span class='ocr_line' id='line_1_9' title="bbox 83 1397 1677 1491; baseline -0.001 -26"><span class='ocrx_word' id='word_1_83' title='bbox 83 1400 187 1465; x_wconf 89' lang='lat' dir='ltr'><strong>omnis</strong></span> <span class='ocrx_word' id='word_1_84' title='bbox 203 1403 351 1489; x_wconf 86' lang='lat' dir='ltr'><strong>creatura</strong></span> <span class='ocrx_word' id='word_1_85' title='bbox 372 1403 420 1465; x_wconf 91' lang='grc' dir='ltr'><strong>εει</strong></span> <span class='ocrx_word' id='word_1_86' title='bbox 435 1398 609 1479; x_wconf 89' lang='lat' dir='ltr'><strong>vertibilis;</strong></span> <span class='ocrx_word' id='word_1_87' title='bbox 625 1400 710 1465; x_wconf 87' lang='lat' dir='ltr'><strong>unde</strong></span> <span class='ocrx_word' id='word_1_88' title='bbox 722 1399 854 1465; x_wconf 86' lang='lat' dir='ltr'><strong>Damas·</strong></span> <span class='ocrx_word' id='word_1_89' title='bbox 908 1398 963 1463; x_wconf 88' lang='lat' dir='ltr'><strong>sed</strong></span> <span class='ocrx_word' id='word_1_90' title='bbox 977 1399 1086 1491; x_wconf 84' lang='lat' dir='ltr'><strong>aliqua</strong></span> <span class='ocrx_word' id='word_1_91' title='bbox 1105 1404 1250 1464; x_wconf 87' lang='lat' dir='ltr'><strong>creatura</strong></span> <span class='ocrx_word' id='word_1_92' title='bbox 1271 1404 1357 1464; x_wconf 88' lang='lat' dir='ltr'><strong>caret</strong></span> <span class='ocrx_word' id='word_1_93' title='bbox 1377 1399 1588 1464; x_wconf 81' lang='lat' dir='ltr'><strong>determinato</strong></span> <span class='ocrx_word' id='word_1_94' title='bbox 1607 1397 1677 1463; x_wconf 90' lang='lat' dir='ltr'><strong>loco</strong></span> 
     </span>
     <span class='ocr_line' id='line_1_10' title="bbox 86 1506 1680 1593; baseline -0.001 -21"><span class='ocrx_word' id='word_1_95' title='bbox 86 1516 220 1573; x_wconf 77' lang='lat' dir='ltr'><strong>tenus’:</strong></span> <span class='ocrx_word' id='word_1_96' title='bbox 239 1506 370 1574; x_wconf 73' lang='lat' dir='ltr'><strong>«Omne</strong></span> <span class='ocrx_word' id='word_1_97' title='bbox 392 1508 478 1591; x_wconf 88' lang='lat' dir='ltr'><strong>quod</strong></span> <span class='ocrx_word' id='word_1_98' title='bbox 491 1508 667 1574; x_wconf 81' lang='lat' dir='ltr'><strong>aversione</strong></span> <span class='ocrx_word' id='word_1_99' title='bbox 682 1509 804 1593; x_wconf 83' lang='lat' dir='ltr'><strong>incipit,</strong></span> <span class='ocrx_word' id='word_1_100' title='bbox 819 1509 853 1573; x_wconf 94' lang='lat' dir='ltr'><strong>in</strong></span> <span class='ocrx_word' id='word_1_101' title='bbox 908 1510 940 1570; x_wconf 91' lang='lat' dir='ltr'><strong>et</strong></span> <span class='ocrx_word' id='word_1_102' title='bbox 953 1510 1108 1589; x_wconf 88' lang='lat' dir='ltr'><strong>tempore,</strong></span> <span class='ocrx_word' id='word_1_103' title='bbox 1124 1511 1163 1570; x_wconf 91' lang='lat' dir='ltr'><strong>ut</strong></span> <span class='ocrx_word' id='word_1_104' title='bbox 1180 1509 1376 1588; x_wconf 88' lang='lat' dir='ltr'><strong>universale,</strong></span> <span class='ocrx_word' id='word_1_105' title='bbox 1399 1507 1485 1591; x_wconf 79' lang='lat' dir='ltr'><strong>quod</strong></span> <span class='ocrx_word' id='word_1_106' title='bbox 1497 1511 1545 1572; x_wconf 88' lang='lat' dir='ltr'><strong>est</strong></span> <span class='ocrx_word' id='word_1_107' title='bbox 1554 1524 1680 1590; x_wconf 80' lang='lat' dir='ltr'><strong>semper</strong></span> 
     </span>
     <span class='ocr_line' id='line_1_11' title="bbox 36 1614 1678 1700; baseline -0.001 -19"><span class='ocrx_word' id='word_1_108' title='bbox 36 1684 44 1696; x_wconf 67' lang='lat'>‚</span> <span class='ocrx_word' id='word_1_109' title='bbox 86 1616 263 1681; x_wconf 86' lang='lat' dir='ltr'><strong>versionem</strong></span> <span class='ocrx_word' id='word_1_110' title='bbox 276 1615 411 1696; x_wconf 72' lang='lat' dir='ltr'><strong>tendito</strong></span> <span class='ocrx_word' id='word_1_111' title='bbox 428 1618 487 1681; x_wconf 89' lang='lat' dir='ltr'><strong>etc.</strong></span> <span class='ocrx_word' id='word_1_112' title='bbox 907 1617 939 1677; x_wconf 89' lang='grc' dir='ltr'><strong>ει</strong></span> <span class='ocrx_word' id='word_1_113' title='bbox 956 1614 1093 1698; x_wconf 89' lang='lat' dir='ltr'><strong>ubique,</strong></span> <span class='ocrx_word' id='word_1_114' title='bbox 1115 1620 1147 1680; x_wconf 87' lang='lat' dir='ltr'><strong>ot</strong></span> <span class='ocrx_word' id='word_1_115' title='bbox 1165 1616 1284 1681; x_wconf 85' lang='lat' dir='ltr'><strong>ooelum</strong></span> <span class='ocrx_word' id='word_1_116' title='bbox 1304 1634 1514 1700; x_wconf 88' lang='lat' dir='ltr'><strong>empyreum,</strong></span> <span class='ocrx_word' id='word_1_117' title='bbox 1532 1615 1618 1698; x_wconf 85' lang='lat' dir='ltr'><strong>quod</strong></span> <span class='ocrx_word' id='word_1_118' title='bbox 1630 1620 1678 1680; x_wconf 90' lang='lat' dir='ltr'><strong>est</strong></span> 
     </span>
     <span class='ocr_line' id='line_1_12' title="bbox 124 1723 1500 1810; baseline 0.003 -23"><span class='ocrx_word' id='word_1_119' title='bbox 124 1723 200 1789; x_wconf 91' lang='lat' dir='ltr'><strong>ltem</strong></span> <span class='ocrx_word' id='word_1_120' title='bbox 211 1772 220 1804; x_wconf 94' lang='lat'><strong>,</strong></span> <span class='ocrx_word' id='word_1_121' title='bbox 233 1742 331 1789; x_wconf 91' lang='lat' dir='ltr'><strong>omne</strong></span> <span class='ocrx_word' id='word_1_122' title='bbox 345 1724 449 1807; x_wconf 88' lang='lat' dir='ltr'><strong>quod,</strong></span> <span class='ocrx_word' id='word_1_123' title='bbox 465 1725 525 1789; x_wconf 89' lang='lat' dir='ltr'><strong>sibi</strong></span> <span class='ocrx_word' id='word_1_124' title='bbox 537 1725 695 1806; x_wconf 90' lang='lat' dir='ltr'><strong>relictum,</strong></span> <span class='ocrx_word' id='word_1_125' title='bbox 710 1726 744 1790; x_wconf 91' lang='lat' dir='ltr'><strong>in</strong></span> <span class='ocrx_word' id='word_1_126' title='bbox 765 1725 852 1790; x_wconf 88' lang='lat' dir='ltr'><strong>nibi-</strong></span> <span class='ocrx_word' id='word_1_127' title='bbox 907 1731 999 1791; x_wconf 86' lang='lat' dir='ltr'><strong>extra</strong></span> <span class='ocrx_word' id='word_1_128' title='bbox 1008 1732 1137 1810; x_wconf 89' lang='lat' dir='ltr'><strong>tempus</strong></span> <span class='ocrx_word' id='word_1_129' title='bbox 1147 1733 1179 1793; x_wconf 93' lang='grc' dir='ltr'><strong>ει</strong></span> <span class='ocrx_word' id='word_1_130' title='bbox 1191 1728 1296 1793; x_wconf 89' lang='lat' dir='ltr'><strong>locum</strong></span> <span class='ocrx_word' id='word_1_131' title='bbox 1312 1752 1319 1793; x_wconf 89' lang='lat'>:</span> <span class='ocrx_word' id='word_1_132' title='bbox 1336 1747 1427 1810; x_wconf 85' lang='lat' dir='ltr'><strong>ergo,</strong></span> <span class='ocrx_word' id='word_1_133' title='bbox 1440 1731 1500 1792; x_wconf 88' lang='lat' dir='ltr'><strong>etc.</strong></span> 
     </span>
     <span class='ocr_line' id='line_1_13' title="bbox 81 1832 1677 1916; baseline -0.001 -17"><span class='ocrx_word' id='word_1_134' title='bbox 81 1834 151 1900; x_wconf 92' lang='lat' dir='ltr'><strong>lum</strong></span> <span class='ocrx_word' id='word_1_135' title='bbox 161 1832 253 1913; x_wconf 87' lang='lat' dir='ltr'><strong>cedit,</strong></span> <span class='ocrx_word' id='word_1_136' title='bbox 271 1838 429 1916; x_wconf 88' lang='lat' dir='ltr'><strong>quantum</strong></span> <span class='ocrx_word' id='word_1_137' title='bbox 440 1838 489 1898; x_wconf 82' lang='lat' dir='ltr'><strong>est</strong></span> <span class='ocrx_word' id='word_1_138' title='bbox 501 1834 539 1900; x_wconf 90' lang='lat' dir='ltr'><strong>de</strong></span> <span class='ocrx_word' id='word_1_139' title='bbox 554 1853 603 1911; x_wconf 93' lang='lat' dir='ltr'><strong>se,</strong></span> <span class='ocrx_word' id='word_1_140' title='bbox 617 1837 665 1898; x_wconf 89' lang='lat' dir='ltr'><strong>est</strong></span> <span class='ocrx_word' id='word_1_141' title='bbox 680 1835 849 1900; x_wconf 88' lang='lat' dir='ltr'><strong>mutabile:</strong></span> <span class='ocrx_word' id='word_1_142' title='bbox 947 1839 978 1898; x_wconf 77' lang='lat' dir='ltr'><strong>t.</strong></span> <span class='ocrx_word' id='word_1_143' title='bbox 996 1833 1094 1914; x_wconf 88' lang='lat' dir='ltr'><strong>Item,</strong></span> <span class='ocrx_word' id='word_1_144' title='bbox 1117 1836 1145 1899; x_wconf 89' lang='lat' dir='ltr'><strong>si</strong></span> <span class='ocrx_word' id='word_1_145' title='bbox 1166 1836 1407 1901; x_wconf 85' lang='lat' dir='ltr'><strong>immutabilitas</strong></span> <span class='ocrx_word' id='word_1_146' title='bbox 1425 1836 1549 1900; x_wconf 89' lang='lat' dir='ltr'><strong>dicatur</strong></span> <span class='ocrx_word' id='word_1_147' title='bbox 1570 1836 1677 1899; x_wconf 90' lang='lat' dir='ltr'><strong>incor-</strong></span> 
     </span>
     <span class='ocr_line' id='line_1_14' title="bbox 84 1939 1679 2024; baseline 0.001 -20"><span class='ocrx_word' id='word_1_148' title='bbox 84 1940 136 2004; x_wconf 90' lang='lat' dir='ltr'><strong>sed</strong></span> <span class='ocrx_word' id='word_1_149' title='bbox 159 1939 265 2005; x_wconf 90' lang='lat' dir='ltr'><strong>omnis</strong></span> <span class='ocrx_word' id='word_1_150' title='bbox 290 1944 436 2005; x_wconf 86' lang='lat' dir='ltr'><strong>creatura</strong></span> <span class='ocrx_word' id='word_1_151' title='bbox 465 1945 513 2006; x_wconf 90' lang='lat' dir='ltr'><strong>est</strong></span> <span class='ocrx_word' id='word_1_152' title='bbox 535 1941 742 2024; x_wconf 89' lang='lat' dir='ltr'><strong>hujusmodi;</strong></span> <span class='ocrx_word' id='word_1_153' title='bbox 767 1942 852 2007; x_wconf 90' lang='lat' dir='ltr'><strong>unde</strong></span> <span class='ocrx_word' id='word_1_154' title='bbox 905 1941 1114 2023; x_wconf 89' lang='lat' dir='ltr'><strong>ruptibilitas,</strong></span> <span class='ocrx_word' id='word_1_155' title='bbox 1138 1942 1224 2007; x_wconf 89' lang='lat' dir='ltr'><strong>idem</strong></span> <span class='ocrx_word' id='word_1_156' title='bbox 1250 1945 1446 2022; x_wconf 86' lang='lat' dir='ltr'><strong>ostenditnr;</strong></span> <span class='ocrx_word' id='word_1_157' title='bbox 1474 1961 1552 2007; x_wconf 89' lang='lat' dir='ltr'><strong>nam</strong></span> <span class='ocrx_word' id='word_1_158' title='bbox 1574 1942 1679 2007; x_wconf 92' lang='lat' dir='ltr'><strong>omnis</strong></span> 
     </span>
     <span class='ocr_line' id='line_1_15' title="bbox 79 2047 1676 2132; baseline 0.002 -21"><span class='ocrx_word' id='word_1_159' title='bbox 79 2047 253 2129; x_wconf 81' lang='lat' dir='ltr'><strong>-Grcgorlus</strong></span> <span class='ocrx_word' id='word_1_160' title='bbox 280 2053 293 2088; x_wconf 81' lang='lat'>⁸</span> <span class='ocrx_word' id='word_1_161' title='bbox 316 2069 324 2110; x_wconf 92' lang='lat'>:</span> <span class='ocrx_word' id='word_1_162' title='bbox 353 2069 369 2108; x_wconf 81' lang='lat' dir='ltr'><strong>r</strong></span> <span class='ocrx_word' id='word_1_163' title='bbox 389 2047 508 2112; x_wconf 85' lang='lat' dir='ltr'><strong>Cuncta</strong></span> <span class='ocrx_word' id='word_1_164' title='bbox 530 2047 565 2111; x_wconf 92' lang='lat' dir='ltr'><strong>in</strong></span> <span class='ocrx_word' id='word_1_165' title='bbox 581 2047 720 2112; x_wconf 91' lang='lat' dir='ltr'><strong>nihilum</strong></span> <span class='ocrx_word' id='word_1_166' title='bbox 741 2048 852 2113; x_wconf 87' lang='lat' dir='ltr'><strong>tende·</strong></span> <span class='ocrx_word' id='word_1_167' title='bbox 905 2049 1068 2132; x_wconf 84' lang='lat' dir='ltr'><strong>corruptio</strong></span> <span class='ocrx_word' id='word_1_168' title='bbox 1093 2050 1250 2115; x_wconf 87' lang='lat' dir='ltr'><strong>naturalis</strong></span> <span class='ocrx_word' id='word_1_169' title='bbox 1271 2052 1361 2116; x_wconf 92' lang='lat' dir='ltr'><strong>venit</strong></span> <span class='ocrx_word' id='word_1_170' title='bbox 1377 2069 1420 2115; x_wconf 83' lang='lat' dir='ltr'><strong>ex</strong></span> <span class='ocrx_word' id='word_1_171' title='bbox 1436 2050 1676 2131; x_wconf 80' lang='lat' dir='ltr'><strong>conuarietste,</strong></span> 
     </span>
     <span class='ocr_line' id='line_1_16' title="bbox 85 2154 1679 2240; baseline 0.003 -20"><span class='ocrx_word' id='word_1_172' title='bbox 85 2160 161 2235; x_wconf 88' lang='lat' dir='ltr'><strong>rent,</strong></span> <span class='ocrx_word' id='word_1_173' title='bbox 176 2154 239 2219; x_wconf 88' lang='lat' dir='ltr'><strong>nisi</strong></span> <span class='ocrx_word' id='word_1_174' title='bbox 256 2173 375 2221; x_wconf 90' lang='lat' dir='ltr'><strong>manus</strong></span> <span class='ocrx_word' id='word_1_175' title='bbox 389 2154 563 2221; x_wconf 73' lang='lat' dir='ltr'><strong>conditoris</strong></span> <span class='ocrx_word' id='word_1_176' title='bbox 584 2174 623 2220; x_wconf 87' lang='lat' dir='ltr'><strong>ca</strong></span> <span class='ocrx_word' id='word_1_177' title='bbox 638 2155 789 2221; x_wconf 88' lang='lat' dir='ltr'><strong>retineret</strong></span> <span class='ocrx_word' id='word_1_178' title='bbox 806 2178 846 2221; x_wconf 79' lang='lat' dir='ltr'><strong>:o</strong></span> <span class='ocrx_word' id='word_1_179' title='bbox 905 2155 986 2220; x_wconf 89' lang='lat' dir='ltr'><strong>sicut</strong></span> <span class='ocrx_word' id='word_1_180' title='bbox 998 2155 1073 2219; x_wconf 89' lang='lat' dir='ltr'><strong>dicit</strong></span> <span class='ocrx_word' id='word_1_181' title='bbox 1087 2154 1298 2240; x_wconf 86' lang='lat' dir='ltr'><strong>Philosophus</strong></span> <span class='ocrx_word' id='word_1_182' title='bbox 1310 2158 1322 2193; x_wconf 77' lang='lat'>⁸</span> <span class='ocrx_word' id='word_1_183' title='bbox 1334 2157 1369 2221; x_wconf 92' lang='lat' dir='ltr'><strong>in</strong></span> <span class='ocrx_word' id='word_1_184' title='bbox 1381 2157 1463 2222; x_wconf 88' lang='lat' dir='ltr'><strong>libro</strong></span> <span class='ocrx_word' id='word_1_185' title='bbox 1479 2157 1519 2223; x_wconf 80' lang='lat' dir='ltr'><strong>de</strong></span> <span class='ocrx_word' id='word_1_186' title='bbox 1537 2157 1638 2224; x_wconf 79' lang='lat' dir='ltr'><strong>Morta</strong></span> <span class='ocrx_word' id='word_1_187' title='bbox 1649 2164 1679 2224; x_wconf 82' lang='lat' dir='ltr'><strong>et</strong></span> 
     </span>
     <span class='ocr_line' id='line_1_17' title="bbox 86 2262 1678 2344; baseline 0.001 -17"><span class='ocrx_word' id='word_1_188' title='bbox 86 2268 243 2344; x_wconf 72' lang='lat' dir='ltr'><strong>ergoetc.</strong></span> <span class='ocrx_word' id='word_1_189' title='bbox 317 2316 319 2320; x_wconf 67' lang='grc'>,</span> <span class='ocrx_word' id='word_1_190' title='bbox 909 2262 1072 2329; x_wconf 81' lang='lat' dir='ltr'><strong>Vita:sed</strong></span> <span class='ocrx_word' id='word_1_191' title='bbox 1091 2265 1201 2328; x_wconf 78' lang='lat' dir='ltr'><strong>mrrltae</strong></span> <span class='ocrx_word' id='word_1_192' title='bbox 1214 2269 1368 2329; x_wconf 74' lang='lat' dir='ltr'><strong>creatura</strong></span> <span class='ocrx_word' id='word_1_193' title='bbox 1383 2264 1678 2329; x_wconf 87' lang='lat' dir='ltr'><strong>carentoontrarie-</strong></span> 
     </span>
     <span class='ocr_line' id='line_1_18' title="bbox 122 2354 1419 2455; baseline 0.001 -20"><span class='ocrx_word' id='word_1_194' title='bbox 122 2370 210 2450; x_wconf 90' lang='lat' dir='ltr'><strong>ltem,</strong></span> <span class='ocrx_word' id='word_1_195' title='bbox 223 2370 510 2437; x_wconf 87' lang='lat' dir='ltr'><strong>nullumeccidens</strong></span> <span class='ocrx_word' id='word_1_196' title='bbox 524 2371 611 2436; x_wconf 89' lang='lat' dir='ltr'><strong>dese</strong></span> <span class='ocrx_word' id='word_1_197' title='bbox 621 2371 718 2437; x_wconf 86' lang='lat' dir='ltr'><strong>habet</strong></span> <span class='ocrx_word' id='word_1_198' title='bbox 730 2354 851 2437; x_wconf 88' lang='lat' dir='ltr'><strong>stabili-</strong></span> <span class='ocrx_word' id='word_1_199' title='bbox 904 2373 968 2435; x_wconf 89' lang='grc' dir='ltr'><strong>ιειε</strong></span> <span class='ocrx_word' id='word_1_200' title='bbox 983 2388 992 2433; x_wconf 88' lang='lat'>:</span> <span class='ocrx_word' id='word_1_201' title='bbox 1007 2388 1087 2452; x_wconf 80' lang='lat' dir='ltr'><strong>ergo</strong></span> <span class='ocrx_word' id='word_1_202' title='bbox 1101 2374 1133 2435; x_wconf 91' lang='lat' dir='ltr'><strong>et</strong></span> <span class='ocrx_word' id='word_1_203' title='bbox 1145 2372 1419 2455; x_wconf 83' lang='lat' dir='ltr'><strong>corruptibilitate.</strong></span> 
     </span>
     <span class='ocr_line' id='line_1_19' title="bbox 84 2474 1675 2563; baseline 0.001 -20"><span class='ocrx_word' id='word_1_204' title='bbox 84 2485 176 2544; x_wconf 87' lang='lat' dir='ltr'><strong>tatem</strong></span> <span class='ocrx_word' id='word_1_205' title='bbox 190 2502 198 2543; x_wconf 75' lang='grc' dir='ltr'><strong>ι</strong></span> <span class='ocrx_word' id='word_1_206' title='bbox 210 2478 266 2544; x_wconf 86' lang='lat' dir='ltr'><strong>sed</strong></span> <span class='ocrx_word' id='word_1_207' title='bbox 277 2497 346 2544; x_wconf 89' lang='lat' dir='ltr'><strong>esse</strong></span> <span class='ocrx_word' id='word_1_208' title='bbox 359 2478 450 2544; x_wconf 90' lang='lat' dir='ltr'><strong>omni</strong></span> <span class='ocrx_word' id='word_1_209' title='bbox 462 2481 617 2544; x_wconf 80' lang='lat' dir='ltr'><strong>creatrrrae</strong></span> <span class='ocrx_word' id='word_1_210' title='bbox 632 2479 755 2560; x_wconf 87' lang='lat' dir='ltr'><strong>accidit,</strong></span> <span class='ocrx_word' id='word_1_211' title='bbox 770 2481 852 2545; x_wconf 91' lang='lat' dir='ltr'><strong>sicut</strong></span> <span class='ocrx_word' id='word_1_212' title='bbox 944 2478 974 2540; x_wconf 82' lang='lat' dir='ltr'><strong>t.</strong></span> <span class='ocrx_word' id='word_1_213' title='bbox 999 2474 1105 2554; x_wconf 84' lang='lat' dir='ltr'><strong>ltsm,</strong></span> <span class='ocrx_word' id='word_1_214' title='bbox 1118 2477 1224 2541; x_wconf 88' lang='lat' dir='ltr'><strong>omnis</strong></span> <span class='ocrx_word' id='word_1_215' title='bbox 1247 2478 1409 2563; x_wconf 91' lang='lat' dir='ltr'><strong>corruptio</strong></span> <span class='ocrx_word' id='word_1_216' title='bbox 1427 2483 1476 2544; x_wconf 89' lang='lat' dir='ltr'><strong>est</strong></span> <span class='ocrx_word' id='word_1_217' title='bbox 1496 2479 1531 2543; x_wconf 92' lang='lat' dir='ltr'><strong>in</strong></span> <span class='ocrx_word' id='word_1_218' title='bbox 1554 2480 1675 2563; x_wconf 87' lang='lat' dir='ltr'><strong>aliquid</strong></span> 
     </span>
     <span class='ocr_line' id='line_1_20' title="bbox 84 2583 1676 2672; baseline 0.001 -20"><span class='ocrx_word' id='word_1_219' title='bbox 84 2588 152 2653; x_wconf 88' lang='lat' dir='ltr'><strong>dicit</strong></span> <span class='ocrx_word' id='word_1_220' title='bbox 164 2587 311 2653; x_wconf 81' lang='lat' dir='ltr'><strong>Hilarius</strong></span> <span class='ocrx_word' id='word_1_221' title='bbox 320 2591 343 2668; x_wconf 77' lang='lat'><strong>⁸,</strong></span> <span class='ocrx_word' id='word_1_222' title='bbox 355 2590 386 2651; x_wconf 91' lang='lat' dir='ltr'><strong>et</strong></span> <span class='ocrx_word' id='word_1_223' title='bbox 398 2586 536 2652; x_wconf 88' lang='lat' dir='ltr'><strong>habetur</strong></span> <span class='ocrx_word' id='word_1_224' title='bbox 548 2586 584 2651; x_wconf 90' lang='lat' dir='ltr'><strong>in</strong></span> <span class='ocrx_word' id='word_1_225' title='bbox 596 2587 710 2667; x_wconf 89' lang='lat' dir='ltr'><strong>littera,</strong></span> <span class='ocrx_word' id='word_1_226' title='bbox 721 2588 798 2671; x_wconf 86' lang='lat' dir='ltr'><strong>quis</strong></span> <span class='ocrx_word' id='word_1_227' title='bbox 810 2589 851 2654; x_wconf 88' lang='lat' dir='ltr'><strong>ab</strong></span> <span class='ocrx_word' id='word_1_228' title='bbox 903 2583 993 2666; x_wconf 88' lang='lat' dir='ltr'><strong>prius</strong></span> <span class='ocrx_word' id='word_1_229' title='bbox 1006 2601 1059 2662; x_wconf 86' lang='lat' dir='ltr'><strong>se,</strong></span> <span class='ocrx_word' id='word_1_230' title='bbox 1076 2584 1153 2668; x_wconf 83' lang='lat' dir='ltr'><strong>qrria</strong></span> <span class='ocrx_word' id='word_1_231' title='bbox 1165 2587 1328 2670; x_wconf 85' lang='lat' dir='ltr'><strong>corruptio</strong></span> <span class='ocrx_word' id='word_1_232' title='bbox 1340 2587 1495 2652; x_wconf 84' lang='lat' dir='ltr'><strong>naturabs</strong></span> <span class='ocrx_word' id='word_1_233' title='bbox 1507 2587 1543 2651; x_wconf 92' lang='lat' dir='ltr'><strong>in</strong></span> <span class='ocrx_word' id='word_1_234' title='bbox 1555 2587 1676 2672; x_wconf 85' lang='lat' dir='ltr'><strong>aliquid</strong></span> 
     </span>
     <span class='ocr_line' id='line_1_21' title="bbox 84 2691 1675 2780; baseline 0.001 -21"><span class='ocrx_word' id='word_1_235' title='bbox 84 2696 142 2760; x_wconf 84' lang='lat' dir='ltr'><strong>alio</strong></span> <span class='ocrx_word' id='word_1_236' title='bbox 158 2696 270 2761; x_wconf 88' lang='lat' dir='ltr'><strong>veuit:</strong></span> <span class='ocrx_word' id='word_1_237' title='bbox 287 2713 368 2777; x_wconf 78' lang='lat' dir='ltr'><strong>ergo</strong></span> <span class='ocrx_word' id='word_1_238' title='bbox 388 2695 496 2759; x_wconf 89' lang='lat' dir='ltr'><strong>omnis</strong></span> <span class='ocrx_word' id='word_1_239' title='bbox 515 2699 676 2776; x_wconf 88' lang='lat' dir='ltr'><strong>creatura,</strong></span> <span class='ocrx_word' id='word_1_240' title='bbox 691 2701 850 2779; x_wconf 85' lang='lat' dir='ltr'><strong>quantum</strong></span> <span class='ocrx_word' id='word_1_241' title='bbox 902 2693 973 2755; x_wconf 90' lang='lat' dir='ltr'><strong>est:</strong></span> <span class='ocrx_word' id='word_1_242' title='bbox 989 2691 1045 2756; x_wconf 88' lang='lat' dir='ltr'><strong>sed</strong></span> <span class='ocrx_word' id='word_1_243' title='bbox 1057 2692 1215 2776; x_wconf 89' lang='lat' dir='ltr'><strong>principia</strong></span> <span class='ocrx_word' id='word_1_244' title='bbox 1227 2711 1294 2758; x_wconf 88' lang='lat' dir='ltr'><strong>nou</strong></span> <span class='ocrx_word' id='word_1_245' title='bbox 1307 2694 1426 2759; x_wconf 87' lang='lat' dir='ltr'><strong>babent</strong></span> <span class='ocrx_word' id='word_1_246' title='bbox 1437 2695 1560 2778; x_wconf 89' lang='lat' dir='ltr'><strong>aliquid</strong></span> <span class='ocrx_word' id='word_1_247' title='bbox 1574 2697 1675 2780; x_wconf 88' lang='lat' dir='ltr'><strong>prius,</strong></span> 
     </span>
     <span class='ocr_line' id='line_1_22' title="bbox 82 2799 1674 2885; baseline 0 -17"><span class='ocrx_word' id='word_1_248' title='bbox 82 2802 120 2868; x_wconf 72' lang='lat' dir='ltr'><strong>vad</strong></span> <span class='ocrx_word' id='word_1_249' title='bbox 130 2802 450 2884; x_wconf 70' lang='lat' dir='ltr'><strong>esseestmstabilis.</strong></span> <span class='ocrx_word' id='word_1_250' title='bbox 903 2800 1013 2881; x_wconf 88' lang='lat' dir='ltr'><strong>utpote</strong></span> <span class='ocrx_word' id='word_1_251' title='bbox 1034 2799 1168 2864; x_wconf 87' lang='lat' dir='ltr'><strong>materia</strong></span> <span class='ocrx_word' id='word_1_252' title='bbox 1187 2822 1195 2865; x_wconf 79' lang='lat' dir='ltr'><strong><em>z</em></strong></span> <span class='ocrx_word' id='word_1_253' title='bbox 1214 2819 1293 2884; x_wconf 84' lang='lat' dir='ltr'><strong>ergo</strong></span> <span class='ocrx_word' id='word_1_254' title='bbox 1311 2806 1387 2866; x_wconf 92' lang='lat' dir='ltr'><strong>sunt</strong></span> <span class='ocrx_word' id='word_1_255' title='bbox 1409 2802 1674 2885; x_wconf 88' lang='lat' dir='ltr'><strong>incorruptibilia.</strong></span> 
     </span>
     <span class='ocr_line' id='line_1_23' title="bbox 122 2904 1676 2994; baseline -0.001 -19"><span class='ocrx_word' id='word_1_256' title='bbox 122 2911 214 2992; x_wconf 91' lang='lat' dir='ltr'><strong>ltem,</strong></span> <span class='ocrx_word' id='word_1_257' title='bbox 230 2929 329 2976; x_wconf 91' lang='lat' dir='ltr'><strong>omne</strong></span> <span class='ocrx_word' id='word_1_258' title='bbox 343 2930 466 2977; x_wconf 90' lang='lat' dir='ltr'><strong>vanum</strong></span> <span class='ocrx_word' id='word_1_259' title='bbox 486 2915 533 2976; x_wconf 91' lang='lat' dir='ltr'><strong>est</strong></span> <span class='ocrx_word' id='word_1_260' title='bbox 547 2911 729 2994; x_wconf 88' lang='lat' dir='ltr'><strong>subjectum</strong></span> <span class='ocrx_word' id='word_1_261' title='bbox 741 2912 850 2978; x_wconf 81' lang='lat' dir='ltr'><strong>varia-</strong></span> <span class='ocrx_word' id='word_1_262' title='bbox 943 2909 974 2969; x_wconf 82' lang='grc'><strong>6.</strong></span> <span class='ocrx_word' id='word_1_263' title='bbox 989 2904 1087 2985; x_wconf 89' lang='lat' dir='ltr'><strong>Item,</strong></span> <span class='ocrx_word' id='word_1_264' title='bbox 1102 2925 1198 2972; x_wconf 85' lang='lat' dir='ltr'><strong>omne</strong></span> <span class='ocrx_word' id='word_1_265' title='bbox 1210 2912 1402 2992; x_wconf 88' lang='lat' dir='ltr'><strong>perpetuum</strong></span> <span class='ocrx_word' id='word_1_266' title='bbox 1414 2914 1462 2974; x_wconf 91' lang='lat' dir='ltr'><strong>est</strong></span> <span class='ocrx_word' id='word_1_267' title='bbox 1475 2910 1676 2994; x_wconf 85' lang='lat' dir='ltr'><strong>incorrupti-</strong></span> 
     </span>
     <span class='ocr_line' id='line_1_24' title="bbox 84 3011 1678 3101; baseline -0.001 -18"><span class='ocrx_word' id='word_1_268' title='bbox 84 3019 209 3085; x_wconf 83' lang='lat' dir='ltr'><strong>bilitati:</strong></span> <span class='ocrx_word' id='word_1_269' title='bbox 227 3020 284 3085; x_wconf 89' lang='lat' dir='ltr'><strong>sed</strong></span> <span class='ocrx_word' id='word_1_270' title='bbox 306 3019 411 3084; x_wconf 89' lang='lat' dir='ltr'><strong>omnis</strong></span> <span class='ocrx_word' id='word_1_271' title='bbox 433 3022 578 3085; x_wconf 89' lang='lat' dir='ltr'><strong>creatura</strong></span> <span class='ocrx_word' id='word_1_272' title='bbox 597 3037 701 3100; x_wconf 86' lang='lat' dir='ltr'><strong>vana,</strong></span> <span class='ocrx_word' id='word_1_273' title='bbox 716 3039 792 3085; x_wconf 85' lang='lat' dir='ltr'><strong>oum</strong></span> <span class='ocrx_word' id='word_1_274' title='bbox 810 3021 851 3084; x_wconf 86' lang='lat' dir='ltr'><strong>sit</strong></span> <span class='ocrx_word' id='word_1_275' title='bbox 903 3011 967 3077; x_wconf 90' lang='lat' dir='ltr'><strong>hile</strong></span> <span class='ocrx_word' id='word_1_276' title='bbox 984 3015 1060 3079; x_wconf 91' lang='lat' dir='ltr'><strong>:sed</strong></span> <span class='ocrx_word' id='word_1_277' title='bbox 1074 3015 1183 3098; x_wconf 87' lang='lat' dir='ltr'><strong>aliqua</strong></span> <span class='ocrx_word' id='word_1_278' title='bbox 1195 3021 1342 3081; x_wconf 90' lang='lat' dir='ltr'><strong>creatura</strong></span> <span class='ocrx_word' id='word_1_279' title='bbox 1353 3017 1540 3082; x_wconf 87' lang='lat' dir='ltr'><strong>naturaliter</strong></span> <span class='ocrx_word' id='word_1_280' title='bbox 1550 3022 1597 3081; x_wconf 89' lang='lat' dir='ltr'><strong>est</strong></span> <span class='ocrx_word' id='word_1_281' title='bbox 1607 3036 1678 3101; x_wconf 88' lang='lat' dir='ltr'><strong>per·</strong></span> 
     </span>
     <span class='ocr_line' id='line_1_25' title="bbox 85 3126 1674 3215; baseline 0.001 -22"><span class='ocrx_word' id='word_1_282' title='bbox 85 3146 122 3193; x_wconf 83' lang='lat' dir='ltr'><strong>ex</strong></span> <span class='ocrx_word' id='word_1_283' title='bbox 135 3127 249 3208; x_wconf 89' lang='lat' dir='ltr'><strong>nibilo;</strong></span> <span class='ocrx_word' id='word_1_284' title='bbox 264 3126 353 3192; x_wconf 90' lang='lat' dir='ltr'><strong>unde</strong></span> <span class='ocrx_word' id='word_1_285' title='bbox 367 3126 522 3192; x_wconf 72' lang='lat' dir='ltr'><strong>diciturr:</strong></span> <span class='ocrx_word' id='word_1_286' title='bbox 541 3126 691 3196; x_wconf 80' lang='lat' dir='ltr'><strong>Vanitati</strong></span> <span class='ocrx_word' id='word_1_287' title='bbox 708 3128 850 3212; x_wconf 73' lang='lat' dir='ltr'><strong>subiecta</strong></span> <span class='ocrx_word' id='word_1_288' title='bbox 903 3129 1001 3207; x_wconf 75' lang='lat' dir='ltr'><strong>petus</strong></span> <span class='ocrx_word' id='word_1_289' title='bbox 1017 3148 1025 3191; x_wconf 90' lang='lat'>:</span> <span class='ocrx_word' id='word_1_290' title='bbox 1041 3145 1132 3209; x_wconf 82' lang='lat' dir='ltr'><strong>ergo,</strong></span> <span class='ocrx_word' id='word_1_291' title='bbox 1147 3132 1206 3193; x_wconf 86' lang='lat' dir='ltr'><strong>etc.</strong></span> <span class='ocrx_word' id='word_1_292' title='bbox 1224 3127 1327 3193; x_wconf 85' lang='lat' dir='ltr'><strong>Minor</strong></span> <span class='ocrx_word' id='word_1_293' title='bbox 1342 3129 1471 3213; x_wconf 85' lang='lat' dir='ltr'><strong>probari</strong></span> <span class='ocrx_word' id='word_1_294' title='bbox 1489 3135 1592 3215; x_wconf 85' lang='lat' dir='ltr'><strong>potest</strong></span> <span class='ocrx_word' id='word_1_295' title='bbox 1604 3132 1649 3196; x_wconf 88' lang='lat' dir='ltr'><strong>sio</strong></span> <span class='ocrx_word' id='word_1_296' title='bbox 1666 3155 1674 3196; x_wconf 90' lang='lat'>:</span> 
     </span>
     <span class='ocr_line' id='line_1_26' title="bbox 85 3231 1813 3320; baseline 0.001 -18"><span class='ocrx_word' id='word_1_297' title='bbox 85 3243 128 3302; x_wconf 86' lang='lat' dir='ltr'><strong>cst</strong></span> <span class='ocrx_word' id='word_1_298' title='bbox 149 3245 308 3314; x_wconf 76' lang='grc' dir='ltr'><strong>ετεειεεε,</strong></span> <span class='ocrx_word' id='word_1_299' title='bbox 329 3237 389 3300; x_wconf 83' lang='grc' dir='ltr'><strong>ειε.</strong></span> <span class='ocrx_word' id='word_1_300' title='bbox 410 3235 511 3318; x_wconf 81' lang='lat' dir='ltr'><strong>Ergo,</strong></span> <span class='ocrx_word' id='word_1_301' title='bbox 533 3237 562 3301; x_wconf 88' lang='lat' dir='ltr'><strong>si</strong></span> <span class='ocrx_word' id='word_1_302' title='bbox 580 3238 686 3302; x_wconf 90' lang='lat' dir='ltr'><strong>omnis</strong></span> <span class='ocrx_word' id='word_1_303' title='bbox 705 3242 850 3303; x_wconf 86' lang='lat' dir='ltr'><strong>creatma</strong></span> <span class='ocrx_word' id='word_1_304' title='bbox 904 3231 1102 3317; x_wconf 88' lang='lat' dir='ltr'><strong>Perpetuitas</strong></span> <span class='ocrx_word' id='word_1_305' title='bbox 1123 3240 1170 3301; x_wconf 91' lang='lat' dir='ltr'><strong>est</strong></span> <span class='ocrx_word' id='word_1_306' title='bbox 1193 3236 1232 3300; x_wconf 91' lang='lat' dir='ltr'><strong>de</strong></span> <span class='ocrx_word' id='word_1_307' title='bbox 1253 3238 1375 3301; x_wconf 89' lang='lat' dir='ltr'><strong>ratione</strong></span> <span class='ocrx_word' id='word_1_308' title='bbox 1394 3238 1547 3320; x_wconf 79' lang='lat' dir='ltr'><strong>imaginis</strong></span> <span class='ocrx_word' id='word_1_309' title='bbox 1554 3261 1563 3317; x_wconf 93' lang='lat'>;</span> <span class='ocrx_word' id='word_1_310' title='bbox 1589 3240 1675 3305; x_wconf 89' lang='lat' dir='ltr'><strong>unde</strong></span> <span class='ocrx_word' id='word_1_311' title='bbox 1808 3237 1813 3246; x_wconf 85' lang='lat'><em>&#39;</em></span> 
     </span>
     <span class='ocr_line' id='line_1_27' title="bbox 85 3341 1677 3429; baseline 0.001 -19"><span class='ocrx_word' id='word_1_312' title='bbox 85 3364 172 3424; x_wconf 89' lang='lat' dir='ltr'><strong>vana,</strong></span> <span class='ocrx_word' id='word_1_313' title='bbox 187 3344 277 3409; x_wconf 90' lang='lat' dir='ltr'><strong>nulla</strong></span> <span class='ocrx_word' id='word_1_314' title='bbox 289 3344 501 3408; x_wconf 86' lang='lat' dir='ltr'><strong>immutabilis</strong></span> <span class='ocrx_word' id='word_1_315' title='bbox 512 3348 571 3410; x_wconf 88' lang='lat' dir='ltr'><strong>est.</strong></span> <span class='ocrx_word' id='word_1_316' title='bbox 902 3341 1106 3424; x_wconf 78' lang='lat' dir='ltr'><strong>Augustinus</strong></span> <span class='ocrx_word' id='word_1_317' title='bbox 1119 3342 1278 3409; x_wconf 73' lang='grc' dir='ltr'><strong>10εεΝεε</strong></span> <span class='ocrx_word' id='word_1_318' title='bbox 1291 3350 1372 3409; x_wconf 91' lang='lat' dir='ltr'><strong>esset</strong></span> <span class='ocrx_word' id='word_1_319' title='bbox 1384 3346 1493 3411; x_wconf 91' lang='lat' dir='ltr'><strong>anima</strong></span> <span class='ocrx_word' id='word_1_320' title='bbox 1504 3347 1631 3429; x_wconf 79' lang='lat' dir='ltr'><strong>imago,</strong></span> <span class='ocrx_word' id='word_1_321' title='bbox 1649 3347 1677 3411; x_wconf 90' lang='lat' dir='ltr'><strong>si</strong></span> 
     </span>
     <span class='ocr_line' id='line_1_28' title="bbox 119 3450 1676 3536; baseline 0.003 -20"><span class='ocrx_word' id='word_1_322' title='bbox 119 3451 208 3532; x_wconf 88' lang='lat' dir='ltr'><strong>ltem,</strong></span> <span class='ocrx_word' id='word_1_323' title='bbox 220 3470 318 3517; x_wconf 89' lang='lat' dir='ltr'><strong>omne</strong></span> <span class='ocrx_word' id='word_1_324' title='bbox 332 3456 492 3517; x_wconf 89' lang='lat' dir='ltr'><strong>mutatum</strong></span> <span class='ocrx_word' id='word_1_325' title='bbox 508 3452 604 3517; x_wconf 88' lang='lat' dir='ltr'><strong>babet</strong></span> <span class='ocrx_word' id='word_1_326' title='bbox 614 3454 649 3516; x_wconf 94' lang='lat' dir='ltr'><strong>in</strong></span> <span class='ocrx_word' id='word_1_327' title='bbox 662 3453 849 3518; x_wconf 88' lang='lat' dir='ltr'><strong>semutabi-</strong></span> <span class='ocrx_word' id='word_1_328' title='bbox 902 3450 1016 3513; x_wconf 88' lang='lat' dir='ltr'><strong>mortis</strong></span> <span class='ocrx_word' id='word_1_329' title='bbox 1038 3451 1176 3515; x_wconf 91' lang='lat' dir='ltr'><strong>termino</strong></span> <span class='ocrx_word' id='word_1_330' title='bbox 1197 3451 1399 3517; x_wconf 86' lang='lat' dir='ltr'><strong>clauderetur</strong></span> <span class='ocrx_word' id='word_1_331' title='bbox 1424 3471 1433 3516; x_wconf 73' lang='grc' dir='ltr'><strong>ι</strong></span> <span class='ocrx_word' id='word_1_332' title='bbox 1457 3476 1472 3512; x_wconf 78' lang='lat' dir='ltr'><strong>o</strong></span> <span class='ocrx_word' id='word_1_333' title='bbox 1498 3471 1572 3519; x_wconf 91' lang='lat' dir='ltr'><strong>cnm</strong></span> <span class='ocrx_word' id='word_1_334' title='bbox 1596 3472 1676 3536; x_wconf 77' lang='lat' dir='ltr'><strong>ergo</strong></span> 
     </span>
     <span class='ocr_line' id='line_1_29' title="bbox 83 3558 1674 3644; baseline 0.001 -20"><span class='ocrx_word' id='word_1_335' title='bbox 83 3559 222 3624; x_wconf 87' lang='lat' dir='ltr'><strong>litatem:</strong></span> <span class='ocrx_word' id='word_1_336' title='bbox 244 3560 301 3624; x_wconf 88' lang='lat' dir='ltr'><strong>sed</strong></span> <span class='ocrx_word' id='word_1_337' title='bbox 312 3560 418 3624; x_wconf 88' lang='lat' dir='ltr'><strong>omnis</strong></span> <span class='ocrx_word' id='word_1_338' title='bbox 429 3565 576 3625; x_wconf 87' lang='lat' dir='ltr'><strong>ereatura</strong></span> <span class='ocrx_word' id='word_1_339' title='bbox 587 3560 668 3625; x_wconf 87' lang='lat' dir='ltr'><strong>iacta</strong></span> <span class='ocrx_word' id='word_1_340' title='bbox 680 3565 727 3626; x_wconf 89' lang='lat' dir='ltr'><strong>est</strong></span> <span class='ocrx_word' id='word_1_341' title='bbox 744 3581 752 3625; x_wconf 93' lang='lat'>:</span> <span class='ocrx_word' id='word_1_342' title='bbox 770 3580 849 3644; x_wconf 78' lang='lat' dir='ltr'><strong>ergo</strong></span> <span class='ocrx_word' id='word_1_343' title='bbox 903 3558 1014 3623; x_wconf 88' lang='lat' dir='ltr'><strong>anima</strong></span> <span class='ocrx_word' id='word_1_344' title='bbox 1033 3558 1187 3622; x_wconf 87' lang='lat' dir='ltr'><strong>naturalis</strong></span> <span class='ocrx_word' id='word_1_345' title='bbox 1207 3558 1248 3622; x_wconf 90' lang='lat' dir='ltr'><strong>sit</strong></span> <span class='ocrx_word' id='word_1_346' title='bbox 1267 3559 1396 3641; x_wconf 82' lang='lat' dir='ltr'><strong>imago,</strong></span> <span class='ocrx_word' id='word_1_347' title='bbox 1418 3578 1498 3643; x_wconf 78' lang='lat' dir='ltr'><strong>ergo</strong></span> <span class='ocrx_word' id='word_1_348' title='bbox 1520 3562 1674 3626; x_wconf 86' lang='lat' dir='ltr'><strong>naturali·</strong></span> 
     </span>
     <span class='ocr_line' id='line_1_30' title="bbox 84 3666 1606 3751; baseline 0.001 -20"><span class='ocrx_word' id='word_1_349' title='bbox 84 3668 182 3732; x_wconf 89' lang='lat' dir='ltr'><strong>omnis</strong></span> <span class='ocrx_word' id='word_1_350' title='bbox 202 3670 351 3733; x_wconf 88' lang='lat' dir='ltr'><strong>creatura</strong></span> <span class='ocrx_word' id='word_1_351' title='bbox 373 3671 518 3733; x_wconf 72' lang='lat' dir='ltr'><strong>mumm:</strong></span> <span class='ocrx_word' id='word_1_352' title='bbox 533 3669 849 3751; x_wconf 79' lang='lat' dir='ltr'><strong>ergonullaimmu-</strong></span> <span class='ocrx_word' id='word_1_353' title='bbox 902 3669 951 3731; x_wconf 85' lang='lat' dir='ltr'><strong>tar</strong></span> <span class='ocrx_word' id='word_1_354' title='bbox 965 3670 1012 3731; x_wconf 89' lang='lat' dir='ltr'><strong>est</strong></span> <span class='ocrx_word' id='word_1_355' title='bbox 1025 3666 1230 3746; x_wconf 82' lang='lat' dir='ltr'><strong>immortalis,</strong></span> <span class='ocrx_word' id='word_1_356' title='bbox 1245 3667 1490 3751; x_wconf 88' lang='lat' dir='ltr'><strong>siveperpetua.</strong></span> <span class='ocrx_word' id='word_1_357' title='bbox 1604 3737 1606 3746; x_wconf 65' lang='grc'>,</span> 
     </span>
     <span class='ocr_line' id='line_1_31' title="bbox 85 3773 1676 3857; baseline 0.001 -17"><span class='ocrx_word' id='word_1_358' title='bbox 85 3776 191 3840; x_wconf 82' lang='lat' dir='ltr'><strong>labilis</strong></span> <span class='ocrx_word' id='word_1_359' title='bbox 944 3778 974 3838; x_wconf 83' lang='lat'><strong>7.</strong></span> <span class='ocrx_word' id='word_1_360' title='bbox 991 3773 1088 3853; x_wconf 85' lang='lat' dir='ltr'><strong>ltem,</strong></span> <span class='ocrx_word' id='word_1_361' title='bbox 1106 3773 1284 3838; x_wconf 78' lang='lat' dir='ltr'><strong>ostenditur</strong></span> <span class='ocrx_word' id='word_1_362' title='bbox 1301 3775 1387 3857; x_wconf 89' lang='lat' dir='ltr'><strong>quod</strong></span> <span class='ocrx_word' id='word_1_363' title='bbox 1406 3779 1551 3840; x_wconf 89' lang='lat' dir='ltr'><strong>creatura</strong></span> <span class='ocrx_word' id='word_1_364' title='bbox 1566 3776 1606 3841; x_wconf 90' lang='lat' dir='ltr'><strong>sit</strong></span> <span class='ocrx_word' id='word_1_365' title='bbox 1624 3777 1676 3841; x_wconf 88' lang='lat' dir='ltr'><strong>in-</strong></span> 
     </span>
     <span class='ocr_line' id='line_1_32' title="bbox 29 3879 1673 3974; baseline 0.001 -26"><span class='ocrx_word' id='word_1_366' title='bbox 29 3921 74 3974; x_wconf 58' lang='lat'><strong>10,</strong></span> <span class='ocrx_word' id='word_1_367' title='bbox 121 3883 231 3949; x_wconf 83' lang='lat' dir='ltr'><strong>Contra</strong></span> <span class='ocrx_word' id='word_1_368' title='bbox 242 3908 256 3966; x_wconf 62' lang='grc' dir='ltr'><strong>ς</strong></span> <span class='ocrx_word' id='word_1_369' title='bbox 268 3888 298 3949; x_wconf 95' lang='grc'><strong>1.</strong></span> <span class='ocrx_word' id='word_1_370' title='bbox 313 3885 557 3951; x_wconf 88' lang='lat' dir='ltr'><strong>lmmutabilitas</strong></span> <span class='ocrx_word' id='word_1_371' title='bbox 569 3904 636 3951; x_wconf 90' lang='lat' dir='ltr'><strong>non</strong></span> <span class='ocrx_word' id='word_1_372' title='bbox 654 3886 769 3952; x_wconf 90' lang='lat' dir='ltr'><strong>dicitur</strong></span> <span class='ocrx_word' id='word_1_373' title='bbox 787 3887 850 3951; x_wconf 89' lang='lat' dir='ltr'><strong>nisi</strong></span> <span class='ocrx_word' id='word_1_374' title='bbox 904 3881 1074 3961; x_wconf 88' lang='lat' dir='ltr'><strong>vertibilis,</strong></span> <span class='ocrx_word' id='word_1_375' title='bbox 1090 3882 1135 3945; x_wconf 91' lang='lat' dir='ltr'><strong>sic</strong></span> <span class='ocrx_word' id='word_1_376' title='bbox 1149 3879 1363 3947; x_wconf 66' lang='lat' dir='ltr'><strong>:vertibilitas</strong></span> <span class='ocrx_word' id='word_1_377' title='bbox 1382 3885 1430 3947; x_wconf 90' lang='lat' dir='ltr'><strong>est</strong></span> <span class='ocrx_word' id='word_1_378' title='bbox 1448 3884 1483 3948; x_wconf 90' lang='lat' dir='ltr'><strong>in</strong></span> <span class='ocrx_word' id='word_1_379' title='bbox 1497 3902 1565 3948; x_wconf 90' lang='lat' dir='ltr'><strong>non</strong></span> <span class='ocrx_word' id='word_1_380' title='bbox 1579 3903 1647 3950; x_wconf 88' lang='lat' dir='ltr'><strong>esse</strong></span> <span class='ocrx_word' id='word_1_381' title='bbox 1665 3907 1673 3950; x_wconf 90' lang='lat'>:</span> 
     </span>
     <span class='ocr_line' id='line_1_33' title="bbox 84 3988 1679 4075; baseline 0.002 -21"><span class='ocrx_word' id='word_1_382' title='bbox 84 3991 241 4075; x_wconf 89' lang='lat' dir='ltr'><strong>tripliciter</strong></span> <span class='ocrx_word' id='word_1_383' title='bbox 252 4018 261 4073; x_wconf 87' lang='lat'>;</span> <span class='ocrx_word' id='word_1_384' title='bbox 285 3993 501 4058; x_wconf 89' lang='lat' dir='ltr'><strong>diciturenim</strong></span> <span class='ocrx_word' id='word_1_385' title='bbox 514 3993 755 4059; x_wconf 84' lang='lat' dir='ltr'><strong>immutabilitas</strong></span> <span class='ocrx_word' id='word_1_386' title='bbox 768 4042 776 4072; x_wconf 94' lang='lat'><strong>,</strong></span> <span class='ocrx_word' id='word_1_387' title='bbox 793 3998 851 4059; x_wconf 90' lang='grc' dir='ltr'><strong>εει</strong></span> <span class='ocrx_word' id='word_1_388' title='bbox 904 3989 958 4053; x_wconf 84' lang='lat' dir='ltr'><strong>sed</strong></span> <span class='ocrx_word' id='word_1_389' title='bbox 971 3989 1054 4053; x_wconf 89' lang='lat' dir='ltr'><strong>nihil</strong></span> <span class='ocrx_word' id='word_1_390' title='bbox 1067 3988 1213 4072; x_wconf 84' lang='lat' dir='ltr'><strong>estquod</strong></span> <span class='ocrx_word' id='word_1_391' title='bbox 1232 3994 1412 4054; x_wconf 87' lang='lat' dir='ltr'><strong>creaturam</strong></span> <span class='ocrx_word' id='word_1_392' title='bbox 1426 3991 1568 4073; x_wconf 87' lang='lat' dir='ltr'><strong>aliquam</strong></span> <span class='ocrx_word' id='word_1_393' title='bbox 1580 3994 1679 4074; x_wconf 89' lang='lat' dir='ltr'><strong>possit</strong></span> 
     </span>
     <span class='ocr_line' id='line_1_34' title="bbox 85 4096 1676 4184; baseline 0.001 -21"><span class='ocrx_word' id='word_1_394' title='bbox 85 4098 323 4179; x_wconf 76' lang='lat' dir='ltr'><strong>invadabilitas,</strong></span> <span class='ocrx_word' id='word_1_395' title='bbox 344 4105 402 4165; x_wconf 90' lang='lat' dir='ltr'><strong>aut</strong></span> <span class='ocrx_word' id='word_1_396' title='bbox 414 4101 719 4184; x_wconf 84' lang='lat' dir='ltr'><strong>incorruptibilitas,</strong></span> <span class='ocrx_word' id='word_1_397' title='bbox 734 4105 792 4167; x_wconf 89' lang='lat' dir='ltr'><strong>aut</strong></span> <span class='ocrx_word' id='word_1_398' title='bbox 802 4103 850 4166; x_wconf 92' lang='lat' dir='ltr'><strong>in-</strong></span> <span class='ocrx_word' id='word_1_399' title='bbox 905 4100 1030 4162; x_wconf 77' lang='lat' dir='ltr'><strong>vertere</strong></span> <span class='ocrx_word' id='word_1_400' title='bbox 1041 4096 1076 4161; x_wconf 92' lang='lat' dir='ltr'><strong>in</strong></span> <span class='ocrx_word' id='word_1_401' title='bbox 1087 4115 1154 4161; x_wconf 90' lang='lat' dir='ltr'><strong>non</strong></span> <span class='ocrx_word' id='word_1_402' title='bbox 1169 4115 1237 4161; x_wconf 85' lang='lat' dir='ltr'><strong>csse</strong></span> <span class='ocrx_word' id='word_1_403' title='bbox 1251 4115 1260 4161; x_wconf 74' lang='grc' dir='ltr'><strong>ε</strong></span> <span class='ocrx_word' id='word_1_404' title='bbox 1276 4097 1431 4180; x_wconf 83' lang='lat' dir='ltr'><strong>quiesse</strong></span> <span class='ocrx_word' id='word_1_405' title='bbox 1443 4117 1511 4163; x_wconf 91' lang='lat' dir='ltr'><strong>nou</strong></span> <span class='ocrx_word' id='word_1_406' title='bbox 1525 4100 1676 4181; x_wconf 88' lang='lat' dir='ltr'><strong>vertitur,</strong></span> 
     </span>
     <span class='ocr_line' id='line_1_35' title="bbox 85 4202 1679 4291; baseline 0.002 -24"><span class='ocrx_word' id='word_1_407' title='bbox 85 4205 275 4269; x_wconf 87' lang='lat' dir='ltr'><strong>vertibilitas.</strong></span> <span class='ocrx_word' id='word_1_408' title='bbox 301 4202 482 4270; x_wconf 86' lang='lat' dir='ltr'><strong>Ostenditur</strong></span> <span class='ocrx_word' id='word_1_409' title='bbox 499 4209 626 4284; x_wconf 87' lang='lat' dir='ltr'><strong>autem,</strong></span> <span class='ocrx_word' id='word_1_410' title='bbox 647 4206 733 4287; x_wconf 92' lang='lat' dir='ltr'><strong>quod</strong></span> <span class='ocrx_word' id='word_1_411' title='bbox 753 4206 849 4272; x_wconf 89' lang='lat' dir='ltr'><strong>inva-</strong></span> <span class='ocrx_word' id='word_1_412' title='bbox 903 4223 981 4269; x_wconf 89' lang='lat' dir='ltr'><strong>cum</strong></span> <span class='ocrx_word' id='word_1_413' title='bbox 994 4204 1079 4269; x_wconf 92' lang='lat' dir='ltr'><strong>uihil</strong></span> <span class='ocrx_word' id='word_1_414' title='bbox 1096 4224 1132 4269; x_wconf 89' lang='lat' dir='ltr'><strong>se</strong></span> <span class='ocrx_word' id='word_1_415' title='bbox 1151 4210 1353 4288; x_wconf 81' lang='lat' dir='ltr'><strong>corrumpat3</strong></span> <span class='ocrx_word' id='word_1_416' title='bbox 1372 4206 1413 4270; x_wconf 87' lang='lat' dir='ltr'><strong>ab</strong></span> <span class='ocrx_word' id='word_1_417' title='bbox 1426 4206 1489 4270; x_wconf 88' lang='lat' dir='ltr'><strong>alio</strong></span> <span class='ocrx_word' id='word_1_418' title='bbox 1503 4225 1588 4288; x_wconf 89' lang='lat' dir='ltr'><strong>non,</strong></span> <span class='ocrx_word' id='word_1_419' title='bbox 1602 4208 1679 4291; x_wconf 88' lang='lat' dir='ltr'><strong>quia</strong></span> 
     </span>
     <span class='ocr_line' id='line_1_36' title="bbox 84 4289 1678 4398; baseline 0.001 -22"><span class='ocrx_word' id='word_1_420' title='bbox 84 4289 228 4377; x_wconf 69' lang='lat' dir='ltr'><strong>salisb</strong></span> <span class='ocrx_word' id='word_1_421' title='bbox 252 4312 422 4378; x_wconf 88' lang='lat' dir='ltr'><strong>conveniat</strong></span> <span class='ocrx_word' id='word_1_422' title='bbox 439 4312 613 4393; x_wconf 86' lang='lat' dir='ltr'><strong>creaturis,</strong></span> <span class='ocrx_word' id='word_1_423' title='bbox 628 4316 738 4395; x_wconf 86' lang='lat' dir='ltr'><strong>utpote</strong></span> <span class='ocrx_word' id='word_1_424' title='bbox 757 4312 850 4396; x_wconf 89' lang='lat' dir='ltr'><strong>prin-</strong></span> <span class='ocrx_word' id='word_1_425' title='bbox 905 4311 987 4377; x_wconf 88' lang='lat' dir='ltr'><strong>actio</strong></span> <span class='ocrx_word' id='word_1_426' title='bbox 1002 4317 1157 4377; x_wconf 73' lang='lat' dir='ltr'><strong>creaturae</strong></span> <span class='ocrx_word' id='word_1_427' title='bbox 1174 4313 1209 4375; x_wconf 93' lang='lat' dir='ltr'><strong>in</strong></span> <span class='ocrx_word' id='word_1_428' title='bbox 1226 4313 1259 4377; x_wconf 93' lang='lat' dir='ltr'><strong>id</strong></span> <span class='ocrx_word' id='word_1_429' title='bbox 1279 4313 1472 4378; x_wconf 88' lang='lat' dir='ltr'><strong>terminatur</strong></span> <span class='ocrx_word' id='word_1_430' title='bbox 1489 4332 1531 4378; x_wconf 85' lang='lat' dir='ltr'><strong>ex</strong></span> <span class='ocrx_word' id='word_1_431' title='bbox 1545 4333 1610 4398; x_wconf 88' lang='lat' dir='ltr'><strong>quo</strong></span> <span class='ocrx_word' id='word_1_432' title='bbox 1625 4316 1678 4378; x_wconf 90' lang='lat' dir='ltr'><strong>in-</strong></span> 
     </span>
     <span class='ocr_line' id='line_1_37' title="bbox 84 4418 1678 4506; baseline 0.003 -24"><span class='ocrx_word' id='word_1_433' title='bbox 84 4418 189 4502; x_wconf 82' lang='lat' dir='ltr'><strong>cipiis3</strong></span> <span class='ocrx_word' id='word_1_434' title='bbox 208 4439 286 4485; x_wconf 89' lang='lat' dir='ltr'><strong>nam</strong></span> <span class='ocrx_word' id='word_1_435' title='bbox 307 4421 513 4502; x_wconf 79' lang='lat' dir='ltr'><strong>Augustinus</strong></span> <span class='ocrx_word' id='word_1_436' title='bbox 527 4420 538 4455; x_wconf 80' lang='lat'>⁶</span> <span class='ocrx_word' id='word_1_437' title='bbox 552 4419 689 4485; x_wconf 87' lang='lat' dir='ltr'><strong>ostendit</strong></span> <span class='ocrx_word' id='word_1_438' title='bbox 710 4420 745 4484; x_wconf 92' lang='lat' dir='ltr'><strong>in</strong></span> <span class='ocrx_word' id='word_1_439' title='bbox 770 4422 851 4486; x_wconf 91' lang='lat' dir='ltr'><strong>duo·</strong></span> <span class='ocrx_word' id='word_1_440' title='bbox 906 4418 983 4502; x_wconf 89' lang='lat' dir='ltr'><strong>cipit</strong></span> <span class='ocrx_word' id='word_1_441' title='bbox 994 4441 1002 4484; x_wconf 90' lang='lat'>:</span> <span class='ocrx_word' id='word_1_442' title='bbox 1012 4420 1067 4485; x_wconf 88' lang='lat' dir='ltr'><strong>sed</strong></span> <span class='ocrx_word' id='word_1_443' title='bbox 1081 4420 1203 4484; x_wconf 81' lang='lat' dir='ltr'><strong>ntrllim</strong></span> <span class='ocrx_word' id='word_1_444' title='bbox 1217 4425 1372 4485; x_wconf 74' lang='lat' dir='ltr'><strong>creaturae</strong></span> <span class='ocrx_word' id='word_1_445' title='bbox 1385 4421 1468 4486; x_wconf 88' lang='lat' dir='ltr'><strong>actio</strong></span> <span class='ocrx_word' id='word_1_446' title='bbox 1481 4422 1592 4506; x_wconf 91' lang='lat' dir='ltr'><strong>incipit</strong></span> <span class='ocrx_word' id='word_1_447' title='bbox 1604 4427 1678 4487; x_wconf 90' lang='lat' dir='ltr'><strong>ante</strong></span> 
     </span>
     <span class='ocr_line' id='line_1_38' title="bbox 84 4525 1679 4612; baseline 0.003 -22"><span class='ocrx_word' id='word_1_448' title='bbox 84 4525 201 4604; x_wconf 87' lang='lat' dir='ltr'><strong>decimo</strong></span> <span class='ocrx_word' id='word_1_449' title='bbox 223 4527 307 4592; x_wconf 92' lang='lat' dir='ltr'><strong>libro</strong></span> <span class='ocrx_word' id='word_1_450' title='bbox 335 4528 593 4609; x_wconf 71' lang='lat' dir='ltr'><strong>confessionum,</strong></span> <span class='ocrx_word' id='word_1_451' title='bbox 609 4528 695 4612; x_wconf 89' lang='lat' dir='ltr'><strong>quod</strong></span> <span class='ocrx_word' id='word_1_452' title='bbox 718 4531 852 4594; x_wconf 87' lang='lat' dir='ltr'><strong>materia</strong></span> <span class='ocrx_word' id='word_1_453' title='bbox 906 4545 974 4591; x_wconf 87' lang='lat' dir='ltr'><strong>esse</strong></span> <span class='ocrx_word' id='word_1_454' title='bbox 989 4547 997 4591; x_wconf 89' lang='lat'>:</span> <span class='ocrx_word' id='word_1_455' title='bbox 1012 4545 1111 4609; x_wconf 82' lang='lat' dir='ltr'><strong>ergo,</strong></span> <span class='ocrx_word' id='word_1_456' title='bbox 1126 4531 1185 4592; x_wconf 87' lang='lat' dir='ltr'><strong>etc.</strong></span> <span class='ocrx_word' id='word_1_457' title='bbox 1200 4527 1378 4606; x_wconf 78' lang='lat' dir='ltr'><strong>Praeterea,</strong></span> <span class='ocrx_word' id='word_1_458' title='bbox 1394 4529 1540 4594; x_wconf 83' lang='lat' dir='ltr'><strong>distantia</strong></span> <span class='ocrx_word' id='word_1_459' title='bbox 1552 4530 1679 4594; x_wconf 86' lang='lat' dir='ltr'><strong>infinita</strong></span> 
     </span>
     <span class='ocr_line' id='line_1_39' title="bbox 86 4633 1679 4719; baseline 0.004 -23"><span class='ocrx_word' id='word_1_460' title='bbox 86 4633 224 4699; x_wconf 86' lang='lat' dir='ltr'><strong>intormis</strong></span> <span class='ocrx_word' id='word_1_461' title='bbox 247 4639 297 4700; x_wconf 89' lang='lat' dir='ltr'><strong>est</strong></span> <span class='ocrx_word' id='word_1_462' title='bbox 318 4636 536 4714; x_wconf 79' lang='lat' dir='ltr'><strong>invariabilis3</strong></span> <span class='ocrx_word' id='word_1_463' title='bbox 557 4636 633 4719; x_wconf 79' lang='lat' dir='ltr'><strong>quia</strong></span> <span class='ocrx_word' id='word_1_464' title='bbox 658 4636 746 4719; x_wconf 86' lang='lat' dir='ltr'><strong>quod</strong></span> <span class='ocrx_word' id='word_1_465' title='bbox 767 4640 852 4701; x_wconf 88' lang='lat' dir='ltr'><strong>caret</strong></span> <span class='ocrx_word' id='word_1_466' title='bbox 906 4640 955 4699; x_wconf 90' lang='lat' dir='ltr'><strong>est</strong></span> <span class='ocrx_word' id='word_1_467' title='bbox 972 4635 1057 4700; x_wconf 87' lang='lat' dir='ltr'><strong>inter</strong></span> <span class='ocrx_word' id='word_1_468' title='bbox 1074 4653 1143 4699; x_wconf 93' lang='lat' dir='ltr'><strong>esse</strong></span> <span class='ocrx_word' id='word_1_469' title='bbox 1162 4639 1336 4716; x_wconf 74' lang='lat' dir='ltr'><strong>creaturae,</strong></span> <span class='ocrx_word' id='word_1_470' title='bbox 1352 4639 1384 4700; x_wconf 92' lang='lat' dir='ltr'><strong>et</strong></span> <span class='ocrx_word' id='word_1_471' title='bbox 1402 4637 1485 4701; x_wconf 90' lang='lat' dir='ltr'><strong>nibil</strong></span> <span class='ocrx_word' id='word_1_472' title='bbox 1501 4660 1509 4701; x_wconf 76' lang='grc' dir='ltr'><strong>ε</strong></span> <span class='ocrx_word' id='word_1_473' title='bbox 1524 4638 1579 4702; x_wconf 91' lang='lat' dir='ltr'><strong>sed</strong></span> <span class='ocrx_word' id='word_1_474' title='bbox 1594 4637 1679 4702; x_wconf 91' lang='lat' dir='ltr'><strong>inter</strong></span> 
     </span>
     <span class='ocr_line' id='line_1_40' title="bbox 85 4739 1680 4827; baseline 0.004 -23"><span class='ocrx_word' id='word_1_475' title='bbox 85 4739 202 4821; x_wconf 84' lang='lat' dir='ltr'><strong>forma,</strong></span> <span class='ocrx_word' id='word_1_476' title='bbox 217 4747 303 4808; x_wconf 89' lang='lat' dir='ltr'><strong>caret</strong></span> <span class='ocrx_word' id='word_1_477' title='bbox 324 4743 434 4808; x_wconf 90' lang='lat' dir='ltr'><strong>ordine</strong></span> <span class='ocrx_word' id='word_1_478' title='bbox 449 4765 456 4806; x_wconf 83' lang='lat' dir='ltr'>z</span> <span class='ocrx_word' id='word_1_479' title='bbox 473 4746 505 4808; x_wconf 90' lang='grc' dir='ltr'><strong>ει</strong></span> <span class='ocrx_word' id='word_1_480' title='bbox 520 4743 606 4826; x_wconf 86' lang='lat' dir='ltr'><strong>quod</strong></span> <span class='ocrx_word' id='word_1_481' title='bbox 627 4747 713 4808; x_wconf 87' lang='lat' dir='ltr'><strong>caret</strong></span> <span class='ocrx_word' id='word_1_482' title='bbox 725 4743 849 4822; x_wconf 87' lang='lat' dir='ltr'><strong>ordine,</strong></span> <span class='ocrx_word' id='word_1_483' title='bbox 906 4745 1051 4807; x_wconf 85' lang='lat' dir='ltr'><strong>extrema</strong></span> <span class='ocrx_word' id='word_1_484' title='bbox 1071 4743 1107 4806; x_wconf 91' lang='lat' dir='ltr'><strong>in</strong></span> <span class='ocrx_word' id='word_1_485' title='bbox 1128 4743 1292 4808; x_wconf 86' lang='lat' dir='ltr'><strong>infinitum</strong></span> <span class='ocrx_word' id='word_1_486' title='bbox 1311 4743 1475 4821; x_wconf 89' lang='lat' dir='ltr'><strong>distantia,</strong></span> <span class='ocrx_word' id='word_1_487' title='bbox 1493 4762 1561 4808; x_wconf 92' lang='lat' dir='ltr'><strong>non</strong></span> <span class='ocrx_word' id='word_1_488' title='bbox 1576 4748 1680 4827; x_wconf 90' lang='lat' dir='ltr'><strong>potest</strong></span> 
     </span>
     <span class='ocr_line' id='line_1_41' title="bbox 86 4849 1674 4936; baseline 0.005 -25"><span class='ocrx_word' id='word_1_489' title='bbox 86 4853 168 4912; x_wconf 87' lang='lat' dir='ltr'><strong>caret</strong></span> <span class='ocrx_word' id='word_1_490' title='bbox 178 4849 411 4916; x_wconf 72' lang='lat' dir='ltr'><strong>vicsnndine:</strong></span> <span class='ocrx_word' id='word_1_491' title='bbox 425 4868 505 4933; x_wconf 78' lang='lat' dir='ltr'><strong>ergo</strong></span> <span class='ocrx_word' id='word_1_492' title='bbox 517 4849 704 4917; x_wconf 90' lang='lat' dir='ltr'><strong>variatione.</strong></span> <span class='ocrx_word' id='word_1_493' title='bbox 716 4849 851 4914; x_wconf 80' lang='lat' dir='ltr'><strong>Auctor⁷</strong></span> <span class='ocrx_word' id='word_1_494' title='bbox 906 4852 977 4917; x_wconf 88' lang='lat' dir='ltr'><strong>fleri</strong></span> <span class='ocrx_word' id='word_1_495' title='bbox 1001 4851 1136 4917; x_wconf 89' lang='lat' dir='ltr'><strong>mutatio</strong></span> <span class='ocrx_word' id='word_1_496' title='bbox 1160 4869 1218 4935; x_wconf 89' lang='lat' dir='ltr'><strong>per</strong></span> <span class='ocrx_word' id='word_1_497' title='bbox 1241 4851 1394 4916; x_wconf 86' lang='lat' dir='ltr'><strong>virtutem</strong></span> <span class='ocrx_word' id='word_1_498' title='bbox 1418 4852 1572 4916; x_wconf 84' lang='lat' dir='ltr'><strong>finitam:</strong></span> <span class='ocrx_word' id='word_1_499' title='bbox 1595 4872 1674 4936; x_wconf 81' lang='lat' dir='ltr'><strong>ergo</strong></span> 
     </span>
    </p>
   </div>
   <div class='ocr_carea' id='block_1_3' title="bbox 86 4957 1678 5262">
    <p class='ocr_par' dir='ltr' id='par_1_3' title="bbox 86 4957 1678 5262">
     <span class='ocr_line' id='line_1_42' title="bbox 86 4957 1678 5047; baseline 0.003 -23"><span class='ocrx_word' id='word_1_500' title='bbox 86 4964 188 5025; x_wconf 87' lang='lat' dir='ltr'><strong>autem</strong></span> <span class='ocrx_word' id='word_1_501' title='bbox 203 4962 511 5047; x_wconf 74' lang='lat' dir='ltr'><strong>Stuprincipiorum</strong></span> <span class='ocrx_word' id='word_1_502' title='bbox 524 4963 600 5028; x_wconf 89' lang='lat' dir='ltr'><strong>dicit</strong></span> <span class='ocrx_word' id='word_1_503' title='bbox 608 4963 669 5028; x_wconf 93' lang='lat' dir='ltr'><strong>boc</strong></span> <span class='ocrx_word' id='word_1_504' title='bbox 682 4962 722 5028; x_wconf 90' lang='lat' dir='ltr'><strong>de</strong></span> <span class='ocrx_word' id='word_1_505' title='bbox 734 4962 849 5040; x_wconf 85' lang='lat' dir='ltr'><strong>torma,</strong></span> <span class='ocrx_word' id='word_1_506' title='bbox 906 4960 987 5025; x_wconf 92' lang='lat' dir='ltr'><strong>nihil</strong></span> <span class='ocrx_word' id='word_1_507' title='bbox 1007 4957 1110 5045; x_wconf 87' lang='lat' dir='ltr'><strong>potest</strong></span> <span class='ocrx_word' id='word_1_508' title='bbox 1135 4961 1245 5025; x_wconf 88' lang='lat' dir='ltr'><strong>cedere</strong></span> <span class='ocrx_word' id='word_1_509' title='bbox 1267 4961 1301 5024; x_wconf 90' lang='lat' dir='ltr'><strong>in</strong></span> <span class='ocrx_word' id='word_1_510' title='bbox 1321 4959 1424 5040; x_wconf 90' lang='lat' dir='ltr'><strong>nibil,</strong></span> <span class='ocrx_word' id='word_1_511' title='bbox 1452 4961 1514 5026; x_wconf 89' lang='lat' dir='ltr'><strong>nisi</strong></span> <span class='ocrx_word' id='word_1_512' title='bbox 1545 4961 1608 5028; x_wconf 82' lang='lat' dir='ltr'><strong>beo</strong></span> <span class='ocrx_word' id='word_1_513' title='bbox 1627 4965 1678 5027; x_wconf 84' lang='lat' dir='ltr'><strong>ts-</strong></span> 
     </span>
     <span class='ocr_line' id='line_1_43' title="bbox 87 5068 1279 5157; baseline 0.002 -25"><span class='ocrx_word' id='word_1_514' title='bbox 87 5068 167 5149; x_wconf 88' lang='lat' dir='ltr'><strong>quod</strong></span> <span class='ocrx_word' id='word_1_515' title='bbox 178 5074 225 5134; x_wconf 89' lang='lat' dir='ltr'><strong>est</strong></span> <span class='ocrx_word' id='word_1_516' title='bbox 244 5070 276 5134; x_wconf 90' lang='lat' dir='ltr'><strong>in</strong></span> <span class='ocrx_word' id='word_1_517' title='bbox 293 5072 431 5157; x_wconf 87' lang='lat' dir='ltr'><strong>simplici</strong></span> <span class='ocrx_word' id='word_1_518' title='bbox 453 5077 485 5137; x_wconf 91' lang='lat' dir='ltr'><strong>et</strong></span> <span class='ocrx_word' id='word_1_519' title='bbox 504 5069 687 5137; x_wconf 88' lang='lat' dir='ltr'><strong>invariabili</strong></span> <span class='ocrx_word' id='word_1_520' title='bbox 709 5068 851 5135; x_wconf 86' lang='lat' dir='ltr'><strong>Essentia</strong></span> <span class='ocrx_word' id='word_1_521' title='bbox 907 5070 1019 5134; x_wconf 76' lang='lat' dir='ltr'><strong>ciente</strong></span> <span class='ocrx_word' id='word_1_522' title='bbox 1278 5087 1279 5094; x_wconf 53' lang='lat'>¹</span> 
     </span>
     <span class='ocr_line' id='line_1_44' title="bbox 88 5175 1677 5262; baseline 0.003 -24"><span class='ocrx_word' id='word_1_523' title='bbox 88 5175 266 5241; x_wconf 85' lang='lat' dir='ltr'><strong>consistens.</strong></span> <span class='ocrx_word' id='word_1_524' title='bbox 947 5181 979 5241; x_wconf 86' lang='lat'><strong>8.</strong></span> <span class='ocrx_word' id='word_1_525' title='bbox 1003 5175 1101 5257; x_wconf 90' lang='lat' dir='ltr'><strong>ltem,</strong></span> <span class='ocrx_word' id='word_1_526' title='bbox 1122 5178 1312 5243; x_wconf 88' lang='lat' dir='ltr'><strong>vertibilitas</strong></span> <span class='ocrx_word' id='word_1_527' title='bbox 1334 5178 1450 5244; x_wconf 89' lang='lat' dir='ltr'><strong>dicitur</strong></span> <span class='ocrx_word' id='word_1_528' title='bbox 1467 5197 1525 5262; x_wconf 91' lang='lat' dir='ltr'><strong>per</strong></span> <span class='ocrx_word' id='word_1_529' title='bbox 1540 5197 1677 5262; x_wconf 89' lang='lat' dir='ltr'><strong>corrup-</strong></span> 
     </span>
    </p>
   </div>
   <div class='ocr_carea' id='block_1_4' title="bbox 89 5299 1678 5590">
    <p class='ocr_par' dir='ltr' id='par_1_4' title="bbox 89 5299 1678 5590">
     <span class='ocr_line' id='line_1_45' title="bbox 118 5299 1678 5369; baseline 0.001 -18"><span class='ocrx_word' id='word_1_530' title='bbox 118 5299 209 5367; x_wconf 76' lang='lat' dir='ltr'><strong>²Aog.,</strong></span> <span class='ocrx_word' id='word_1_531' title='bbox 225 5302 295 5353; x_wconf 80' lang='lat' dir='ltr'><strong>Corsi.</strong></span> <span class='ocrx_word' id='word_1_532' title='bbox 304 5304 449 5369; x_wconf 65' lang='lat' dir='ltr'><strong>riccimiri„</strong></span> <span class='ocrx_word' id='word_1_533' title='bbox 457 5303 502 5354; x_wconf 89' lang='lat' dir='ltr'><strong>lib.</strong></span> <span class='ocrx_word' id='word_1_534' title='bbox 514 5304 536 5354; x_wconf 97' lang='lat' dir='ltr'><strong>ll</strong></span> <span class='ocrx_word' id='word_1_535' title='bbox 552 5302 600 5366; x_wconf 88' lang='lat' dir='ltr'><strong>(al.</strong></span> <span class='ocrx_word' id='word_1_536' title='bbox 613 5303 670 5369; x_wconf 80' lang='lat' dir='ltr'><strong>llll,</strong></span> <span class='ocrx_word' id='word_1_537' title='bbox 685 5315 773 5368; x_wconf 82' lang='lat' dir='ltr'><strong>o.111,</strong></span> <span class='ocrx_word' id='word_1_538' title='bbox 787 5308 849 5355; x_wconf 76' lang='lat' dir='ltr'><strong>ni.</strong></span> <span class='ocrx_word' id='word_1_539' title='bbox 906 5318 930 5353; x_wconf 91' lang='lat' dir='ltr'><strong>c.</strong></span> <span class='ocrx_word' id='word_1_540' title='bbox 942 5312 1009 5365; x_wconf 74' lang='grc' dir='ltr'><strong>εει,</strong></span> <span class='ocrx_word' id='word_1_541' title='bbox 1022 5313 1051 5350; x_wconf 90' lang='lat' dir='ltr'><strong>n.</strong></span> <span class='ocrx_word' id='word_1_542' title='bbox 1062 5303 1101 5350; x_wconf 81' lang='lat' dir='ltr'><strong>ts.</strong></span> <span class='ocrx_word' id='word_1_543' title='bbox 1119 5328 1147 5338; x_wconf 95' lang='lat'>-</span> <span class='ocrx_word' id='word_1_544' title='bbox 1161 5302 1288 5355; x_wconf 75' lang='lat' dir='ltr'><strong>ldllbert.</strong></span> <span class='ocrx_word' id='word_1_545' title='bbox 1303 5305 1414 5369; x_wconf 75' lang='lat' dir='ltr'><strong>Portet,</strong></span> <span class='ocrx_word' id='word_1_546' title='bbox 1429 5303 1474 5354; x_wconf 90' lang='lat' dir='ltr'><strong>lib.</strong></span> <span class='ocrx_word' id='word_1_547' title='bbox 1489 5303 1540 5354; x_wconf 79' lang='lat' dir='ltr'><strong>Sea</strong></span> <span class='ocrx_word' id='word_1_548' title='bbox 1557 5304 1678 5368; x_wconf 66' lang='lat' dir='ltr'><strong>princip„</strong></span> 
     </span>
     <span class='ocr_line' id='line_1_46' title="bbox 89 5369 1677 5442; baseline 0.004 -21"><span class='ocrx_word' id='word_1_549' title='bbox 89 5369 178 5422; x_wconf 77' lang='lat' dir='ltr'><strong>&#39;ioum</strong></span> <span class='ocrx_word' id='word_1_550' title='bbox 192 5376 353 5442; x_wconf 77' lang='lat' dir='ltr'><strong>Damnatam,</strong></span> <span class='ocrx_word' id='word_1_551' title='bbox 370 5376 401 5426; x_wconf 81' lang='lat' dir='ltr'><strong>de</strong></span> <span class='ocrx_word' id='word_1_552' title='bbox 413 5375 511 5427; x_wconf 70' lang='lat' dir='ltr'><strong>orthod.</strong></span> <span class='ocrx_word' id='word_1_553' title='bbox 532 5374 591 5440; x_wconf 78' lang='lat' dir='ltr'><strong>fide,</strong></span> <span class='ocrx_word' id='word_1_554' title='bbox 612 5375 658 5424; x_wconf 87' lang='lat' dir='ltr'><strong>lib.</strong></span> <span class='ocrx_word' id='word_1_555' title='bbox 675 5378 701 5440; x_wconf 88' lang='grc'><strong>1,</strong></span> <span class='ocrx_word' id='word_1_556' title='bbox 717 5390 740 5426; x_wconf 89' lang='lat' dir='ltr'><strong>c.</strong></span> <span class='ocrx_word' id='word_1_557' title='bbox 762 5387 801 5426; x_wconf 88' lang='lat'><strong>111.</strong></span> <span class='ocrx_word' id='word_1_558' title='bbox 821 5403 848 5413; x_wconf 92' lang='lat'>-</span> <span class='ocrx_word' id='word_1_559' title='bbox 907 5384 987 5425; x_wconf 86' lang='lat' dir='ltr'><strong>o.vlt.</strong></span> <span class='ocrx_word' id='word_1_560' title='bbox 1000 5397 1029 5409; x_wconf 95' lang='lat'>-</span> <span class='ocrx_word' id='word_1_561' title='bbox 1043 5370 1055 5406; x_wconf 79' lang='lat'>⁸</span> <span class='ocrx_word' id='word_1_562' title='bbox 1068 5372 1185 5438; x_wconf 77' lang='lat' dir='ltr'><strong>August,</strong></span> <span class='ocrx_word' id='word_1_563' title='bbox 1198 5374 1228 5424; x_wconf 79' lang='lat' dir='ltr'><strong>de</strong></span> <span class='ocrx_word' id='word_1_564' title='bbox 1242 5375 1303 5428; x_wconf 81' lang='lat' dir='ltr'><strong>Gen.</strong></span> <span class='ocrx_word' id='word_1_565' title='bbox 1322 5376 1357 5426; x_wconf 83' lang='lat' dir='ltr'><strong>cd</strong></span> <span class='ocrx_word' id='word_1_566' title='bbox 1367 5375 1431 5439; x_wconf 76' lang='lat' dir='ltr'><strong>tot,</strong></span> <span class='ocrx_word' id='word_1_567' title='bbox 1444 5375 1489 5427; x_wconf 86' lang='lat' dir='ltr'><strong>lib.</strong></span> <span class='ocrx_word' id='word_1_568' title='bbox 1504 5376 1572 5440; x_wconf 90' lang='lat' dir='ltr'><strong>Vlll,</strong></span> <span class='ocrx_word' id='word_1_569' title='bbox 1586 5389 1610 5427; x_wconf 85' lang='lat' dir='ltr'><strong>c.</strong></span> <span class='ocrx_word' id='word_1_570' title='bbox 1624 5387 1677 5442; x_wconf 75' lang='grc' dir='ltr'><strong>ιι,</strong></span> 
     </span>
     <span class='ocr_line' id='line_1_47' title="bbox 90 5441 1676 5513; baseline 0.006 -20"><span class='ocrx_word' id='word_1_571' title='bbox 90 5441 196 5510; x_wconf 67' lang='lat' dir='ltr'><strong>⁸Grep„</strong></span> <span class='ocrx_word' id='word_1_572' title='bbox 205 5447 295 5498; x_wconf 70' lang='lat' dir='ltr'><strong>idmst.</strong></span> <span class='ocrx_word' id='word_1_573' title='bbox 305 5448 351 5499; x_wconf 85' lang='lat' dir='ltr'><strong>lib.</strong></span> <span class='ocrx_word' id='word_1_574' title='bbox 362 5449 429 5513; x_wconf 82' lang='lat' dir='ltr'><strong>xvl,</strong></span> <span class='ocrx_word' id='word_1_575' title='bbox 438 5463 462 5499; x_wconf 87' lang='lat' dir='ltr'><strong>c.</strong></span> <span class='ocrx_word' id='word_1_576' title='bbox 472 5446 735 5511; x_wconf 72' lang='lat' dir='ltr'><strong>xvtrt.-⁸Hilar.,de</strong></span> <span class='ocrx_word' id='word_1_577' title='bbox 750 5447 850 5510; x_wconf 79' lang='lat' dir='ltr'><strong>Trinit,</strong></span> <span class='ocrx_word' id='word_1_578' title='bbox 905 5462 934 5498; x_wconf 91' lang='lat' dir='ltr'><strong>n.</strong></span> <span class='ocrx_word' id='word_1_579' title='bbox 946 5443 1043 5498; x_wconf 78' lang='lat'><strong>39.-⁹</strong></span> <span class='ocrx_word' id='word_1_580' title='bbox 1058 5444 1145 5511; x_wconf 74' lang='lat' dir='ltr'><strong>trist,</strong></span> <span class='ocrx_word' id='word_1_581' title='bbox 1159 5447 1204 5498; x_wconf 85' lang='lat' dir='ltr'><strong>lib.</strong></span> <span class='ocrx_word' id='word_1_582' title='bbox 1219 5446 1249 5497; x_wconf 83' lang='lat' dir='ltr'><strong>de</strong></span> <span class='ocrx_word' id='word_1_583' title='bbox 1260 5451 1340 5498; x_wconf 82' lang='lat' dir='ltr'><strong>morte</strong></span> <span class='ocrx_word' id='word_1_584' title='bbox 1352 5450 1377 5498; x_wconf 83' lang='lat' dir='ltr'><strong>et</strong></span> <span class='ocrx_word' id='word_1_585' title='bbox 1389 5449 1457 5510; x_wconf 83' lang='lat' dir='ltr'><strong>vitu,</strong></span> <span class='ocrx_word' id='word_1_586' title='bbox 1476 5463 1500 5499; x_wconf 89' lang='lat' dir='ltr'><strong>c.</strong></span> <span class='ocrx_word' id='word_1_587' title='bbox 1518 5460 1570 5500; x_wconf 76' lang='grc' dir='ltr'><strong>ε-</strong></span> <span class='ocrx_word' id='word_1_588' title='bbox 1584 5449 1607 5487; x_wconf 80' lang='lat'><strong>¹⁰</strong></span> <span class='ocrx_word' id='word_1_589' title='bbox 1623 5449 1676 5503; x_wconf 74' lang='lat' dir='ltr'><strong>Au·</strong></span> 
     </span>
     <span class='ocr_line' id='line_1_48' title="bbox 91 5512 1451 5590; baseline 0 -20"><span class='ocrx_word' id='word_1_590' title='bbox 91 5512 131 5570; x_wconf 85' lang='lat' dir='ltr'><strong>lib.</strong></span> <span class='ocrx_word' id='word_1_591' title='bbox 141 5517 195 5569; x_wconf 86' lang='lat' dir='ltr'><strong>vu.</strong></span> <span class='ocrx_word' id='word_1_592' title='bbox 204 5545 236 5556; x_wconf 99' lang='lat'>-</span> <span class='ocrx_word' id='word_1_593' title='bbox 247 5520 340 5584; x_wconf 73' lang='lat' dir='ltr'><strong>litam„</strong></span> <span class='ocrx_word' id='word_1_594' title='bbox 354 5532 412 5586; x_wconf 85' lang='lat' dir='ltr'><strong>vui,</strong></span> <span class='ocrx_word' id='word_1_595' title='bbox 425 5523 450 5573; x_wconf 89' lang='lat'><strong>8.</strong></span> <span class='ocrx_word' id='word_1_596' title='bbox 459 5546 490 5559; x_wconf 98' lang='lat'><em>-</em></span> <span class='ocrx_word' id='word_1_597' title='bbox 502 5522 512 5554; x_wconf 83' lang='lat'>⁸</span> <span class='ocrx_word' id='word_1_598' title='bbox 523 5522 599 5585; x_wconf 71' lang='lat' dir='ltr'><strong>Aug„</strong></span> <span class='ocrx_word' id='word_1_599' title='bbox 614 5520 725 5585; x_wconf 74' lang='lat' dir='ltr'><strong>Confert.</strong></span> <span class='ocrx_word' id='word_1_600' title='bbox 739 5519 785 5576; x_wconf 79' lang='lat' dir='ltr'><strong>lib.</strong></span> <span class='ocrx_word' id='word_1_601' title='bbox 795 5521 850 5590; x_wconf 84' lang='lat' dir='ltr'><strong>llll,</strong></span> <span class='ocrx_word' id='word_1_602' title='bbox 905 5524 987 5588; x_wconf 75' lang='lat' dir='ltr'><strong>gast,</strong></span> <span class='ocrx_word' id='word_1_603' title='bbox 999 5516 1030 5567; x_wconf 80' lang='lat' dir='ltr'><strong>de</strong></span> <span class='ocrx_word' id='word_1_604' title='bbox 1043 5514 1145 5588; x_wconf 72' lang='lat' dir='ltr'><strong>trinit,</strong></span> <span class='ocrx_word' id='word_1_605' title='bbox 1159 5520 1204 5572; x_wconf 86' lang='lat' dir='ltr'><strong>lib.</strong></span> <span class='ocrx_word' id='word_1_606' title='bbox 1218 5520 1285 5585; x_wconf 74' lang='lat' dir='ltr'><strong>xlv,</strong></span> <span class='ocrx_word' id='word_1_607' title='bbox 1303 5534 1326 5571; x_wconf 86' lang='lat' dir='ltr'><strong>c.</strong></span> <span class='ocrx_word' id='word_1_608' title='bbox 1337 5532 1374 5587; x_wconf 84' lang='lat' dir='ltr'><strong>rr,</strong></span> <span class='ocrx_word' id='word_1_609' title='bbox 1388 5533 1416 5572; x_wconf 87' lang='lat' dir='ltr'><strong>n.</strong></span> <span class='ocrx_word' id='word_1_610' title='bbox 1427 5523 1451 5572; x_wconf 84' lang='lat'><strong>6.</strong></span> 
     </span>
    </p>
   </div>
   <div class='ocr_carea' id='block_1_5' title="bbox 0 0 2059 6292">
    <p class='ocr_par' dir='ltr' id='par_1_5' title="bbox 0 0 2059 6292">
     <span class='ocr_line' id='line_1_49' title="bbox 0 0 2059 6292; baseline 0 0"><span class='ocrx_word' id='word_1_611' title='bbox 0 0 2059 6292; x_wconf 95' lang='lat' dir='ltr'><strong> </strong></span> 
     </span>
    </p>
   </div>
  </div>
 </body>
</html>
