4100 6300
406 379 465 441 iit
1031 370 1341 437 SENTENTIARUM
1361 369 1436 436 LIB.
1459 369 1484 434 1.

445 509 541 590 Item,
559 505 737 574 rationibus
751 508 905 592 probatur
923 508 970 572 sio
986 530 993 572 :
1009 505 1131 574 Veritas
1146 513 1178 572 θῖ
1485 503 1745 570 CONCLUSIO.

405 618 531 684 vanitas
558 621 795 701 ⁰PP⁰1¹¹²11tUP²
825 616 878 682 sed
901 617 1007 682 Omnis
1033 620 1179 681 creatum
1234 638 1358 704 Veritas,
1379 641 1459 711 prout
1483 637 1665 706 distineatur
1682 640 1779 692 eontra
1797 638 1969 709 impuritatm,
2040 686 2041 693 ,

405 726 502 791 hahet
513 727 686 791 vanitatem
696 774 706 806 ,
718 729 751 791 et
763 723 1012 809 permixtionem
1025 743 1100 793 curu
1113 742 1178 788 non
1268 727 1518 785 dissimilitudinem
1531 731 1557 784 et
1573 726 1783 795 obscuritatem,
1799 729 1838 782 est
1852 731 1970 799 pmpmm

407 851 492 912 esse,
505 852 582 898 cum
603 834 643 899 sit
660 853 702 899 ex
717 833 835 913 nihilo;
857 838 889 899 et
911 832 999 898 solus
1015 832 1100 898 neus
1118 832 1180 895 hac
1267 817 1358 874 doira
1369 819 1442 874 ΕΝ·

408 947 494 1007 caret
504 941 636 1008 omnino
655 928 761 1025 :ergo
775 942 811 1006 in
824 941 892 1007 solo
909 940 973 1009 Deo
989 945 1038 1005 est
1050 940 1177 1008 veritas.
1273 936 1367 1020 Resp.
1393 937 1434 1002 ad
1453 936 1533 1018 Arg.
1558 935 1751 1015 Dicendum,
1778 935 1865 1018 qnod
1882 934 1971 1003 taint
2040 944 2041 999 3

449 1049 693 1131 Item,ve1itas
724 1049 898 1135 opponitur
923 1049 1066 1128 umbram
1094 1048 1181 1132 quod
1234 1044 1331 1109 habet
1339 1044 1496 1126 triplicem
1508 1044 1971 1126 comparationemzhoteteom
2040 1088 2041 1111 t

408 1158 496 1224 enim
515 1161 563 1224 est
580 1158 697 1224 umbra
717 1159 764 1223 rei
784 1176 851 1223 non
869 1158 967 1224 hahet
988 1158 1179 1223 veritatem:
1235 1153 1414 1236 comparari
1430 1152 1470 1217 ad
1486 1153 1666 1235 subjectum
1682 1153 1771 1235 qrrod
1784 1152 1973 1231 intormat,ni

409 1267 623 1335 seinamma
635 1265 1073 1333 suntumbrmiiiiussummi
1084 1286 1092 1329 ι
1103 1282 1182 1346 ergo
1236 1264 1432 1348 principium
1448 1264 1535 1348 quod
1554 1267 1776 1347 representat,
1797 1267 1829 1329 et
1849 1265 1888 1328 od
1903 1265 1974 1328 intei-

409 1393 477 1440 non
493 1376 613 1447 habent
625 1364 793 1441 veritatem
811 1375 941 1443 inesse.
1235 1372 1355 1437 lectum
1377 1389 1477 1455 quem
1494 1372 1619 1437 excitat.
1644 1371 1683 1436 In
1703 1370 1931 1455 comparatione
1947 1373 1974 1436 ai

451 1482 546 1564 imm,
560 1483 679 1549 veritas
690 1488 738 1555 est
751 1502 817 1567 pua
834 1483 954 1566 aliquid
974 1486 1023 1548 est
1039 1499 1181 1549 verum:
1237 1479 1418 1563 subjectum
1435 1480 1595 1560 veritatis,
1614 1479 1732 1545 dicitur
1747 1480 1868 1543 veritas
1884 1480 1976 1542 :tots

411 1590 467 1657 sed
478 1591 595 1658 veritas
612 1595 660 1657 est
675 1609 768 1672 vera,
790 1590 920 1657 comsit
938 1589 1182 1672 cognoscibilis:
1238 1592 1270 1653 et
1282 1587 1440 1670 ¹potentiae
1458 1587 1619 1653 indivisio.
1648 1586 1685 1651 in
1704 1587 1976 1670 comparationem

412 1698 467 1764 sed
487 1702 609 1765 constat
631 1699 718 1782 quod
741 1716 808 1764 non
828 1697 891 1763 alio
916 1717 1014 1781 quam
1034 1717 1085 1777 se,
1108 1697 1185 1780 quia
1237 1695 1451 1779 principium,
1467 1695 1584 1760 dicitur
1602 1697 1722 1761 veritas
1738 1716 1748 1760 :
1763 1694 1903 1760 Summa
1917 1694 1976 1758 veri

412 1807 490 1871 alias
501 1811 584 1872 esset
598 1807 686 1872 abire
704 1806 740 1871 in
759 1807 925 1871 infinitum
943 1830 950 1871 :
970 1807 1025 1871 sed
1038 1804 1123 1889 quod
1139 1808 1186 1869 cst
1238 1803 1312 1868 tatis
1331 1804 1493 1887 etprimae
1506 1805 1764 1887 repraesentatio,
1783 1802 1977 1868 sivoimitatio.

412 1933 527 1981 verum
550 1914 669 1997 seipso,
695 1919 743 1980 est
763 1932 881 1981 verum
904 1932 961 1999 per
986 1914 1183 1978 essentiam:
1239 1911 1276 1977 ln
1288 1912 1524 1995 comparatione
1536 1913 1577 1977 ad
1596 1912 1813 1992 intellectum,
1828 1913 1978 1977 diamet—

413 2041 492 2106 ergo
502 2022 613 2088 omnis
624 2022 742 2088 veritas
754 2027 802 2087 est
820 2039 899 2087 vera
917 2040 976 2105 per
988 2022 1183 2086 essentiam:
1238 2020 1317 2085 ritas
1341 2039 1350 2084 t
1373 2018 1463 2085 Ratio
1482 2020 1714 2103 distinguendi.
1742 2020 1785 2086 Et
1805 2022 1841 2084 in
1861 2018 1979 2083 omnibu

413 2131 467 2197 sed
480 2131 677 2199 notaverim
691 2131 833 2196 increata
852 2132 900 2194 est
912 2148 990 2195 vera
1004 2147 1063 2213 per
1076 2148 1186 2194 essen-
1238 2127 1301 2192 iliis
1323 2128 1628 2212 comparationibus,
1648 2128 1818 2212 dupliciter
1838 2132 1928 2211 potest
1941 2145 1979 2191 ao

413 2239 492 2305 tiam
508 2259 517 2304 ε
531 2258 610 2322 ergo
623 2239 742 2305 veritos
754 2242 801 2304 est
813 2238 990 2323 proprietas
1005 2237 1061 2303 [tei
1074 2238 1185 2303 soiius.
1241 2237 1304 2319 cipi
1328 2238 1446 2303 veritas
1469 2259 1477 2301 ι
1499 2255 1567 2303 nno
1586 2236 1697 2314 modo,
1716 2241 1818 2319 prout
1839 2235 1979 2316 inungui

320 2383 401 2426 ,Μ
454 2347 569 2413 Contra
601 2369 610 2413 ε
635 2345 669 2412 Si
695 2347 813 2413 veritas
841 2350 889 2411 est
914 2345 969 2411 Dei
991 2346 1185 2430 proprietas;
1240 2349 1295 2409 tur
1307 2348 1418 2410 contra
1432 2344 1615 2422 falsitatem
1631 2344 1693 2409 ulio
1711 2345 1828 2423 modo,
1843 2343 1979 2428 prouidis

299 2462 325 2491 ¹¹²
342 2446 402 2489 ti·
415 2455 473 2517 aut
505 2470 585 2534 ergo
618 2451 736 2516 veritas
763 2450 949 2534 complexa,
978 2454 1036 2515 eut
1068 2451 1189 2514 incom-
1241 2452 1402 2535 tinguitur
1423 2457 1534 2517 contre
1549 2453 1820 2535 permixtionem,
1837 2451 1979 2517 mundun

417 2560 513 2644 plexa
537 2582 544 2624 ε
569 2578 636 2624 non
653 2558 833 2642 complexa,
855 2559 932 2641 quia
954 2558 1027 2623 talis
1043 2561 1091 2623 θεῖ
1112 2576 1189 2622 cum
1242 2560 1976 2644 quodverumdiciturpurumetimpermirtun

417 2668 661 2752 compositione,
675 2668 711 2732 in
724 2667 910 2732 [tcoautem
923 2669 1050 2731 nonest
1063 2684 1190 2750 compo-
1243 2667 1343 2734 Proui
1367 2670 1486 2734 veritas
1509 2668 1662 2733 dividitur
1686 2673 1802 2733 contra
1826 2667 1977 2742 russam

417 2776 490 2841 sitio
498 2775 622 2858 aliqum
636 2793 703 2840 non
713 2775 930 2858 incomplexe,
946 2774 1024 2857 quia
1035 2773 1105 2839 haeo
1116 2793 1190 2838 con-
1243 2794 1317 2859 quae
1336 2781 1384 2841 est
1400 2775 1537 2859 privatio
1559 2775 1781 2856 indivisionis,
1809 2775 1978 2849 imitationis,

417 2882 553 2949 vmtitm
569 2900 645 2948 cum
665 2886 738 2949 ento
753 2906 761 2948 ι
775 2900 876 2965 ergo,
899 2900 974 2947 cum
992 2881 1107 2947 entitas
1124 2900 1191 2946 non
1244 2884 1470 2968 expressionis,
1485 2885 1541 2964 sie,
1557 2902 1633 2949 cum
1644 2884 1682 2948 in
1693 2888 1844 2949 creatura
1855 2883 1892 2948 sit
1903 2882 1979 2964 alium

417 2990 460 3055 sit
476 2990 532 3055 itei
552 2991 742 3079 proprietas,
761 2991 832 3075 pari
844 2989 967 3055 ratione
986 3007 1046 3054 nec
1071 2989 1191 3055 veritas
1244 2993 1339 3058 modo
1352 2993 1499 3057 invenire
1509 2997 1542 3057 et
1554 2992 1805 3071 indivisionem,
1819 2995 1850 3057 et
1861 2990 1980 3055 imitatio

418 3098 491 3165 orit.
1244 3091 1331 3182 riom,
1340 3103 1372 3167 et
1380 3102 1630 3184 expressionem,
1639 3101 1685 3167 sic
1693 3105 1742 3167 est
1751 3101 1980 3167 veritnsnontm·

459 3207 551 3287 item,
567 3224 684 3274 vorum
703 3224 796 3291 aequo
817 3225 990 3274 commune
1008 3210 1057 3274 est
1074 3210 1112 3272 ut
1132 3206 1191 3274 ho·
1245 3213 1316 3275 tum
1329 3210 1364 3275 in
1382 3210 1545 3291 creatore,
1562 3210 1618 3275 sed
1634 3210 1733 3276 etiam
1749 3210 1788 3275 in
1806 3209 1980 3275 aedomztt

419 3333 519 3398 num,
534 3318 566 3382 et
578 3315 718 3399 quodem
737 3315 833 3384 mode
850 3314 956 3397 magis
973 3314 1194 3384 :minoritas
1246 3318 1291 3383 sic
1301 3336 1367 3382 non
1373 3319 1557 3400 assignatur
1567 3318 1622 3383 Dei
1634 3320 1825 3402 proprietas.
1833 3317 1897 3382 Alio
1903 3312 1979 3382 modo.

420 3441 487 3489 non
507 3428 556 3490 est
568 3423 623 3488 Dei
644 3425 821 3510 proprietas
842 3446 850 3489 :
875 3441 954 3506 ergo
975 3421 1047 3506 pari
1069 3421 1194 3496 ratione
1246 3430 1343 3510 prout
1367 3427 1485 3493 veritas
1510 3426 1667 3491 dividitur
1689 3430 1804 3492 conus
1830 3422 1980 3508 permixtio

419 3532 622 3600 neoveritas.
1247 3530 1978 3616 nom,siveimpuntatemsioosttnsoioteo:

461 3639 552 3719 item,
566 3639 685 3706 veritas
697 3643 746 3705 θεῖ
758 3639 842 3706 ratio
855 3637 1054 3704 discernendi
1068 3637 1194 3706 crento
1247 3660 1324 3706 nam
1337 3641 1373 3706 in
1385 3640 1452 3706 solo
1465 3639 1528 3705 [teo
1542 3645 1590 3706 ost
1600 3640 1751 3707 indivisio
1766 3660 1858 3726 pura,
1869 3653 1979 3721 nonptt·

421 3767 492 3814 rem
506 3768 526 3813 a
538 3751 698 3830 creatura,
721 3751 759 3816 et>
773 3750 953 3816 creaturam
975 3765 997 3810 a
1016 3750 1162 3814 creatura
1183 3769 1191 3810 :
1248 3749 1350 3816 mixta
1360 3748 1458 3816 etiem
1470 3748 1656 3816 diversitati.
1672 3748 1710 3815 In
1722 3750 1795 3815 solo
1807 3750 1867 3815 iteo
1880 3743 1980 3812 atini

422 3856 477 3921 sed
502 3856 588 3939 quod
615 3859 662 3920 est
687 3855 768 3920 ratio
795 3853 996 3919 discernendi
1020 3858 1053 3918 et
1082 3853 1194 3920 distin·
1248 3858 1342 3938 tatio,
1359 3857 1578 3924 etsimiiitndo
1592 3875 1690 3941 pura,
1704 3876 1775 3923 non
1792 3850 1980 3943 minuant

423 3963 563 4052 guendi,
580 3969 628 4028 θεῖ
640 3963 805 4028 diversum
820 3961 856 4025 in
869 3960 1003 4027 diversis
1017 3980 1026 4024 z
1040 3978 1120 4043 crgo
1132 3962 1196 4026 alia
1250 3966 1302 4031 oui
1322 3965 1588 4045 dissimilitudini;
1612 3967 1698 4030 etin
1717 3967 1787 4032 soto
1810 3966 1869 4031 Deo
1887 3967 1925 4027 et
1941 3977 1981 4024 tx·

422 4073 540 4138 veritas
557 4078 605 4135 θεῖ
623 4071 657 4134 in
674 4070 737 4135 Deo
754 4088 854 4154 quam
873 4069 908 4132 in
928 4073 1093 4150 ereatura,
1112 4075 1144 4134 et
1161 4070 1196 4134 in
1250 4074 1370 4157 pressio
1381 4073 1513 4138 luminis
1526 4092 1593 4142 uon
1603 4073 1756 4157 permixti
1771 4064 1979 4139 obscuritatelt

422 4197 490 4246 una
510 4182 656 4250 creatura
675 4195 774 4266 quam
792 4177 829 4242 in
847 4177 910 4242 alia
931 4199 939 4241 ε
960 4195 1039 4262 orgo
1059 4196 1136 4267 nou
1149 4180 1197 4242 est
1250 4186 1396 4247 creatura
1410 4185 1518 4246 autem
1540 4185 1588 4245 est
1609 4181 1763 4248 indivisio
1781 4201 1855 4248 cum
1875 4176 1980 4244 adast

422 4287 593 4371 proprium
605 4286 705 4351 solius
719 4286 785 4351 [tei.
1250 4289 1402 4372 potentiae
1423 4289 1619 4370 diversitate;
1635 4294 1668 4355 et
1683 4290 1821 4356 imitatio
1839 4306 1904 4354 oum
1918 4281 1979 4349 dui

464 4394 560 4482 Item,
576 4394 779 4482 Augustinus
797 4400 808 4436 ¹
823 4393 858 4458 iu
873 4393 1061 4477 soliloquiis
1079 4415 1091 4458 .·
1107 4415 1123 4454 o
1139 4392 1197 4459 Ve·
1252 4397 1448 4475 militudine;
1463 4402 1510 4464 cst
1523 4396 1658 4464 ulterius
1671 4397 1706 4462 in
1719 4417 1759 4463 ea
1771 4396 1918 4481 expremit
1928 4405 1979 4454 tuit

424 4522 500 4570 rum
514 4508 561 4569 est
574 4505 607 4570 id
622 4502 708 4587 quod
721 4506 792 4567 est:
810 4524 826 4562 n
845 4519 924 4584 ergo
938 4503 1056 4566 veritas
1069 4506 1116 4566 est
1128 4503 1198 4585 ipsa
1253 4504 1445 4572 obscuritate
1469 4521 1478 4565 ε
1502 4508 1532 4569 θῖ
1552 4504 1624 4570 ideo
1638 4505 1700 4571 hoe
1720 4507 1818 4572 motio
1836 4510 1879 4570 est
1897 4500 1979 4564 veits

425 4614 566 4680 entitas:
588 4630 668 4695 ergo
688 4630 754 4677 non
774 4614 822 4676 est
841 4610 1008 4694 proprium
1035 4611 1195 4689 essentiam
1252 4612 1355 4682 divini
1369 4611 1444 4686 Esse
1461 4612 1655 4695 proprietas,
1670 4615 1762 4680 etsie
1781 4606 1977 4697 oedpittttr's

425 4722 502 4806 quia
523 4722 548 4786 si
572 4723 632 4802 sio,
652 4739 717 4805 qua
736 4720 861 4785 ratione
881 4717 999 4783 dicitur
1019 4736 1028 4782 :
1050 4716 1200 4784 sVeritas
1253 4724 1313 4798 ter,
1325 4723 1357 4784 et
1369 4721 1572 4803 Augustinus
1584 4725 1616 4788 et
1635 4720 1849 4807 Hieronymus
1861 4732 1881 4785 ².
1893 4713 1978 4782 vom

426 4837 474 4895 est
486 4830 663 4914 proprietas
679 4828 871 4905 essentem
889 4829 994 4911 posset
1013 4825 1075 4891 dici
1088 4844 1106 4890 e
1120 4842 1199 4890 con·
1254 4828 1341 4891 enirn
1354 4846 1468 4893 verum
1481 4846 1563 4908 esse,
1577 4829 1663 4912 quod
1675 4830 1757 4894 nihii
1768 4826 1901 4896 hebetis
1911 4817 1977 4906 pout·

426 4955 531 5020 verso,
545 4955 621 5002 cum
636 4936 770 5006 omuino
782 4935 868 5001 idem
882 4935 957 5001 sint.
1253 4935 1393 5016 titileia,
1421 4936 1503 5000 nihil
1524 4937 1619 5002 habet
1642 4937 1681 5002 de
1704 4939 1859 5030 vanitate,
1877 4925 1975 4998 nihil&

460 5064 534 5114 ¹inm
553 5068 643 5115 anoton
658 5063 765 5130 soliloq.
781 5062 826 5114 tio.
843 5063 877 5126 n,
892 5075 916 5112 e.
933 5072 996 5125 v,n.
1016 5061 1042 5111 r.
1058 5060 1109 5098 -¹
1122 5061 1156 5113 ut
1172 5060 1200 5111 in
1254 5062 1320 5108 non
1337 5044 1478 5110 entitate.
1498 5043 1538 5114 ut
1554 5045 1626 5111 idoo
1640 5046 1674 5109 in
1692 5044 1756 5112 lieo
1769 5065 1831 5111 non
1842 5037 2028 5151 caditur&

428 5138 509 5188 torto
1254 5152 1359 5217 teritio
1375 5156 1408 5216 et
1427 5153 1588 5232 futuritio,
1608 5171 1684 5237 quae
1708 5155 1814 5238 utiquo
1838 5150 1915 5217 mode
1931 5157 1973 5208 tit

1256 5260 1441 5339 entiamnt3
1456 5265 1489 5325 et
1503 5259 1549 5325 sic
1562 5261 1740 5345 procedunt
1751 5263 1822 5332 dua
1833 5258 1973 5346 primatu

1255 5367 1397 5433 tontates
1410 5372 1443 5433 et
1454 5367 1605 5436 nationes.
