4100 6300
800 474 993 543 DlS'llNll'l'.
1015 475 1055 542 ll.
1687 484 1729 543 ao

145 635 277 684 mecum
287 641 297 704 3
316 612 374 683 ubi
392 613 515 707 pariter
530 605 823 706 h'aesitat„quaerat
839 634 968 682 mecum
978 638 988 702 ;
1004 611 1063 682 ubi
1084 632 1228 683 errorem
1248 635 1347 683 suum
1364 613 1545 703 cognoscit,
1562 613 1673 684 redeat
1691 613 1734 685 ad

143 754 214 819 me3
228 730 289 801 nbi
303 752 413 801 meum
427 784 437 819 ,
452 738 581 802 revocet
594 753 660 801 me.
680 730 730 800 Ita
743 729 971 821 ingrediamur
984 729 1085 799 amul
1098 729 1264 799 charitatis
1276 731 1383 819 viam,
1397 731 1565 802 tendentes
1578 730 1620 801 ad
1635 753 1732 818 eum,

142 847 186 918 de
198 870 266 942 quo
277 847 403 919 dietum
418 844 487 918 est¹
506 873 515 917 ε
533 849 678 934 Quaerite
686 847 814 939 faeiem
828 847 899 939 ejus
910 870 1048 939 semper.
1063 874 1082 914 a

190 964 311 1035 Omnes
324 972 435 1035 autem
457 964 608 1034 catholici
630 971 834 1052 tractatores,
850 972 888 1033 ut
908 963 942 1032 in
962 963 1076 1033 eodem
1094 964 1209 1033 libroI
1231 964 1272 1034 de
1291 964 1454 1035 Trinitate
1468 966 1502 1049 ¹,
1524 966 1736 1055 Augustinus
1749 991 1854 1046 marae

144 1080 204 1167 ait,
223 1080 363 1173 «quide
377 1081 549 1169 Trinitate,
565 1103 641 1173 qua
655 1079 741 1151 Deus
755 1087 815 1167 est,
830 1080 1042 1172 scripserunt,
1054 1079 1116 1148 hoc
1125 1079 1337 1150 intenderunt
1349 1082 1530 1151 secundum
1544 1080 1736 1175 Scripturas
1749 1057 1856 1162 {iiiiii

144 1196 273 1283 docere,
288 1196 377 1290 quod
390 1197 500 1284 Pater,
515 1205 547 1266 et
558 1196 678 1284 Filius,
694 1204 727 1265 et
740 1195 884 1289 Spiritus
898 1204 1041 1284 sanctus,
1056 1198 1158 1265 unius
1177 1197 1243 1266 sint
1255 1198 1457 1286 substantia,
1476 1206 1508 1268 et
1524 1197 1736 1291 inseparabili
1751 1182 1857 1288 ἀξᾞῗζῗ

144 1315 347 1407 aequalitate,
362 1337 451 1384 unus
463 1315 529 1384 sint
539 1315 646 1402 Deus3
661 1340 679 1379 n
698 1320 736 1382 ut
748 1313 789 1382 sit
802 1312 911 1382 unitas
924 1296 960 1381 in
974 1297 1126 1399 absentia,
1142 1321 1176 1382 et
1187 1314 1359 1407 pluralitas
1372 1314 1409 1383 in
1423 1314 1570 1407 personis
1589 1339 1597 1383 ε
1617 1315 1738 1385 rideo·
1751 1312 1804 1351 ¹¹¹²·

143 1440 238 1524 que}
253 1454 319 1500 non
334 1440 413 1501 sunt
425 1440 491 1500 tres
504 1430 551 1499 dii
564 1483 573 1518 ,
589 1431 644 1502 sed
659 1453 748 1500 unus
760 1429 850 1499 Deus
859 1456 868 1517 ;
884 1430 959 1498 licet
972 1429 1070 1498 Pater
1088 1429 1213 1498 Filium
1226 1430 1395 1518 genuerit,
1412 1437 1444 1500 et
1458 1431 1531 1500 ideo
1549 1431 1657 1501 Filius
1668 1455 1738 1502 non

146 1547 192 1615 sit
205 1548 265 1641 qui
278 1548 376 1617 Pater
395 1555 460 1635 est;
475 1547 647 1639 Filiusque
661 1571 681 1615 a
693 1547 791 1616 Patre
809 1547 851 1615 sit
865 1546 1013 1636 genitus,
1029 1554 1062 1616 et
1077 1546 1119 1638 (a)
1135 1546 1208 1616 ideo
1230 1547 1328 1616 Pater
1341 1570 1408 1617 non
1422 1548 1464 1617 sit
1476 1548 1535 1641 qui
1548 1547 1657 1618 Filius
1671 1557 1719 1618 est
1727 1574 1737 1635 ;

144 1673 180 1734 et
193 1664 338 1757 Spiritus
348 1672 492 1752 sanctus,
507 1687 567 1732 nec
579 1663 678 1732 Pater
690 1664 752 1751 sit,
769 1685 830 1732 nec
841 1662 962 1751 Filius,
977 1663 1032 1733 sed
1047 1670 1176 1732 tantum
1185 1663 1292 1733 Patris
1304 1663 1422 1733 ctFilii
1436 1663 1594 1757 Spiritus,
1606 1665 1740 1757 utrique
1833 1665 1835 1668 ’

147 1782 346 1875 coaequalis,
361 1790 391 1850 et
410 1781 451 1849 ad
470 1780 639 1849 Trinitatis
663 1781 701 1872 (d)
720 1781 886 1872 pertinens
906 1780 1078 1850 unitatem.
1094 1804 1112 1844 a
1131 1780 1314 1849 Teneamus
1333 1803 1412 1870 ergo
1430 1807 1447 1846 (ι
1466 1780 1599 1849 Patrem
1612 1834 1621 1868 ,
1632 1789 1670 1849 et
1686 1781 1742 1850 Fi-

144 1898 254 1986 lium,
269 1906 301 1967 et
313 1897 474 1991 Spiritum
487 1904 656 1985 sanctum,
672 1920 777 1966 unum
793 1919 861 1965 esse
874 1897 1068 1966 naturaliter
1082 1896 1208 1981 Deum,
1223 1903 1261 1964 ut
1274 1896 1320 1963 ait
1333 1896 1539 1986 Augustinus
1555 1897 1590 1966 in
1601 1898 1686 1968 libro
1700 1897 1742 1966 de

143 2013 216 2108 fide
238 2013 285 2083 ad
305 2017 443 2083 Petrum
456 2018 485 2100 ⁸,
501 2037 610 2107 neque
628 2022 738 2083 tamen
759 2013 869 2107 ipsum
889 2014 1020 2082 Patrem
1035 2035 1118 2099 esse,
1135 2012 1195 2105 qui
1211 2012 1317 2081 Filius
1329 2022 1395 2100 est;
1411 2036 1470 2082 nec
1491 2013 1617 2084 Filium
1631 2015 1741 2106 ipsum

147 2153 234 2218 esse,
249 2131 307 2224 qui
320 2131 417 2200 Pater
430 2138 498 2200 est:
514 2154 575 2201 nec
588 2129 751 2224 Spiritum
765 2137 913 2199 sanetum
931 2129 1040 2221 ipsum
1054 2151 1135 2216 esse,
1155 2128 1214 2220 qui
1228 2128 1325 2197 Pater
1338 2136 1387 2196 est
1399 2137 1457 2198 aut
1471 2128 1589 2198 Filius.
1605 2129 1680 2199 Una
1693 2138 1742 2201 est
1806 2110 1814 2128 ’

149 2248 240 2318 enim
256 2248 375 2336 Patris,
390 2256 423 2316 et
435 2248 526 2334 Filii,
542 2254 574 2316 et
587 2246 730 2339 Spiritus
743 2247 846 2315 sancti
860 2246 1010 2333 essentia,
1028 2268 1127 2337 quam
1140 2245 1245 2314 Graeci
1258 2255 1334 2310 οὐσίαν
1343 2254 1473 2333 vocant,
1488 2247 1524 2315 in
1534 2270 1601 2339 qua
1613 2269 1682 2318 non
1694 2255 1743 2318 est

147 2364 243 2433 aliud
258 2364 375 2452 Pater,
391 2363 481 2434 aliud
494 2364 616 2451 Filius,
631 2363 724 2432 aliud
744 2361 889 2455 Spiritus
906 2371 1037 2432 sanctus
1046 2415 1056 2449 ,
1072 2362 1223 2455 quamvis
1236 2364 1278 2432 sit
1295 2363 1509 2455 personaliter
1528 2362 1615 2433 alius
1628 2363 1739 2453 Pater,

146 2480 236 2549 alius
247 2479 366 2568 Filius,
382 2480 467 2549 alius
480 2479 623 2573 Spiritus
636 2490 777 2549 sanctus.
794 2505 812 2545 n

194 2598 378 2685 Caeterum,
393 2606 430 2667 ut
440 2597 475 2665 in
488 2597 596 2689 primo
608 2596 695 2665 libro
709 2595 750 2665 de
766 2595 930 2665 Trinitate
943 2605 954 2640 1
965 2593 1175 2685 Augustinus
1187 2594 1295 2683 docet,
1314 2621 1332 2661 a
1347 2594 1646 2688 primosecundum
1662 2621 1740 2668 auc·
1763 2635 1815 2688 Qui,
1825 2653 1860 2685 0„

146 2714 315 2784 toritatem
336 2720 522 2783 sanctarum
542 2711 813 2809 Scripturarum,
834 2721 949 2781 utrum
967 2710 1050 2780 fides
1071 2712 1117 2780 ita
1137 2734 1171 2780 sc
1194 2710 1332 2799 haheat,
1356 2711 1648 2785 demonstrandum
1671 2725 1737 2802 est;
1763 2699 1850 2810 ,23¹-

150 2829 273 2901 deinde
289 2828 447 2899 adversus
459 2829 611 2920 garrulos
624 2828 887 2917 ratiocinatores,
902 2829 1052 2898 elatiores
1068 2828 1174 2919 magis
1193 2852 1293 2922 quam
1311 2830 1542 2922 capaciorem»
1560 2833 1742 2903 rationibus
1754 2827 1862 2935 22⁵4&ssss

146 2945 336 3035 catholicis,
351 2954 384 3014 et
396 2945 668 3015 similitudinibus
681 2946 836 3035 congruis
849 2945 889 3015 ad
904 2946 1125 3015 defensionem
1135 2955 1167 3014 et
1179 2946 1389 3016 assertionem
1404 2947 1481 3018 fidei
1495 2948 1656 3019 utendum
1670 2960 1738 3037 est,
1755 2959 1797 2997 ¹³¹⁰
1813 2957 1859 3012 111·

1755 3027 1797 3066 tur.

146 3070 316 3133 uteorum
329 3062 601 3156 inquisitionibus
615 3061 858 3152 satisfacientes,
873 3071 1062 3132 mansuetos
1075 3061 1206 3155 plenius
1220 3063 1422 3132 instruamus
1438 3090 1446 3131 z
1463 3064 1572 3154 atilli,
1592 3068 1671 3135 asi·
1684 3090 1742 3137 ne·

146 3180 298 3274 quierint
309 3180 459 3249 invenire
472 3179 563 3273 quod
578 3189 731 3272 quarunt
740 3233 751 3269 ,
764 3180 805 3249 de
819 3179 887 3250 suis
905 3179 1071 3249 mentibus
1089 3179 1311 3272 potiusquam
1324 3179 1365 3250 de
1378 3181 1449 3273 ipsa
1464 3182 1618 3272 veritate,
1634 3185 1688 3254 vel
1700 3184 1741 3254 de

145 3304 263 3367 nostra
276 3296 451 3369 assertione
464 3304 721 3389 conquerantur.
736 3322 755 3363 r

194 3414 424 3506 Proponamus
436 3434 514 3503 ergo
524 3413 559 3481 in
572 3411 732 3500 medium,
743 3412 884 3500 Veteris,
895 3434 933 3481 ac
940 3411 1028 3481 Novi
1037 3412 1237 3481 Testamenti
1248 3413 1468 3504 auctoritates,
1484 3416 1606 3506 quibus
1619 3416 1741 3487 divina
1759 3442 1863 3487 restrae

152 3528 297 3598 Unitatis
308 3538 409 3623 atque
421 3528 593 3627 Trinitatis
606 3528 724 3600 veritas
737 3528 994 3617 demonstratum
1011 3551 1048 3599 ac
1059 3527 1205 3621 primum
1219 3528 1290 3622 ipsa
1302 3529 1399 3620 Legis
1410 3531 1546 3602 exordia
1555 3543 1740 3620 occurrant,
1755 3503 1862 3608 illidii

147 3645 212 3715 nbi
227 3644 356 3739 Moyses
370 3645 443 3714 'ait'
460 3670 468 3714 z
484 3644 589 3730 Audi,
607 3645 728 3729 lsrael,
744 3646 907 3714 Dominus
926 3646 1010 3714 Deus
1030 3657 1122 3732 tuus,
1137 3648 1224 3714 Deus
1241 3669 1327 3714 unas
1345 3660 1404 3718 est.
1420 3648 1503 3717 Item
1517 3652 1528 3688 ⁸
1547 3674 1555 3717 z
1575 3651 1649 3741 Epo
1668 3673 1741 3719 sum
1757 3629 1861 3672 ΝΜ

147 3763 315 3833 Dominus
327 3766 415 3833 Deus
429 3776 520 3847 tuus,
539 3761 708 3855 quiedam
722 3775 754 3831 tc
771 3761 812 3831 de
830 3774 919 3831 terra
932 3761 1074 3854 AEqypti
1082 3785 1097 3845 ,·
1111 3785 1178 3830 noa
1197 3775 1293 3832 erunt
1312 3746 1374 3832 tibi
1391 3765 1453 3833 olii
1467 3764 1526 3833 Dii
1537 3777 1664 3858 proeter
1676 3789 1741 3836 mc.

145 3880 232 3950 Ecce
245 3878 298 3948 hic
312 3879 509 3970 significavit
523 3881 681 3949 unitatem
696 3878 818 3949 divinae
833 3884 972 3948 naturae.
992 3878 1113 3947 «Deus
1129 3878 1237 3966 enim,
1253 3886 1292 3948 ut
1309 3879 1354 3949 ait
1371 3880 1566 3951 Ambrosius
1584 3882 1619 3952 in
1637 3883 1744 3975 primo

146 3995 237 4066 libro
250 3995 291 4066 de
306 3997 468 4069 uanitate
480 4000 504 4084 ⁸,
515 4019 636 4067 nomen
650 4004 699 4067 est
711 4004 859 4084 naturaa3
877 3994 1037 4065 Dominus
1050 4018 1129 4066 vero
1141 4018 1262 4073 nomen
1276 4004 1324 4065 est
1338 3998 1513 4088 potestatis.
1528 4024 1546 4064 a
1558 3999 1652 4087 Item,
1665 4000 1745 4070 alibi

145 4111 257 4201 Deus,
272 4113 412 4207 loquens
432 4114 475 4182 ad
494 4113 646 4206 Moysen,
663 4112 709 4182 ait
722 4118 745 4155 ¹⁰
763 4137 771 4180 ε
788 4115 862 4204 Epo
880 4134 953 4180 sum
976 4112 1034 4203 aui
1050 4135 1143 4196 sum,
1166 4112 1247 4180 etsi
1269 4115 1456 4205 quaesierint
1477 4139 1597 4185 nomen
1620 4139 1741 4206 meum,

148 4228 239 4299 vada
258 4243 290 4299 at
309 4229 363 4300 dic
377 4231 422 4300 eis
437 4255 449 4297 .·
467 4230 532 4315 Qui
545 4215 609 4313 est,
625 4229 719 4298 misit
732 4252 785 4297 me
798 4226 845 4296 ad
861 4250 928 4297 vos.
945 4226 1062 4297 Dicens
1075 4228 1181 4315 euim,
1196 4231 1270 4320 Epo
1283 4252 1374 4312 sum,
1391 4252 1475 4318 non,
1485 4235 1554 4303 Nos
1567 4255 1696 4316 sumus,
1713 4240 1746 4301 et

150 4348 222 4432 Qui
235 4360 300 4431 est,
315 4370 399 4435 nou,
421 4347 488 4432 Qui
503 4369 632 4429 summ,
649 4344 850 4439 apertissime
872 4343 1052 4415 declaravit
1070 4367 1176 4414 unum
1200 4344 1306 4414 solum
1326 4345 1432 4415 Deum
1452 4369 1531 4415 esse.
1561 4347 1601 4415 In
1620 4348 1745 4417 cantico

147 4463 253 4533 etiam
273 4463 386 4532 Exodi
409 4463 531 4552 legitur
544 4462 566 4497 ¹¹
585 4487 593 4530 ε
610 4462 791 4548 Dominus,
816 4461 1022 4554 omnipotens
1044 4483 1165 4531 nomen
1183 4460 1265 4552 ejus.
1285 4460 1360 4531 Non
1382 4462 1448 4549 ait,
1467 4464 1620 4547 Domini,
1637 4463 1745 4533 unita·

147 4588 220 4649 tem
239 4579 354 4649 rolens
375 4578 572 4669 significare.
595 4579 817 4648 Personarum
837 4599 970 4670 quoque
989 4577 1234 4670 pluralitatem,
1259 4585 1292 4647 et
1314 4585 1440 4648 naturae
1462 4579 1623 4649 unitatem
1644 4579 1743 4650 simul

147 4695 294 4766 ostendit
306 4695 469 4765 Dominus
481 4695 517 4765 in
528 4695 647 4765 Genesi
658 4701 682 4737 1¹
692 4695 820 4764 dicens:
833 4695 1011 4763 Faciamus
1022 4693 1190 4763 hominem
1202 4692 1249 4762 ad
1257 4694 1440 4787 imaginem
1450 4708 1482 4764 ct
1494 4694 1745 4765 similitudinem

147 4824 314 4882 nostram.
331 4811 449 4882 Dicens
464 4812 565 4899 enim,
577 4813 749 4903 suciamus
763 4809 811 4881 ad
821 4823 985 4895 nostrum,
1004 4810 1226 4903 pluralitatem
1239 4833 1453 4903 personarum
1465 4811 1622 4901 ostendit;
1635 4812 1744 4882 dicens

185 5013 195 5049 ¹
207 5013 276 5063 Paul.
287 5024 339 5077 aiv,
349 5014 373 5062 t.
383 5038 414 5048 -
423 5012 434 5045 ²
442 5011 518 5074 Aug,
527 5008 558 5060 dc
569 5008 885 5074 rrtn.,un.1,a.1v,n.r;
900 5007 929 5059 da
939 5023 1056 5071 consecr„
1067 5008 1126 5059 dist.
1137 5008 1180 5070 ltl,
1188 5022 1211 5059 c.
1220 5007 1323 5069 ornnem
1333 5009 1450 5072 Arrgust,
1462 5007 1508 5061 lib.
1519 5009 1528 5059 Ι
1539 5010 1656 5072 ltetruct,
1665 5025 1688 5062 e.
1699 5020 1725 5062 ιι
1736 5024 1743 5062 a

149 5100 166 5133 ιι
176 5082 228 5136 unt
241 5083 295 5134 dlxi
309 5083 341 5133 da
353 5083 437 5147 Patre,
446 5077 554 5143 stillio,
565 5081 609 5145 qui
618 5079 707 5145 gignit,
718 5083 744 5130 et
759 5092 835 5145 quem
851 5080 1029 5145 gignitorem
1044 5085 1112 5143 περ
1123 5078 1260 5129 dicendum
1275 5077 1414 5140 luiturum
1426 5082 1568 5142 suut‚sicut
1583 5080 1639 5146 ipsa
1646 5082 1745 5134 Veritas

145 5153 596 5220 aperta,(10aa.,x,su,atiniago
610 5155 636 5201 et
648 5153 723 5201 Pater
734 5164 814 5201 unum
827 5165 947 5201 sumus.»
960 5177 987 5187 -
998 5150 1009 5186 1
1022 5149 1144 5200 thiat-⁸
1157 5149 1193 5198 De
1205 5147 1251 5213 fid.
1263 5148 1298 5198 ud
1310 5149 1387 5210 Pela,
1397 5164 1421 5200 c.
1435 5162 1453 5213 1,
1468 5166 1495 5202 n.
1511 5153 1561 5202 3et
1574 5155 1599 5201 5.
1614 5153 1664 5203 iste
1677 5152 1746 5205 liber

145 5240 206 5278 non
227 5231 267 5276 est
281 5226 308 5275 S.
327 5224 479 5289 Augustini,
492 5224 537 5274 sed
552 5226 580 5274 S.
594 5221 736 5287 Fulgentii,
751 5223 866 5286 ejusdem
880 5222 998 5285 discipuli
1012 5222 1099 5286 (inter
1116 5234 1195 5286 opera
1207 5222 1234 5272 S·
1251 5222 1369 5285 August,
1381 5226 1401 5273 t.
1418 5224 1453 5274 Vl
1461 5260 1470 5286 ,
1485 5223 1535 5275 col.
1552 5225 1612 5275 atos
1627 5228 1653 5274 et
1666 5228 1743 5276 slot:

145 5297 213 5349 edit.
226 5297 349 5359 Germe).
368 5322 395 5333 —
406 5296 417 5332 1
427 5297 455 5346 c.
470 5307 489 5359 r,
504 5308 530 5346 n.
549 5296 573 5343 1.
590 5293 728 5355 -111111,
741 5294 888 5354 -tueaa,
901 5305 938 5356 vr,
953 5296 977 5344 1.
993 5318 1022 5330 -
1036 5293 1048 5328 1
1061 5291 1152 5354 Ecod„
1172 5303 1219 5357 rr,
1235 5295 1259 5342 t.
1278 5318 1309 5330 -
1324 5292 1335 5328 1
1349 5293 1397 5344 Vel
1409 5293 1439 5347 dc
1453 5295 1516 5346 Fide
1534 5294 1569 5345 ad
1583 5296 1744 5360 Gratiarum,

145 5369 196 5420 tib.
212 5369 236 5427 1,
252 5382 275 5419 c.
287 5378 295 5417 ι
309 5370 336 5418 et
349 5365 539 5429 11.-¹⁰Erod.,
552 5376 592 5429 ιιι,
605 5367 644 5415 11.
654 5391 685 5402 -
700 5366 723 5401 ¹¹
736 5363 828 5427 ltnod„
839 5375 883 5428 rr,
895 5366 920 5415 3.
934 5391 965 5401 -
985 5364 1084 5425 ¹¹Gen„
1101 5375 1110 5415 ι
1118 5401 1127 5429 ,
1142 5366 1182 5414 21.

181 5510 216 5575 (a)
237 5509 315 5562 omit.
330 5511 356 5559 et
370 5509 396 5559 la
413 5510 467 5559 coet.
482 5505 543 5560 edit.
559 5533 590 5545 -
605 5504 636 5571 (tl
650 5505 721 5559 Edit.
736 5505 794 5559 Vm.
813 5506 872 5558 1153
884 5504 958 5557 tabet
973 5504 1102 5571 utrinque,
1115 5505 1161 5557 sed
1168 5505 1289 5560 meraciore.
