4100 6300
860 469 966 537 VITA.
1509 501 1511 505 ¹
1653 490 1709 535 xrx

122 604 171 669 sed
183 620 312 684 verens,
329 621 371 669 ne
389 603 500 670 Itomae
515 605 595 670 torte
611 623 832 685 commorans,
848 604 992 686 Gregorii
1011 604 1159 669 animum
1174 602 1220 668 ita
1232 603 1387 684 alliceret,
1403 603 1550 668 utillum
1563 603 1604 668 ad
1615 604 1709 670 altio-

121 728 185 776 rem
203 711 342 792 gratim
355 713 522 792 eveheret,
541 711 642 778 Roma
655 714 782 790 relicta,
795 713 870 778 inde
884 711 1032 777 Pisarum
1044 712 1159 776 urbem
1171 710 1305 776 contulit
1321 729 1367 775 se.
1382 709 1441 775 Ubi
1456 729 1530 776 cum
1544 712 1708 794 pervenit,

120 817 279 902 generdia
299 819 427 883 comitia
447 820 560 885 iterato
579 820 752 887 celebravit
770 820 873 904 pridie
893 820 965 885 idus
979 819 1076 903 junii.
1097 817 1171 883 Post
1190 833 1265 901 quae
1279 818 1319 883 ad
1338 818 1415 882 anni
1430 821 1509 882 lt'lt
1527 822 1708 883 extremum

121 925 252 990 Parisios
268 927 414 1004 accessit,
433 928 658 1010 concionibus,
678 933 716 994 ut
732 931 915 1011 conjecture
932 927 1170 1010 consequimur,
1190 944 1322 1008 operam
1341 930 1528 993 navaturus.
1549 924 1614 992 Nec
1630 945 1708 992 vero

119 1034 188 1111 diu,
209 1032 412 1117 multumque
430 1034 496 1099 illic
516 1036 706 1100 immoratus
725 1037 808 1101 tuit:
826 1054 899 1100 nam
916 1033 1107 1116 Gregorius,
1128 1035 1185 1116 qui
1200 1032 1434 1098 Bonaventurae
1455 1033 1570 1098 merita
1588 1034 1710 1116 optime

118 1143 227 1217 norat,
248 1139 463 1205 Cardinalium
481 1160 619 1207 numero
638 1142 731 1207 illum
749 1143 913 1225 adscripsit
931 1160 1017 1205 enno
1032 1144 1127 1217 ttl3,
1149 1140 1199 1206 die
1213 1144 1232 1203 2
1246 1144 1302 1204 aut
1315 1140 1440 1223 3junii.
1456 1139 1524 1204 Hoc
1542 1158 1618 1205 cum
1638 1141 1711 1205 iecit

117 1247 308 1328 Gregorius,
328 1247 449 1312 litteras
470 1248 608 1314 Parisios
627 1250 731 1330 misit,
753 1268 819 1315 non
838 1250 971 1314 hortans
991 1250 1104 1327 modo,
1125 1248 1180 1312 sed
1199 1246 1371 1331 prohibens
1391 1246 1504 1328 etiam,
1527 1266 1568 1311 ne
1587 1247 1710 1312 conatae

118 1354 280 1436 dignitati,
295 1373 377 1419 neve
388 1355 486 1437 jussis
498 1355 672 1421 Pontificiis
685 1362 892 1441 repugnaret.
908 1356 978 1422 Non
991 1356 1145 1421 iaciemus
1157 1355 1214 1419 abs
1227 1373 1278 1434 re,
1294 1354 1321 1419 si
1334 1372 1408 1438 qnae
1421 1353 1595 1438 Gregorius
1608 1354 1709 1420 Bona·

116 1465 262 1526 venturae
276 1462 415 1545 scripsit,
427 1481 468 1527 ex
481 1469 570 1545 parte
583 1465 808 1530 recitabimus:
822 1489 837 1527 r
850 1464 894 1529 lle
907 1465 1051 1549 ipsorum
1064 1462 1214 1528 Fratrum
1229 1462 1371 1542 consilio,
1384 1462 1520 1544 inqnit¹,
1534 1461 1707 1526 Albanensi

116 1566 264 1632 Ecclesiae
277 1573 354 1633 tunc
367 1571 493 1634 vacanti
507 1571 546 1636 de
560 1576 591 1635 te
608 1571 762 1636 duximus
781 1572 1033 1656 providendum,
1052 1574 1083 1634 te
1101 1570 1136 1634 in
1149 1568 1341 1654 Episcopum
1361 1569 1572 1653 praeficientes
1584 1568 1690 1634 eidem
1698 1590 1707 1648 ;

115 1674 251 1757 ideoque
264 1675 445 1741 discretioni
458 1682 525 1742 tuae
539 1680 747 1762 praesentium
759 1683 868 1744 tenore
883 1678 1096 1762 praecipiendo
1111 1678 1315 1757 mandantes,
1329 1681 1489 1760 melenus
1506 1695 1589 1743 onus
1601 1676 1710 1759 dispo-

115 1782 227 1846 sitione
247 1783 427 1866 Apostolica
445 1785 590 1850 humeris
610 1786 674 1852 tuis
695 1785 883 1870 impositum
904 1786 1017 1851 devote
1039 1785 1213 1868 suscipiens
1234 1785 1313 1849 huic
1333 1783 1508 1867 provisioni
1528 1787 1647 1849 nostrae
1672 1782 1708 1848 in

116 1889 296 1954 bumilitate
314 1891 446 1973 spiritus
463 1894 532 1956 sine
552 1895 602 1976 cuj
607 1912 743 1976 usquam
760 1893 954 1958 difficultatis
971 1893 1060 1959 obice
1077 1894 1269 1976 acquiescas.
1291 1890 1499 1974 Praecipimus
1510 1910 1656 1975 quoque,
1671 1896 1708 1958 ut

114 1996 153 2060 ad
172 1998 376 2078 praesentiam
395 2002 538 2063 nostram
556 2001 675 2082 absque
688 2001 834 2065 tarditate
851 2001 958 2083 aliqua
974 2019 1110 2065 morosae
1129 1998 1339 2064 cunctationis
1353 1998 1498 2076 accedas,
1514 2016 1580 2063 una
1593 1997 1709 2063 Nobis-

116 2119 188 2167 cum
201 2104 324 2169 divinis
337 2106 512 2188 obsequiis,
528 2112 559 2172 et
571 2108 762 2172 universalis
775 2108 922 2172 Ecclesiae
935 2108 1074 2173 servitiis
1086 2112 1269 2175 vacaturus.
1284 2127 1301 2165 s

152 2209 248 2276 Omni
264 2211 372 2295 itaque
388 2213 512 2296 abjecta
527 2216 728 2279 cunctatione
741 2219 838 2298 alque
853 2214 1015 2296 tarditate,
1030 2217 1160 2296 magnis
1175 2214 1248 2278 licet
1262 2211 1500 2278 difficultatibus
1513 2212 1661 2292 affectus,
1676 2216 1709 2277 ct

114 2316 251 2382 sillictus
264 2324 357 2399 esset,
372 2323 512 2385 attamen
526 2321 587 2386 iter
598 2340 771 2405 aggressus
783 2322 863 2404 tuit,
876 2326 913 2388 ut
925 2324 966 2388 ad
978 2324 1098 2388 mensis
1108 2322 1182 2405 julii
1196 2321 1338 2386 medium
1351 2319 1529 2402 Mugellum
1542 2321 1577 2384 in
1587 2319 1709 2385 Tusciae

114 2424 234 2489 tinibus
247 2427 347 2490 situm
360 2427 549 2492 adventarit.
562 2426 622 2493 Hic
632 2429 855 2495 cohonestatus
868 2449 1022 2513 purpura,
1036 2435 1068 2495 et
1080 2430 1292 2495 cardinalatus
1305 2428 1499 2509 insignibus,
1513 2445 1547 2492 se
1560 2428 1709 2492 comitem

115 2530 269 2613 Gregorio
285 2532 483 2615 Lugdunum
499 2551 611 2599 versus
635 2537 847 2618 proficiscenti
869 2538 1028 2601 exhibuit.
1052 2536 1193 2618 Mugello
1215 2536 1316 2617 igitur
1337 2533 1516 2615 discedens,
1534 2534 1710 2601 bononiam

114 2643 221 2705 aestate
244 2643 469 2724 pertransivit,
485 2644 561 2709 inde
575 2644 785 2722 Placentiam,
808 2649 917 2728 postea
937 2644 1154 2710 Mediolanum
1173 2642 1302 2708 accessit
1321 2645 1433 2706 octavo
1452 2640 1524 2705 idus
1537 2642 1674 2706 octobris
1685 2650 1708 2706 ².

115 2744 195 2810 llinc
213 2746 456 2814 Gamberiacum
478 2750 571 2831 adiit,
593 2755 666 2817 tum
684 2752 767 2817 circa
788 2753 972 2817 novembris
992 2754 1091 2817 tinem
1109 2750 1308 2833 Lugdunum
1327 2748 1456 2813 tandem
1474 2747 1631 2831 pervenit.
1650 2747 1710 2813 Hic

118 2854 282 2936 auspicato
302 2873 415 2936 gerere
433 2858 528 2941 coepit
544 2876 600 2938 ea,
618 2877 693 2942 quae
711 2878 787 2925 cum
799 2859 976 2925 Universali
996 2858 1136 2924 Concilio
1154 2856 1296 2942 parando
1314 2856 1491 2921 necessaria
1504 2855 1709 2935 videbantur,

114 2962 250 3044 tumque
273 2962 321 3025 illi
343 2981 363 3026 a
382 2982 510 3030 summo
530 2964 685 3031 Pontidce
704 2968 890 3052 praescripta
908 2968 1047 3032 inerant.
1067 2965 1156 3031 Unde
1176 2969 1246 3029 orta
1264 2965 1350 3028 tama
1369 2966 1431 3043 est,
1450 2960 1599 3027 Praesidis
1617 2962 1711 3027 illum

113 3086 250 3133 munere
265 3069 301 3132 in
318 3068 451 3154 privatis
464 3069 665 3139 Sessionibus
682 3074 887 3159 perfunctum
903 3076 1011 3140 luisse.
1031 3072 1180 3158 Reliqua,
1196 3089 1271 3157 quas
1284 3070 1510 3136 Beneventum
1526 3070 1562 3133 in
1575 3069 1712 3135 Concilio

112 3178 197 3259 egit,
218 3177 334 3242 alicnis
357 3178 479 3261 potius,
500 3199 599 3264 quam
617 3182 755 3266 propriis
773 3183 879 3249 verbis
898 3185 1027 3248 narrata
1045 3182 1208 3249 volumus.
1225 3162 1369 3263 iliqualls
1388 3178 1511 3243 utimur
1526 3178 1714 3243 aumoritate

112 3282 286 3367 Scriptoris
294 3286 317 3348 ⁸.

154 3393 286 3456 «Anno
301 3396 377 3473 til,
394 3412 506 3460 mense
520 3397 615 3478 maii,
638 3397 691 3463 die
703 3398 794 3462 lunae
808 3396 956 3481 septima,
972 3396 1117 3479 ejusdem
1131 3397 1225 3461 tertia
1245 3396 1432 3476 indictione,
1448 3395 1644 3476 congregato
1653 3409 1712 3472 ge-

111 3498 213 3562 nerali
225 3498 362 3564 concilio
374 3519 432 3582 per
444 3504 679 3569 sanctissimum
697 3508 821 3588 patrem
842 3504 1011 3569 dominum
1027 3502 1219 3585 Gregorium
1236 3503 1413 3583 decimum,
1428 3503 1635 3566 sacrosanctae
1647 3498 1712 3562 ito·

111 3621 219 3669 manae
235 3605 385 3671 Ecclesiae
405 3626 571 3675 summum
588 3615 619 3676 et
638 3612 854 3678 universalem
876 3610 1083 3690 Pontificem,
1099 3610 1250 3692 Lugduni
1268 3610 1305 3673 in
1326 3609 1442 3692 majori
1462 3607 1592 3674 ecclesia
1611 3604 1713 3671 sancti

110 3709 245 3777 loannis
269 3712 495 3796 Lugdunensis
497 3764 558 3782 .....
574 3719 687 3784 sedens
709 3719 795 3784 idem
815 3716 1134 3784 summmPontilex
1153 3719 1188 3781 in
1209 3716 1382 3782 faldistorio
1405 3732 1466 3780 suo
1489 3716 1561 3780 iecit
1583 3730 1711 3779 crucem

110 3837 209 3902 super
223 3819 380 3886 Praelatos
392 3827 425 3887 et
438 3825 629 3903 concilium,
644 3826 701 3909 qui
713 3827 759 3892 sic
770 3827 921 3893 sedebant
934 3827 974 3890 ab
988 3827 1148 3909 opposito,
1162 3831 1194 3890 et
1208 3825 1243 3888 in
1257 3823 1472 3890 eminentibus
1485 3822 1612 3888 sedibus
1623 3841 1712 3906 prae-

109 3928 244 4009 paratis.
258 3928 298 3992 ln
309 3930 415 3995 medio
428 3931 520 3996 navis
535 3934 682 4016 ejusdem
698 3934 863 4001 ecclesie..
871 3981 892 3998 ..
908 3933 944 3997 in
957 3933 1086 3998 sedibus
1098 3952 1118 3997 a
1132 3933 1230 3998 latere
1242 3932 1373 3996 dextero
1388 3930 1549 3995 Pontitlcis
1561 3930 1713 3996 sederunt

109 4033 237 4099 domini
257 4035 399 4101 loannes
411 4037 609 4120 Portnensis,
629 4046 661 4106 et
673 4046 790 4107 sanclae
803 4042 948 4117 llutlnae,
963 4039 1076 4105 Petrus
1089 4038 1290 4104 Tmculanus
1301 4037 1522 4104 vicedominus
1540 4036 1712 4102 Praenesti-

109 4159 191 4223 nns,
216 4145 320 4209 frater
338 4143 566 4213 Bonaventnra
586 4149 794 4232 ananensis,
814 4152 910 4216 buter
926 4149 1040 4215 Petrus
1052 4147 1218 4227 Ostiensis,
1241 4150 1274 4211 et
1285 4143 1502 4225 velletrensis,
1517 4142 1713 4208 Bertrandus

110 4243 310 4327 sabinensis,
324 4249 464 4336 episcopi
477 4250 665 4317 cardinales.

150 4353 269 4419 »item
293 4356 451 4437 pendente
470 4359 613 4425 termino
632 4360 734 4426 tertiae
756 4361 904 4427 sessionis
929 4364 1027 4429 irater
1047 4362 1279 4445 Hieronymus,
1295 4362 1325 4424 et
1342 4358 1440 4423 irater
1458 4355 1653 4438 Bonagratia
1672 4356 1712 4422 de

111 4461 225 4525 ordine
239 4460 393 4527 Fratrum
410 4463 589 4546 lituorum,
604 4468 661 4550 qui
672 4468 762 4533 missi
780 4469 908 4536 lucrant
929 4470 1042 4535 nuncii
1062 4488 1138 4534 cnm
1160 4468 1286 4533 duobus
1299 4466 1450 4530 iratribus
1462 4481 1520 4547 per
1534 4461 1711 4528 Romanam

110 4567 292 4635 Ecclesiam
304 4570 345 4634 ad
359 4571 498 4653 Graecos,
513 4575 672 4640 miserunt
692 4577 848 4660 quasdam
867 4577 986 4642 litteras
999 4577 1131 4643 domino
1154 4574 1264 4657 Papae,
1285 4572 1456 4655 dequibus
1474 4570 1542 4653 ipse
1559 4569 1712 4635 dominus

111 4672 198 4759 Papa
209 4677 358 4741 multum
370 4679 504 4759 gavisus
516 4686 574 4760 est,
587 4687 619 4746 et
630 4682 704 4746 lecit
716 4684 825 4749 vocari
845 4702 959 4749 omnes
971 4685 1120 4768 praelatos
1132 4683 1167 4747 in
1184 4680 1303 4764 majori
1324 4678 1454 4744 ecclesia
1474 4676 1683 4757 Lugdunensi
1700 4696 1709 4739 ε

110 4787 141 4848 et
153 4784 200 4847 ibi
213 4784 371 4849 omnibus
389 4788 531 4868 praelatis
544 4789 752 4855 existentibus
764 4791 800 4856 in
813 4790 921 4874 cappis
940 4792 1007 4856 suis
1025 4792 1122 4856 irater
1140 4789 1365 4855 Bonaventura
1383 4782 1572 4849 Libanensis
1593 4783 1712 4866 episco-

110 4907 172 4972 pus
183 4892 423 4957 sermocinatus
436 4898 500 4972 est,
520 4897 681 4978 proposito
693 4897 844 4979 themate,
867 4900 955 4984 quod
967 4899 1089 4981 legitur
1107 4897 1233 4963 llaruch
1249 4918 1257 4960 ε
1272 4897 1408 4977 Ecurqe
1421 4889 1641 4961 Hierusalem.
1657 4896 1712 4958 sta

110 4998 148 5062 ta
160 5000 575 5086 arcanorumque
596 5005 641 5070 cd
663 4995 893 5088 Orientcwt
915 5006 991 5075 tude
1010 5007 1220 5090 colligentiae
1241 5011 1313 5071 tuos
1336 5000 1376 5067 ab
1399 4999 1527 5066 Oriente
1545 5012 1644 5080 usque
1665 4996 1711 5064 ud

112 5104 330 5174 θεοίάιπτεηι.

142 5234 198 5285 Ἐκ
212 5235 265 5285 lis.
280 5233 444 5287 Formulcrio
462 5234 555 5288 Marini
571 5238 706 5293 Ebulensis
713 5278 722 5306 ,
741 5243 792 5293 mvi
806 5242 875 5294 illius
894 5243 1023 5308 scriptor,
1039 5242 1107 5307 apud
1124 5242 1227 5292 Petrum
1240 5234 1348 5287 Mariam
1360 5233 1450 5299 Campi
1457 5271 1466 5299 ,
1488 5234 1515 5285 in
1532 5231 1600 5285 utar.
1613 5228 1711 5290 scelus

111 5303 277 5368 rooenrsm,
291 5310 360 5370 pan.
373 5307 413 5370 u,
426 5321 452 5371 p.
463 5310 519 5359 rsa.

141 5390 198 5438 ¹lta
212 5385 392 5439 Barnsrdinus
405 5386 495 5437 Corios
508 5389 535 5438 in
548 5390 613 5441 Hict.
625 5391 737 5453 Medea,
751 5393 812 5445 edit.
826 5394 941 5458 Medici,
955 5394 1023 5458 apud
1038 5393 1211 5445 Alexandrum
1224 5387 1414 5439 Minuccianum
1421 5422 1430 5448 ,
1446 5388 1516 5450 titt,
1528 5385 1583 5448 iol,
1597 5391 1678 5433 n.111.

140 5456 260 5511 ⁸ductor
270 5470 364 5508 eornm
374 5469 432 5521 quot
444 5462 584 5522 geriacum
596 5461 625 5513 in
638 5463 736 5515 concil.
748 5466 770 5516 ll
787 5465 882 5531 bugd„
895 5464 923 5515 in
937 5464 1042 5518 Collect.
1059 5465 1204 5525 Lachanna,
1217 5464 1282 5510 tom.
1294 5458 1341 5522 xl,
1355 5460 1421 5522 pert.
1435 5457 1443 5506 l
1450 5492 1459 5520 ,
1472 5456 1521 5508 col.
1531 5457 1578 5507 etc
1588 5457 1615 5504 ct
1625 5464 1683 5515 seq
