4100 6300
708 430 893 497 orsrmcr.
916 432 1006 498 xxx.
1112 402 1118 409 ’
1595 445 1653 504 ,79

248 597 637 666 mrosxuoruxrus,
925 566 1653 651 respuendamquouquamvsupnw„

58 710 62 714 »
885 675 1655 757 sentiunouhubentvererespeetumnderentu-

27 782 72 841 *it
86 756 136 807 tunt
146 752 210 804 enim
221 751 336 816 modam
347 765 404 816 qum
416 766 448 803 ex
461 758 576 818 tempore
587 755 619 805 de
633 757 688 807 Deo
702 754 830 807 dicuntur.
885 799 966 860 mm,
990 785 1097 845 tamen
1112 782 1272 863 contingit
1284 799 1355 845 eam
1372 781 1409 864 (b)
1431 783 1607 867 intelligere
1625 790 1656 850 et

27 916 78 955 ..w
112 888 210 970 Supra
222 885 287 967 egit
300 884 449 968 Magister
462 887 501 952 de
517 888 657 953 relativis
669 907 742 972 quae
756 908 832 954 eou-
884 889 1655 972 significarepermodumrespectus3ueetnmeu

82 996 201 1061 veniunt
212 994 273 1058 Deo
285 995 421 1077 proprie,
435 998 467 1057 et
480 996 680 1061 aetemoiiter.
695 996 753 1060 Hir
764 997 832 1078 agit
883 995 1061 1060 intellectus
1083 1001 1128 1059 est
1151 1015 1264 1073 vanus,
1280 1002 1407 1079 propter
1420 997 1480 1062 hoe
1500 1002 1585 1082 quod
1603 1007 1653 1066 to-

26 1150 49 1193 ...
81 1103 111 1167 ie
121 1102 168 1165 his
180 1119 252 1183 qum
267 1101 462 1165 conveniunt
476 1102 538 1167 lieo
559 1104 685 1188 proprie
701 1107 733 1167 et
749 1107 831 1167 tem·
884 1106 951 1165 tam
964 1103 1121 1167 rationem
1129 1107 1291 1185 respectus
1298 1103 1392 1167 realis
1400 1105 1490 1186 ponit
1500 1111 1653 1171 creatura.

36 1274 41 1279 ,
56 1280 60 1289 ,
78 1208 225 1291 perditor,
239 1212 271 1271 et
283 1209 378 1272 habet
390 1210 461 1273 haeo
474 1229 546 1292 pars
559 1210 648 1275 duas.
672 1211 710 1275 lu
727 1211 832 1294 primo
885 1206 1042 1284 Quoniam
1063 1209 1164 1291 igitur
1184 1210 1369 1292 hujusmodi
1391 1212 1522 1276 nomina
1544 1213 1653 1277 dieunt

27 1308 215 1397 ,²“tiagister
234 1317 303 1396 agit
323 1316 364 1380 de'
381 1316 522 1381 relativis
537 1336 610 1401 quae
631 1336 672 1382 ex
689 1322 831 1401 temporo
883 1321 1075 1397 respectum,
1089 1336 1109 1380 a
1121 1334 1186 1399 quo
1199 1318 1425 1398 imponuntur,
1438 1319 1657 1400 quumvisim-

76 1424 107 1487 ie
118 1422 179 1487 lieo
192 1421 351 1487 dicuntur.
368 1423 405 1487 lu
415 1425 553 1490 secunda
564 1427 603 1490 de
616 1426 666 1489 his
679 1444 751 1508 quae
762 1426 831 1507 plu·
883 1426 1045 1504 ponantur
1064 1423 1222 1501 esseutiae3
1237 1424 1308 1487 ideo
1320 1423 1468 1489 dicuntur
1480 1426 1657 1492 seeundum

28 1516 46 1559 ³³
63 1530 153 1593 ¹ribus
165 1530 305 1611 personis
315 1531 520 1613 conveniunt,
535 1533 589 1597 sed
601 1537 708 1597 tomen
719 1551 832 1615 uppro-
884 1530 1080 1609 exigentium
1094 1530 1179 1595 illius
1190 1535 1371 1613 respectus:
1386 1532 1458 1596 ideo
1471 1534 1656 1615 intelligen-

36 1639 56 1680 ῑ-“
71 1637 159 1718 priori
170 1642 313 1719 possunt,
327 1644 365 1702 ut
377 1640 497 1705 sinitis
510 1645 540 1704 et
552 1641 696 1723 opuntis,
710 1640 827 1704 intra¹z
884 1635 962 1700 dum
974 1636 1061 1719 quod
1070 1637 1336 1720 quaedumdiount
1345 1644 1523 1721 respectum
1537 1639 1655 1716 solum,

35 1743 217 1810 :·1.noererea
236 1745 436 1812 tumidorum·
448 1754 580 1828 oportet,
594 1764 664 1813 cum
682 1755 829 1829 turper-
883 1747 920 1807 ut
947 1745 1120 1823 Dominum
1142 1745 1290 1827 quiedam
1318 1746 1413 1810 etiam
1434 1746 1597 1824 effectum,
1621 1750 1658 1810 ut

42 1882 53 1924 3
69 1866 158 1917 tonte.
171 1852 280 1917 Primo
296 1873 370 1936 pars
387 1856 482 1919 habet
499 1859 637 1937 quatuor
653 1860 780 1938 partes:
796 1856 830 1920 in
886 1851 1014 1919 Creator
1035 1856 1066 1916 et
1080 1851 1207 1933 iustus,
1228 1856 1260 1917 et
1280 1857 1413 1935 utraque
1426 1858 1501 1917 suut
1520 1854 1579 1918 sub
1596 1854 1657 1919 du-

27 1958 165 2045 ,prima
178 1960 316 2025 ostendit
328 1962 435 2044 aliqua
448 1963 580 2026 nomina
590 1963 652 2027 diei
663 1963 701 2027 de
713 1962 777 2027 Deo
790 1982 831 2027 ex
884 1958 957 2040 plici
971 1959 1160 2040 differentia,
1175 1961 1252 2043 quia
1267 1965 1325 2024 aut
1344 1961 1516 2042 important
1530 1980 1657 2044 respen-

29 2152 39 2161 .
67 2070 213 2148 tempore,
234 2069 470 2151 exemplificans
492 2070 530 2134 de
551 2069 713 2151 pluribus3
731 2070 765 2133 iu
780 2089 831 2135 se-
883 2068 953 2130 tum
970 2067 1009 2131 ud
1030 2085 1100 2131 rem
1123 2072 1323 2150 presentem,
1346 2071 1402 2132 aut
1423 2068 1464 2131 ed
1481 2087 1549 2133 rem
1567 2069 1657 2133 iutu-

44 2158 174 2255 f'uundo,
195 2175 273 2258 quio
286 2177 469 2259 exemplum
492 2177 659 2242 videbatur
678 2178 830 2243 inconve-
883 2191 964 2251 rum,
980 2174 1048 2239 sive
1060 2175 1101 2238 od
1114 2194 1184 2239 rem
1196 2176 1231 2239 in
1246 2179 1331 2251 artu,
1346 2174 1398 2240 vel
1411 2175 1534 2241 habitu.
1547 2176 1655 2242 Primo

27 2262 151 2369 ''²'nieus
169 2283 210 2347 de
227 2284 290 2348 hoc
306 2285 446 2365 nomine,
462 2285 628 2364 Dominus,
651 2286 782 2368 opponit
800 2292 832 2349 et
884 2281 990 2361 modo,
1008 2282 1088 2365 quia
1106 2286 1231 2366 ponunt
1250 2286 1428 2346 creaturum
1447 2282 1481 2346 in
1500 2288 1585 2361 antu,
1607 2284 1658 2347 di·

27 2380 162 2464 *solvit
186 2391 232 2454 ihi
250 2413 258 2455 ι
275 2390 342 2457 Sed
362 2392 413 2459 nic
433 2393 553 2476 aliquis
574 2392 658 2459 diret
681 2397 721 2473 (a)
745 2393 831 2475 quod
884 2392 961 2457 nunt
973 2388 1078 2453 solum
1092 2392 1282 2472 respectum,
1294 2390 1654 2473 numerenturaiueipit3

25 2502 342 2579 ·.:'nonuutmnpom;
355 2499 390 2562 in
403 2501 496 2564 tertia
511 2518 599 2576 vero,
617 2500 693 2582 quie
709 2501 830 2565 dietum
884 2495 1024 2559 seeundo
1046 2496 1150 2575 modo,
1174 2497 1214 2560 ub
1235 2501 1367 2561 aeteruo.
1393 2497 1576 2563 Secundum
1595 2498 1657 2563 hoo

58 2601 229 2669 videbatur
244 2606 359 2670 falsum
376 2608 463 2689 quod
486 2608 605 2691 aliquid
626 2626 667 2672 ex
688 2613 830 2691 tempore
884 2619 973 2682 ergo,
988 2602 1015 2665 si
1030 2605 1184 2669 Dominus
1203 2606 1235 2667 et
1253 2603 1383 2695 Cmntor
1396 2604 1567 2687 important
1589 2624 1657 2670 res-

27 2704 43 2770 2'
57 2707 217 2775 diceretur
230 2711 272 2777 de
284 2712 359 2789 Deo,
372 2718 403 2778 et
416 2714 486 2779 ideo
501 2718 609 2780 movet
617 2718 648 2778 et
660 2714 754 2779 solvit
767 2715 831 2779 du·
883 2715 1010 2793 penum
1025 2712 1060 2774 iu
1073 2716 1159 2787 netu,
1174 2712 1214 2775 ab
1226 2715 1347 2777 aeterno
1355 2731 1421 2778 nou
1433 2719 1566 2796 possunt
1576 2714 1654 2793 dioi3

27 2880 41 2891 ‚,
55 2814 157 2893 bium,
174 2818 223 2882 ibi
240 2841 248 2884 :
267 2821 332 2894 Quo
345 2820 436 2888 modo
459 2837 531 2905 erpo
550 2821 760 2889 obtinebimus
773 2825 831 2888 m·-
883 2816 911 2879 si
930 2820 1039 2881 sutem
1059 2817 1094 2880 iu
1116 2818 1243 2897 habitu,
1267 2820 1409 2901 possunt.
1433 2819 1552 2884 Tamen
1579 2840 1657 2886 usus

27 2922 102 3011 ‚tn
124 2927 304 2995 seeundum
326 2929 495 2997 nunidem?
515 2929 553 2994 lu
574 2935 776 3013 quartavero
789 2947 831 2993 ex
884 2923 1063 2988 communis
1076 2925 1658 3007 aecipithuJ'usmodinominuutoon·

27 3104 28 3111 ,
52 3034 392 3116 predeterminsnone
412 3038 506 3103 solvit
520 3038 681 3120 quoddam
695 3038 831 3102 dubium
883 3030 1038 3094 notantin
1052 3034 1125 3094 notu
1141 3052 1149 3094 :
1164 3035 1197 3095 et
1208 3031 1280 3096 ideo
1292 3033 1369 3097 dieit
1381 3034 1607 3115 Augustinus⁸
1620 3054 1658 3100 en

52 3139 87 3204 in
100 3142 361 3224 praecodeutibus
374 3144 556 3228 quaesitum,
570 3143 616 3208 ibi
632 3167 639 3209 :
655 3144 717 3211 Hie
730 3150 833 3227 potest
883 3135 944 3200 dici
957 3154 1033 3200 eum
1047 3140 1200 3219 tempore.
1216 3138 1306 3216 Quod
1329 3159 1408 3222 ergo
1429 3141 1504 3205 dicit
1517 3140 1655 3223 Boetius,

29 3245 36 3337 ‘¹
51 3249 135 3317 gorm·
145 3253 287 3333 ωηο
299 3254 449 3336 mppria,
459 3256 634 3336 mmm,
884 3242 1128 3324 intelligendum
1147 3245 1231 3326 quod
1252 3263 1319 3309 nou
1336 3254 1383 3312 est
1404 3253 1541 3331 potestus
1567 3268 1658 3315 coer-

31 3360 35 3368 ’
884 3350 976 3414 rendi
988 3352 1133 3416 subditos
1145 3352 1282 3431 habitor,
1299 3353 1353 3418 sed
1370 3354 1544 3420 habendos.
1567 3354 1658 3432 Quod

390 3444 459 3489 ΜΒ·
482 3443 505 3487 ¹·
884 3457 960 3522 dicit
975 3458 1176 3540 Ambrosius,
1190 3463 1277 3542 putet
1289 3461 1374 3542 quod
1388 3480 1454 3526 non
1468 3462 1565 3543 cogit,
1581 3463 1672 3545 quio

288 3556 606 3620 memroominus,en.
886 3568 1230 3651 quamvisimponotur
1242 3574 1503 3651 unturae,tnmen
1515 3573 1657 3655 imponi-

35 3712 38 3720 ·
90 3680 236 3747 Videtur
249 3684 335 3766 quod
347 3683 498 3766 Magister
510 3684 586 3749 sulse
597 3683 681 3748 dicat
701 3683 760 3746 istu
774 3700 832 3747 no-
885 3680 940 3741 tur
950 3696 971 3742 a
983 3677 1174 3759 proprietate
1191 3681 1326 3757 noturae,
1341 3683 1378 3744 ut
1391 3679 1466 3745 dicit
1478 3685 1655 3765 respectum

28 3841 31 3846 ,
48 3789 143 3855 mina
158 3790 232 3856 Deo
246 3810 286 3856 ex
300 3794 442 3875 tempore
455 3792 636 3868 convenire,
647 3792 723 3875 quio
734 3791 834 3857 domi·
887 3785 928 3849 ad
941 3789 1112 3866 creaturas,
1124 3786 1234 3851 ntideo
1245 3790 1393 3852 connotat
1401 3788 1479 3870 quid
1490 3792 1633 3853 emotum
1646 3811 1653 3853 z

47 3897 158 3979 nium,
178 3903 219 3963 ut
242 3899 317 3963 dioit
338 3897 495 3978 Boetius¹,
517 3902 566 3963 est
584 3903 721 3982 potestas
743 3918 835 3964 coer-
888 3895 920 3955 et
930 3894 974 3957 sic
984 3896 1093 3976 putent
1101 3894 1219 3973 omnia,
1230 3895 1308 3977 quie
1318 3895 1400 3960 ratio
1411 3896 1600 3961 connotaudi
1609 3902 1656 3962 est

46 4005 144 4068 cendi
173 4005 355 4070 subditos:
384 4006 439 4070 sed
468 4006 530 4070 hoo
555 4010 603 4070 est
631 4006 666 4069 in
695 4006 759 4070 Deo
794 4006 835 4070 ab
889 3999 1003 4064 modus
1018 4000 1228 4082 significandi·
1355 4066 1359 4076 .

46 4117 177 4179 aeteruo
199 4136 207 4177 :
233 4131 323 4194 ergo,
345 4118 404 4178 eto.
424 4112 502 4177 ltem
526 4114 692 4189 Dominus,
708 4118 746 4177 ut
762 4114 837 4179 dicit

42 4220 264 4299 Ambrosius,
281 4224 328 4284 est
342 4239 461 4285 nomeu
473 4225 597 4286 naturae
617 4242 625 4284 :
645 4239 724 4302 ergo
736 4222 763 4285 si
777 4240 837 4286 uu-

41 4331 123 4391 tura
137 4332 191 4392 est
209 4331 344 4404 aetema,
363 4346 441 4409 ergo
454 4331 487 4392 et
498 4328 688 4393 dominium.
705 4326 784 4392 ltem
797 4330 837 4393 de

39 4436 107 4499 hoo
121 4436 279 4512 nomine,
294 4436 434 4514 Creator,
448 4435 608 4516 objicitur,
619 4436 696 4518 quia
709 4454 774 4500 non
788 4436 837 4500 di·
930 4427 1465 4510 Videturhooiulsu1112‘11112011111e
1479 4432 1565 4514 ‘IUOd
1577 4432 1656 4497 inci·

39 4538 133 4603 citur
150 4539 262 4603 lector
275 4538 351 4620 quiin
364 4542 438 4602 notu
453 4536 541 4619 legit,
558 4537 613 4602 sed
628 4537 704 4619 quia
722 4537 838 4602 habilis
891 4536 950 4618 pit,
964 4540 1011 4600 est
1021 4537 1214 4618 temporale3
1229 4541 1261 4601 et
1273 4556 1368 4603 omne
1380 4541 1552 4622 temporale
1566 4559 1660 4605 meu-

37 4649 90 4710 est
101 4645 148 4710 od
162 4643 365 4725 legendum:
379 4644 433 4709 sed
444 4643 528 4708 Deus
540 4644 581 4707 ab
591 4648 710 4708 aeterno
721 4644 838 4709 habilis
890 4650 1018 4711 surutur
1031 4648 1189 4729 tempore3
1201 4649 1234 4711 et
1245 4665 1340 4712 omne
1352 4649 1414 4713 tale
1428 4649 1564 4733 eoepitiu
1576 4653 1658 4715 tem-

35 4757 89 4819 est
103 4753 151 4819 ud
167 4752 373 4817 creandum:
390 4770 480 4834 ergo,
496 4754 554 4815 eto.
569 4749 666 4816 Juxta
678 4751 740 4815 hoe
750 4768 837 4833 quae·
889 4771 978 4835 pore,
993 4756 1054 4818 eto.
1076 4753 1109 4818 Si
1122 4758 1160 4818 tu
1171 4754 1226 4819 des
1243 4756 1427 4821 instantium
1440 4758 1475 4821 in
1487 4758 1657 4841 perpetuis,

34 4862 131 4927 ritur
151 4861 200 4925 de
224 4859 341 4924 horum
358 4859 529 4924 nominum
552 4857 785 4940 significatione
805 4861 838 4922 et
889 4861 1039 4943 obiicitur
1048 4862 1223 4944 quodnihil
1234 4863 1391 4944 mogisest
1400 4864 1660 4949 vuinhdequom

33 4968 300 5049 connotatione,
313 4971 345 5033 et
357 4968 443 5033 uude
454 4967 569 5031 hubuit
583 4965 740 5031 rationem
758 4983 836 5030 oon-
889 4973 1037 5053 tempus:
1062 4970 1116 5035 sed
1130 4987 1226 5035 omne
1246 4971 1309 5036 tale
1325 4975 1372 5036 est
1391 4973 1564 5056 temporale
1584 4991 1660 5038 :er-

32 5079 200 5158 uotundi,
229 5095 304 5142 eum
326 5077 436 5143 divina
448 5077 582 5142 essentia
601 5076 641 5141 sit
659 5075 835 5160 principale
889 5096 944 5160 go,
961 5081 1021 5142 ete.
1034 5077 1127 5156 Item,
1141 5078 1170 5142 si
1182 5081 1309 5162 tempus
1321 5097 1387 5143 non
1398 5080 1515 5163 inrepit
1528 5081 1660 5145 intem·

28 5189 293 5272 significatum.
888 5199 977 5266 pore,
998 5198 1077 5263 ergo
1098 5180 1192 5265 erepit
1214 5185 1305 5247 extra
1321 5186 1466 5268 tempus,
1494 5200 1573 5265 ergo
1598 5183 1661 5250 suit

781 5295 783 5300 ’
887 5292 1015 5371 tempus
1029 5290 1121 5354 extre
1134 5305 1231 5355 omne
1244 5292 1383 5373 tempus.

64 5355 75 5391 ¹
87 5353 169 5405 nist.
182 5361 265 5401 mr.
275 5374 307 5386 -
316 5350 417 5413 'Boet.,
427 5347 462 5399 od
471 5346 623 5413 Summum„
637 5350 697 5399 unte
708 5345 835 5398 tinem.-

28 5431 147 5492 sung„
164 5421 203 5474 de
218 5420 397 5486 Μῶν,
410 5432 538 5482 e.xv1,n.
550 5422 588 5471 tx.
919 5415 953 5481 (u)
967 5414 1028 5467 cut.
1038 5412 1101 5468 edit.
1120 5413 1266 5468 deoru·
1275 5414 1309 5482 (d)
1321 5414 1392 5466 Edit.
1407 5414 1465 5468 Vm.
1480 5429 1521 5481 eu,
1531 5413 1613 5467 utenti.

1207 4190 1277 4236 DUB.
1299 4190 1334 4235 11.

967 4302 1100 4368 Temporis
1110 4304 1179 4368 quod
1189 4277 1337 4370 non'coepit
1348 4318 1380 4355 ex
1392 4308 1517 4371 tempore,
1528 4310 1575 4358 eto.
