<?xml version="1.0" encoding="UTF-8"?>
<!DOCTYPE html PUBLIC "-//W3C//DTD XHTML 1.0 Transitional//EN"
    "http://www.w3.org/TR/xhtml1/DTD/xhtml1-transitional.dtd">
<html xmlns="http://www.w3.org/1999/xhtml" xml:lang="en" lang="en">
 <head>
  <title>
</title>
<meta http-equiv="Content-Type" content="text/html;charset=utf-8" />
  <meta name='ocr-system' content='tesseract 3.04.00' />
  <meta name='ocr-capabilities' content='ocr_page ocr_carea ocr_par ocr_line ocrx_word'/>
</head>
<body>
  <div class='ocr_page' id='page_1' title='image "./srecardinalissb00peltgoog_0752.png"; bbox 0 0 4100 6300; ppageno 0'>
   <div class='ocr_carea' id='block_1_1' title="bbox 445 469 1470 544">
    <p class='ocr_par' dir='ltr' id='par_1_1' title="bbox 445 469 1470 544">
     <span class='ocr_line' id='line_1_1' title="bbox 445 469 1470 544; baseline -0.004 -3"><span class='ocrx_word' id='word_1_1' title='bbox 445 482 504 544; x_wconf 74' lang='lat' dir='ltr'>tro</span> <span class='ocrx_word' id='word_1_2' title='bbox 1013 469 1326 537; x_wconf 78' lang='lat' dir='ltr'>sndrudrianuu</span> <span class='ocrx_word' id='word_1_3' title='bbox 1346 470 1422 536; x_wconf 90' lang='lat' dir='ltr'>LlB.</span> <span class='ocrx_word' id='word_1_4' title='bbox 1445 472 1470 537; x_wconf 87' lang='grc' dir='ltr'>Ι.</span> 
     </span>
    </p>
   </div>
   <div class='ocr_carea' id='block_1_2' title="bbox 445 604 1907 5327">
    <p class='ocr_par' dir='ltr' id='par_1_2' title="bbox 445 604 1907 5327">
     <span class='ocr_line' id='line_1_2' title="bbox 445 604 1880 704; baseline 0.006 -28"><span class='ocrx_word' id='word_1_5' title='bbox 445 612 622 677; x_wconf 89' lang='lat' dir='ltr'>intellectus</span> <span class='ocrx_word' id='word_1_6' title='bbox 639 626 698 673; x_wconf 87' lang='lat' dir='ltr'>nee</span> <span class='ocrx_word' id='word_1_7' title='bbox 718 610 765 671; x_wconf 88' lang='lat' dir='ltr'>est</span> <span class='ocrx_word' id='word_1_8' title='bbox 787 605 903 685; x_wconf 88' lang='lat' dir='ltr'>falsus,</span> <span class='ocrx_word' id='word_1_9' title='bbox 922 623 982 669; x_wconf 88' lang='lat' dir='ltr'>nec</span> <span class='ocrx_word' id='word_1_10' title='bbox 1003 624 1124 683; x_wconf 87' lang='lat' dir='ltr'>vanus,</span> <span class='ocrx_word' id='word_1_11' title='bbox 1142 605 1219 688; x_wconf 89' lang='lat' dir='ltr'>quia</span> <span class='ocrx_word' id='word_1_12' title='bbox 1272 604 1352 668; x_wconf 91' lang='lat' dir='ltr'>tiam</span> <span class='ocrx_word' id='word_1_13' title='bbox 1376 625 1488 687; x_wconf 88' lang='lat' dir='ltr'>agere,</span> <span class='ocrx_word' id='word_1_14' title='bbox 1511 608 1645 693; x_wconf 76' lang='lat' dir='ltr'>intelligo</span> <span class='ocrx_word' id='word_1_15' title='bbox 1663 614 1745 697; x_wconf 83' lang='lat' dir='ltr'>ipsam</span> <span class='ocrx_word' id='word_1_16' title='bbox 1758 621 1880 704; x_wconf 51' lang='lat' dir='ltr'>stipam,z</span> 
     </span>
     <span class='ocr_line' id='line_1_3' title="bbox 445 703 1881 808; baseline 0.001 -26"><span class='ocrx_word' id='word_1_17' title='bbox 445 737 510 782; x_wconf 92' lang='lat' dir='ltr'>non</span> <span class='ocrx_word' id='word_1_18' title='bbox 528 717 620 800; x_wconf 86' lang='lat' dir='ltr'>ponit</span> <span class='ocrx_word' id='word_1_19' title='bbox 631 716 665 778; x_wconf 95' lang='lat' dir='ltr'>in</span> <span class='ocrx_word' id='word_1_20' title='bbox 681 714 745 778; x_wconf 78' lang='lat' dir='ltr'>lieo</span> <span class='ocrx_word' id='word_1_21' title='bbox 760 712 846 795; x_wconf 88' lang='lat' dir='ltr'>quod</span> <span class='ocrx_word' id='word_1_22' title='bbox 863 731 928 776; x_wconf 91' lang='lat' dir='ltr'>non</span> <span class='ocrx_word' id='word_1_23' title='bbox 943 712 998 791; x_wconf 87' lang='lat' dir='ltr'>sit,</span> <span class='ocrx_word' id='word_1_24' title='bbox 1014 732 1073 777; x_wconf 92' lang='lat' dir='ltr'>nee</span> <span class='ocrx_word' id='word_1_25' title='bbox 1085 731 1218 795; x_wconf 90' lang='lat' dir='ltr'>compo·</span> <span class='ocrx_word' id='word_1_26' title='bbox 1273 713 1344 795; x_wconf 87' lang='lat' dir='ltr'>pari</span> <span class='ocrx_word' id='word_1_27' title='bbox 1357 715 1480 779; x_wconf 87' lang='lat' dir='ltr'>ratione</span> <span class='ocrx_word' id='word_1_28' title='bbox 1497 721 1529 780; x_wconf 89' lang='lat' dir='ltr'>et</span> <span class='ocrx_word' id='word_1_29' title='bbox 1548 717 1655 783; x_wconf 84' lang='lat' dir='ltr'>Filium</span> <span class='ocrx_word' id='word_1_30' title='bbox 1665 724 1747 805; x_wconf 82' lang='lat' dir='ltr'>scipso</span> <span class='ocrx_word' id='word_1_31' title='bbox 1755 703 1881 808; x_wconf 53' lang='lat' dir='ltr'>prosim</span> 
     </span>
     <span class='ocr_line' id='line_1_4' title="bbox 446 810 1884 923; baseline 0.004 -34"><span class='ocrx_word' id='word_1_32' title='bbox 446 826 494 890; x_wconf 91' lang='lat' dir='ltr'>nit</span> <span class='ocrx_word' id='word_1_33' title='bbox 507 824 619 889; x_wconf 88' lang='lat' dir='ltr'>Deum.</span> <span class='ocrx_word' id='word_1_34' title='bbox 642 821 702 886; x_wconf 88' lang='lat' dir='ltr'>Per</span> <span class='ocrx_word' id='word_1_35' title='bbox 721 822 809 885; x_wconf 89' lang='lat' dir='ltr'>hunc</span> <span class='ocrx_word' id='word_1_36' title='bbox 823 822 957 885; x_wconf 93' lang='lat' dir='ltr'>modum</span> <span class='ocrx_word' id='word_1_37' title='bbox 976 840 1009 885; x_wconf 90' lang='lat' dir='ltr'>se</span> <span class='ocrx_word' id='word_1_38' title='bbox 1026 821 1123 885; x_wconf 87' lang='lat' dir='ltr'>habet</span> <span class='ocrx_word' id='word_1_39' title='bbox 1137 821 1219 884; x_wconf 89' lang='lat' dir='ltr'>circa</span> <span class='ocrx_word' id='word_1_40' title='bbox 1274 820 1440 902; x_wconf 87' lang='lat' dir='ltr'>productio</span> <span class='ocrx_word' id='word_1_41' title='bbox 1466 824 1552 887; x_wconf 84' lang='lat' dir='ltr'>nihil</span> <span class='ocrx_word' id='word_1_42' title='bbox 1573 826 1659 890; x_wconf 82' lang='lat' dir='ltr'><strong>addit.</strong></span> <span class='ocrx_word' id='word_1_43' title='bbox 1680 828 1791 897; x_wconf 83' lang='lat' dir='ltr'>Similiter</span> <span class='ocrx_word' id='word_1_44' title='bbox 1802 810 1884 923; x_wconf 49' lang='lat' dir='ltr'>nipe</span> 
     </span>
     <span class='ocr_line' id='line_1_5' title="bbox 447 928 1886 1031; baseline 0.006 -36"><span class='ocrx_word' id='word_1_45' title='bbox 447 932 642 996; x_wconf 89' lang='lat' dir='ltr'>intellectum</span> <span class='ocrx_word' id='word_1_46' title='bbox 659 948 814 1013; x_wconf 73' lang='lat' dir='ltr'>personae.</span> <span class='ocrx_word' id='word_1_47' title='bbox 828 928 919 993; x_wconf 84' lang='lat' dir='ltr'>Unde</span> <span class='ocrx_word' id='word_1_48' title='bbox 931 929 1035 1012; x_wconf 84' lang='lat' dir='ltr'><strong>ipsam</strong></span> <span class='ocrx_word' id='word_1_49' title='bbox 1048 929 1122 992; x_wconf 86' lang='lat' dir='ltr'>dicit</span> <span class='ocrx_word' id='word_1_50' title='bbox 1137 929 1218 991; x_wconf 89' lang='lat' dir='ltr'>sim·</span> <span class='ocrx_word' id='word_1_51' title='bbox 1273 928 1414 1011; x_wconf 83' lang='lat' dir='ltr'>aliquam</span> <span class='ocrx_word' id='word_1_52' title='bbox 1429 933 1674 1014; x_wconf 78' lang='lat' dir='ltr'><strong>compositionem</strong></span> <span class='ocrx_word' id='word_1_53' title='bbox 1687 937 1752 1001; x_wconf 77' lang='lat' dir='ltr'>cuca</span> <span class='ocrx_word' id='word_1_54' title='bbox 1761 937 1830 1007; x_wconf 83' lang='lat' dir='ltr'>lilim</span> <span class='ocrx_word' id='word_1_55' title='bbox 1839 970 1844 1008; x_wconf 72' lang='grc' dir='ltr'>ς</span> <span class='ocrx_word' id='word_1_56' title='bbox 1853 966 1886 1031; x_wconf 60' lang='lat' dir='ltr'>op</span> 
     </span>
     <span class='ocr_line' id='line_1_6' title="bbox 446 1036 1889 1123; baseline 0.001 -20"><span class='ocrx_word' id='word_1_57' title='bbox 446 1041 579 1123; x_wconf 88' lang='lat' dir='ltr'>plicem,</span> <span class='ocrx_word' id='word_1_58' title='bbox 595 1039 671 1122; x_wconf 87' lang='lat' dir='ltr'>quia</span> <span class='ocrx_word' id='word_1_59' title='bbox 684 1037 832 1121; x_wconf 85' lang='lat' dir='ltr'>quamvis</span> <span class='ocrx_word' id='word_1_60' title='bbox 845 1039 879 1101; x_wconf 90' lang='lat' dir='ltr'>in</span> <span class='ocrx_word' id='word_1_61' title='bbox 893 1038 963 1120; x_wconf 89' lang='lat' dir='ltr'>ipsa</span> <span class='ocrx_word' id='word_1_62' title='bbox 975 1036 1058 1101; x_wconf 85' lang='lat' dir='ltr'>dicat</span> <span class='ocrx_word' id='word_1_63' title='bbox 1070 1040 1219 1100; x_wconf 89' lang='lat' dir='ltr'>naturam</span> <span class='ocrx_word' id='word_1_64' title='bbox 1276 1054 1363 1112; x_wconf 90' lang='lat' dir='ltr'>eum,</span> <span class='ocrx_word' id='word_1_65' title='bbox 1377 1037 1435 1101; x_wconf 91' lang='lat' dir='ltr'>ubi</span> <span class='ocrx_word' id='word_1_66' title='bbox 1451 1042 1502 1102; x_wconf 90' lang='lat' dir='ltr'>est</span> <span class='ocrx_word' id='word_1_67' title='bbox 1514 1057 1589 1104; x_wconf 86' lang='lat' dir='ltr'>vera</span> <span class='ocrx_word' id='word_1_68' title='bbox 1603 1043 1889 1122; x_wconf 55' lang='lat' dir='ltr'>origenistarum.</span> 
     </span>
     <span class='ocr_line' id='line_1_7' title="bbox 447 1144 1890 1230; baseline 0.003 -18"><span class='ocrx_word' id='word_1_69' title='bbox 447 1166 514 1211; x_wconf 86' lang='lat' dir='ltr'>esse</span> <span class='ocrx_word' id='word_1_70' title='bbox 530 1151 562 1211; x_wconf 88' lang='lat' dir='ltr'>et</span> <span class='ocrx_word' id='word_1_71' title='bbox 582 1166 658 1211; x_wconf 85' lang='lat' dir='ltr'>vere</span> <span class='ocrx_word' id='word_1_72' title='bbox 679 1150 845 1222; x_wconf 89' lang='lat' dir='ltr'>naturam,</span> <span class='ocrx_word' id='word_1_73' title='bbox 868 1148 900 1208; x_wconf 88' lang='lat' dir='ltr'>et</span> <span class='ocrx_word' id='word_1_74' title='bbox 920 1144 1121 1228; x_wconf 89' lang='lat' dir='ltr'>suppositum</span> <span class='ocrx_word' id='word_1_75' title='bbox 1133 1144 1220 1227; x_wconf 88' lang='lat' dir='ltr'>quod</span> <span class='ocrx_word' id='word_1_76' title='bbox 1275 1146 1334 1224; x_wconf 84' lang='lat' dir='ltr'>tio,</span> <span class='ocrx_word' id='word_1_77' title='bbox 1354 1149 1387 1208; x_wconf 91' lang='lat' dir='ltr'>et</span> <span class='ocrx_word' id='word_1_78' title='bbox 1405 1147 1500 1227; x_wconf 90' lang='lat' dir='ltr'>origo</span> <span class='ocrx_word' id='word_1_79' title='bbox 1515 1147 1690 1230; x_wconf 80' lang='lat' dir='ltr'>intelligitur</span> <span class='ocrx_word' id='word_1_80' title='bbox 1703 1151 1737 1215; x_wconf 89' lang='lat' dir='ltr'>ibi</span> <span class='ocrx_word' id='word_1_81' title='bbox 1750 1158 1890 1225; x_wconf 64' lang='lat' dir='ltr'>rorando</span> 
     </span>
     <span class='ocr_line' id='line_1_8' title="bbox 447 1251 1891 1347; baseline 0.003 -28"><span class='ocrx_word' id='word_1_82' title='bbox 447 1259 495 1319; x_wconf 88' lang='lat' dir='ltr'>est</span> <span class='ocrx_word' id='word_1_83' title='bbox 516 1272 592 1318; x_wconf 88' lang='lat' dir='ltr'>vere</span> <span class='ocrx_word' id='word_1_84' title='bbox 612 1253 825 1335; x_wconf 86' lang='lat' dir='ltr'>suppositum,</span> <span class='ocrx_word' id='word_1_85' title='bbox 846 1256 878 1315; x_wconf 87' lang='lat' dir='ltr'>et</span> <span class='ocrx_word' id='word_1_86' title='bbox 896 1251 1122 1333; x_wconf 88' lang='lat' dir='ltr'>proprietatem</span> <span class='ocrx_word' id='word_1_87' title='bbox 1145 1268 1219 1331; x_wconf 85' lang='lat' dir='ltr'>quae</span> <span class='ocrx_word' id='word_1_88' title='bbox 1274 1252 1377 1329; x_wconf 90' lang='lat' dir='ltr'>tione,</span> <span class='ocrx_word' id='word_1_89' title='bbox 1390 1258 1423 1317; x_wconf 91' lang='lat' dir='ltr'>et</span> <span class='ocrx_word' id='word_1_90' title='bbox 1435 1253 1592 1319; x_wconf 89' lang='lat' dir='ltr'>distinctio</span> <span class='ocrx_word' id='word_1_91' title='bbox 1603 1257 1664 1320; x_wconf 87' lang='lat' dir='ltr'>sine</span> <span class='ocrx_word' id='word_1_92' title='bbox 1672 1259 1891 1347; x_wconf 68' lang='lat' dir='ltr'>additoneintdtgin</span> 
     </span>
     <span class='ocr_line' id='line_1_9' title="bbox 447 1358 1892 1451; baseline 0.003 -26"><span class='ocrx_word' id='word_1_93' title='bbox 447 1380 524 1426; x_wconf 88' lang='lat' dir='ltr'>vere</span> <span class='ocrx_word' id='word_1_94' title='bbox 537 1364 584 1425; x_wconf 88' lang='lat' dir='ltr'>est</span> <span class='ocrx_word' id='word_1_95' title='bbox 603 1360 797 1444; x_wconf 86' lang='lat' dir='ltr'>proprietas,</span> <span class='ocrx_word' id='word_1_96' title='bbox 816 1364 925 1423; x_wconf 88' lang='lat' dir='ltr'>tamen</span> <span class='ocrx_word' id='word_1_97' title='bbox 938 1359 1014 1422; x_wconf 90' lang='lat' dir='ltr'>dicit</span> <span class='ocrx_word' id='word_1_98' title='bbox 1027 1359 1098 1422; x_wconf 79' lang='lat' dir='ltr'>haec</span> <span class='ocrx_word' id='word_1_99' title='bbox 1111 1358 1222 1422; x_wconf 91' lang='lat' dir='ltr'>omnia</span> <span class='ocrx_word' id='word_1_100' title='bbox 1275 1358 1321 1421; x_wconf 90' lang='lat' dir='ltr'>ibi</span> <span class='ocrx_word' id='word_1_101' title='bbox 1341 1377 1421 1424; x_wconf 87' lang='lat' dir='ltr'>esse.</span> <span class='ocrx_word' id='word_1_102' title='bbox 1445 1360 1597 1437; x_wconf 81' lang='lat' dir='ltr'>Quamvis</span> <span class='ocrx_word' id='word_1_103' title='bbox 1616 1369 1709 1430; x_wconf 88' lang='lat' dir='ltr'>autem</span> <span class='ocrx_word' id='word_1_104' title='bbox 1728 1375 1892 1451; x_wconf 59' lang='lat' dir='ltr'>poemiam</span> 
     </span>
     <span class='ocr_line' id='line_1_10' title="bbox 448 1468 1893 1560; baseline 0.004 -27"><span class='ocrx_word' id='word_1_105' title='bbox 448 1487 515 1533; x_wconf 86' lang='lat' dir='ltr'>esse</span> <span class='ocrx_word' id='word_1_106' title='bbox 529 1488 645 1545; x_wconf 90' lang='lat' dir='ltr'>unum,</span> <span class='ocrx_word' id='word_1_107' title='bbox 661 1474 693 1532; x_wconf 89' lang='lat' dir='ltr'>et</span> <span class='ocrx_word' id='word_1_108' title='bbox 705 1487 808 1532; x_wconf 92' lang='lat' dir='ltr'>unum</span> <span class='ocrx_word' id='word_1_109' title='bbox 826 1486 894 1531; x_wconf 88' lang='lat' dir='ltr'>esse</span> <span class='ocrx_word' id='word_1_110' title='bbox 907 1468 1064 1531; x_wconf 90' lang='lat' dir='ltr'>alterum:</span> <span class='ocrx_word' id='word_1_111' title='bbox 1084 1485 1119 1531; x_wconf 88' lang='lat' dir='ltr'>re</span> <span class='ocrx_word' id='word_1_112' title='bbox 1141 1484 1220 1547; x_wconf 88' lang='lat' dir='ltr'>ergo</span> <span class='ocrx_word' id='word_1_113' title='bbox 1275 1469 1401 1529; x_wconf 83' lang='lat' dir='ltr'>naturae</span> <span class='ocrx_word' id='word_1_114' title='bbox 1415 1486 1483 1531; x_wconf 94' lang='lat' dir='ltr'>non</span> <span class='ocrx_word' id='word_1_115' title='bbox 1500 1488 1534 1533; x_wconf 88' lang='lat' dir='ltr'>se</span> <span class='ocrx_word' id='word_1_116' title='bbox 1546 1470 1697 1536; x_wconf 87' lang='lat' dir='ltr'>habeatad</span> <span class='ocrx_word' id='word_1_117' title='bbox 1708 1481 1893 1560; x_wconf 76' lang='lat' dir='ltr'>naturupndt</span> 
     </span>
     <span class='ocr_line' id='line_1_11' title="bbox 448 1573 1893 1663; baseline 0.002 -18"><span class='ocrx_word' id='word_1_118' title='bbox 448 1582 602 1645; x_wconf 81' lang='lat' dir='ltr'>existente</span> <span class='ocrx_word' id='word_1_119' title='bbox 622 1580 875 1663; x_wconf 88' lang='lat' dir='ltr'>simplicissima,</span> <span class='ocrx_word' id='word_1_120' title='bbox 895 1599 971 1645; x_wconf 89' lang='lat' dir='ltr'>vere</span> <span class='ocrx_word' id='word_1_121' title='bbox 992 1583 1039 1643; x_wconf 89' lang='lat' dir='ltr'>est</span> <span class='ocrx_word' id='word_1_122' title='bbox 1057 1579 1174 1644; x_wconf 88' lang='lat' dir='ltr'>additio</span> <span class='ocrx_word' id='word_1_123' title='bbox 1190 1582 1222 1642; x_wconf 91' lang='lat' dir='ltr'>et</span> <span class='ocrx_word' id='word_1_124' title='bbox 1276 1573 1408 1656; x_wconf 82' lang='lat' dir='ltr'>tionem,</span> <span class='ocrx_word' id='word_1_125' title='bbox 1419 1580 1529 1641; x_wconf 88' lang='lat' dir='ltr'>tamen</span> <span class='ocrx_word' id='word_1_126' title='bbox 1540 1579 1726 1645; x_wconf 86' lang='lat' dir='ltr'>nihilominus</span> <span class='ocrx_word' id='word_1_127' title='bbox 1734 1582 1893 1649; x_wconf 76' lang='lat' dir='ltr'>ducamen</span> 
     </span>
     <span class='ocr_line' id='line_1_12' title="bbox 449 1681 1894 1774; baseline 0.001 -23"><span class='ocrx_word' id='word_1_128' title='bbox 449 1688 635 1772; x_wconf 76' lang='lat' dir='ltr'>compositio</span> <span class='ocrx_word' id='word_1_129' title='bbox 649 1690 732 1751; x_wconf 86' lang='lat' dir='ltr'>cirea</span> <span class='ocrx_word' id='word_1_130' title='bbox 745 1688 940 1751; x_wconf 87' lang='lat' dir='ltr'>intellectum</span> <span class='ocrx_word' id='word_1_131' title='bbox 955 1688 1023 1750; x_wconf 90' lang='lat' dir='ltr'>sine</span> <span class='ocrx_word' id='word_1_132' title='bbox 1036 1687 1177 1751; x_wconf 87' lang='lat' dir='ltr'>vanitate</span> <span class='ocrx_word' id='word_1_133' title='bbox 1190 1689 1222 1749; x_wconf 87' lang='lat' dir='ltr'>et</span> <span class='ocrx_word' id='word_1_134' title='bbox 1276 1681 1434 1748; x_wconf 87' lang='lat' dir='ltr'>rationem</span> <span class='ocrx_word' id='word_1_135' title='bbox 1452 1703 1461 1746; x_wconf 75' lang='grc' dir='ltr'><strong><em>ε</em></strong></span> <span class='ocrx_word' id='word_1_136' title='bbox 1484 1685 1624 1767; x_wconf 87' lang='lat' dir='ltr'>alioquin</span> <span class='ocrx_word' id='word_1_137' title='bbox 1640 1705 1698 1751; x_wconf 93' lang='lat' dir='ltr'>non</span> <span class='ocrx_word' id='word_1_138' title='bbox 1713 1694 1775 1753; x_wconf 77' lang='lat' dir='ltr'>aso</span> <span class='ocrx_word' id='word_1_139' title='bbox 1786 1691 1894 1774; x_wconf 65' lang='lat' dir='ltr'>ultimi,</span> 
     </span>
     <span class='ocr_line' id='line_1_13' title="bbox 447 1788 1895 1875; baseline 0.003 -19"><span class='ocrx_word' id='word_1_140' title='bbox 447 1794 593 1857; x_wconf 83' lang='lat' dir='ltr'>falsitate.</span> <span class='ocrx_word' id='word_1_141' title='bbox 616 1791 649 1857; x_wconf 89' lang='lat' dir='ltr'>Si</span> <span class='ocrx_word' id='word_1_142' title='bbox 676 1797 784 1856; x_wconf 88' lang='lat' dir='ltr'>autem</span> <span class='ocrx_word' id='word_1_143' title='bbox 807 1792 979 1874; x_wconf 83' lang='lat' dir='ltr'><strong>loquamur</strong></span> <span class='ocrx_word' id='word_1_144' title='bbox 999 1810 1018 1854; x_wconf 92' lang='lat' dir='ltr'>a</span> <span class='ocrx_word' id='word_1_145' title='bbox 1042 1795 1131 1873; x_wconf 89' lang='lat' dir='ltr'>parte</span> <span class='ocrx_word' id='word_1_146' title='bbox 1157 1791 1220 1868; x_wconf 88' lang='lat' dir='ltr'>rei,</span> <span class='ocrx_word' id='word_1_147' title='bbox 1277 1788 1364 1867; x_wconf 89' lang='lat' dir='ltr'>quod</span> <span class='ocrx_word' id='word_1_148' title='bbox 1388 1790 1620 1872; x_wconf 87' lang='lat' dir='ltr'>pluriflearetur</span> <span class='ocrx_word' id='word_1_149' title='bbox 1639 1813 1763 1875; x_wconf 82' lang='lat' dir='ltr'>persona,</span> <span class='ocrx_word' id='word_1_150' title='bbox 1781 1802 1895 1861; x_wconf 74' lang='lat' dir='ltr'>monui</span> 
     </span>
     <span class='ocr_line' id='line_1_14' title="bbox 449 1896 1896 1984; baseline 0.002 -18"><span class='ocrx_word' id='word_1_151' title='bbox 449 1903 494 1966; x_wconf 90' lang='lat' dir='ltr'>sie</span> <span class='ocrx_word' id='word_1_152' title='bbox 507 1901 688 1980; x_wconf 90' lang='lat' dir='ltr'>dicendum,</span> <span class='ocrx_word' id='word_1_153' title='bbox 703 1901 790 1984; x_wconf 90' lang='lat' dir='ltr'>quod</span> <span class='ocrx_word' id='word_1_154' title='bbox 804 1919 877 1965; x_wconf 92' lang='lat' dir='ltr'>cum</span> <span class='ocrx_word' id='word_1_155' title='bbox 889 1900 1008 1964; x_wconf 88' lang='lat' dir='ltr'>additio</span> <span class='ocrx_word' id='word_1_156' title='bbox 1022 1904 1165 1982; x_wconf 77' lang='lat' dir='ltr'>exparte</span> <span class='ocrx_word' id='word_1_157' title='bbox 1176 1898 1223 1962; x_wconf 87' lang='lat' dir='ltr'>rei</span> <span class='ocrx_word' id='word_1_158' title='bbox 1277 1896 1362 1958; x_wconf 80' lang='lat' dir='ltr'>tende</span> <span class='ocrx_word' id='word_1_159' title='bbox 1374 1898 1482 1961; x_wconf 86' lang='lat' dir='ltr'>unica.</span> <span class='ocrx_word' id='word_1_160' title='bbox 1496 1898 1761 1966; x_wconf 82' lang='lat' dir='ltr'>Differentiaauten</span> <span class='ocrx_word' id='word_1_161' title='bbox 1769 1905 1896 1969; x_wconf 78' lang='lat' dir='ltr'>seculum</span> 
     </span>
     <span class='ocr_line' id='line_1_15' title="bbox 448 2003 1897 2092; baseline 0.002 -19"><span class='ocrx_word' id='word_1_162' title='bbox 448 2015 546 2092; x_wconf 91' lang='lat' dir='ltr'>ponat</span> <span class='ocrx_word' id='word_1_163' title='bbox 555 2010 828 2092; x_wconf 83' lang='lat' dir='ltr'>compositionem,</span> <span class='ocrx_word' id='word_1_164' title='bbox 839 2014 871 2072; x_wconf 90' lang='lat' dir='ltr'>et</span> <span class='ocrx_word' id='word_1_165' title='bbox 882 2009 991 2073; x_wconf 87' lang='lat' dir='ltr'>divina</span> <span class='ocrx_word' id='word_1_166' title='bbox 1002 2027 1139 2090; x_wconf 90' lang='lat' dir='ltr'>persona</span> <span class='ocrx_word' id='word_1_167' title='bbox 1148 2008 1224 2071; x_wconf 89' lang='lat' dir='ltr'>sim·</span> <span class='ocrx_word' id='word_1_168' title='bbox 1278 2003 1398 2068; x_wconf 90' lang='lat' dir='ltr'>tionem</span> <span class='ocrx_word' id='word_1_169' title='bbox 1417 2011 1485 2086; x_wconf 88' lang='lat' dir='ltr'>est,</span> <span class='ocrx_word' id='word_1_170' title='bbox 1502 2008 1578 2089; x_wconf 87' lang='lat' dir='ltr'>quia</span> <span class='ocrx_word' id='word_1_171' title='bbox 1595 2010 1713 2073; x_wconf 58' lang='lat' dir='ltr'>mentia</span> <span class='ocrx_word' id='word_1_172' title='bbox 1724 2014 1897 2076; x_wconf 72' lang='lat' dir='ltr'>nonodtude</span> 
     </span>
     <span class='ocr_line' id='line_1_16' title="bbox 448 2112 1897 2201; baseline 0.001 -20"><span class='ocrx_word' id='word_1_173' title='bbox 448 2117 620 2201; x_wconf 87' lang='lat' dir='ltr'>plicissima</span> <span class='ocrx_word' id='word_1_174' title='bbox 640 2118 694 2194; x_wconf 87' lang='lat' dir='ltr'>sit,</span> <span class='ocrx_word' id='word_1_175' title='bbox 712 2118 799 2200; x_wconf 86' lang='lat' dir='ltr'>quod</span> <span class='ocrx_word' id='word_1_176' title='bbox 815 2117 1009 2199; x_wconf 87' lang='lat' dir='ltr'>impossibile</span> <span class='ocrx_word' id='word_1_177' title='bbox 1024 2121 1073 2179; x_wconf 85' lang='lat' dir='ltr'>est</span> <span class='ocrx_word' id='word_1_178' title='bbox 1090 2117 1222 2180; x_wconf 93' lang='lat' dir='ltr'>omnino</span> <span class='ocrx_word' id='word_1_179' title='bbox 1278 2112 1390 2192; x_wconf 88' lang='lat' dir='ltr'>sentia,</span> <span class='ocrx_word' id='word_1_180' title='bbox 1404 2132 1466 2177; x_wconf 90' lang='lat' dir='ltr'>nec</span> <span class='ocrx_word' id='word_1_181' title='bbox 1480 2133 1514 2178; x_wconf 91' lang='lat' dir='ltr'>se</span> <span class='ocrx_word' id='word_1_182' title='bbox 1527 2116 1619 2179; x_wconf 83' lang='lat' dir='ltr'>habet</span> <span class='ocrx_word' id='word_1_183' title='bbox 1629 2116 1666 2180; x_wconf 86' lang='lat' dir='ltr'>ad</span> <span class='ocrx_word' id='word_1_184' title='bbox 1677 2117 1754 2181; x_wconf 89' lang='lat' dir='ltr'>aliam</span> <span class='ocrx_word' id='word_1_185' title='bbox 1762 2120 1897 2197; x_wconf 63' lang='lat' dir='ltr'>eontinet</span> 
     </span>
     <span class='ocr_line' id='line_1_17' title="bbox 450 2220 1899 2309; baseline -0.001 -20"><span class='ocrx_word' id='word_1_186' title='bbox 450 2227 535 2309; x_wconf 85' lang='lat' dir='ltr'>quod</span> <span class='ocrx_word' id='word_1_187' title='bbox 552 2226 595 2289; x_wconf 87' lang='lat' dir='ltr'>ibi</span> <span class='ocrx_word' id='word_1_188' title='bbox 614 2226 655 2289; x_wconf 85' lang='lat' dir='ltr'>sit</span> <span class='ocrx_word' id='word_1_189' title='bbox 672 2226 781 2308; x_wconf 90' lang='lat' dir='ltr'>aliqua</span> <span class='ocrx_word' id='word_1_190' title='bbox 792 2225 927 2301; x_wconf 85' lang='lat' dir='ltr'>additia,</span> <span class='ocrx_word' id='word_1_191' title='bbox 942 2228 974 2287; x_wconf 88' lang='lat' dir='ltr'>et</span> <span class='ocrx_word' id='word_1_192' title='bbox 989 2223 1034 2287; x_wconf 88' lang='lat' dir='ltr'>ita</span> <span class='ocrx_word' id='word_1_193' title='bbox 1046 2225 1222 2288; x_wconf 90' lang='lat' dir='ltr'>secundum</span> <span class='ocrx_word' id='word_1_194' title='bbox 1278 2237 1413 2301; x_wconf 86' lang='lat' dir='ltr'>persona</span> <span class='ocrx_word' id='word_1_195' title='bbox 1426 2220 1510 2285; x_wconf 90' lang='lat' dir='ltr'>bene</span> <span class='ocrx_word' id='word_1_196' title='bbox 1530 2223 1630 2286; x_wconf 89' lang='lat' dir='ltr'>oritur</span> <span class='ocrx_word' id='word_1_197' title='bbox 1645 2243 1663 2287; x_wconf 90' lang='lat' dir='ltr'>a</span> <span class='ocrx_word' id='word_1_198' title='bbox 1677 2243 1791 2306; x_wconf 81' lang='lat' dir='ltr'>persona,</span> <span class='ocrx_word' id='word_1_199' title='bbox 1802 2224 1899 2287; x_wconf 61' lang='lat' dir='ltr'>aaut</span> 
     </span>
     <span class='ocr_line' id='line_1_18' title="bbox 449 2327 1899 2414; baseline -0.001 -17"><span class='ocrx_word' id='word_1_200' title='bbox 449 2352 519 2397; x_wconf 88' lang='lat' dir='ltr'>rem</span> <span class='ocrx_word' id='word_1_201' title='bbox 532 2334 616 2397; x_wconf 90' lang='lat' dir='ltr'>nihil</span> <span class='ocrx_word' id='word_1_202' title='bbox 631 2333 718 2398; x_wconf 86' lang='lat' dir='ltr'>addit</span> <span class='ocrx_word' id='word_1_203' title='bbox 732 2349 781 2399; x_wconf 83' lang='lat' dir='ltr'>rer</span> <span class='ocrx_word' id='word_1_204' title='bbox 796 2341 925 2398; x_wconf 76' lang='lat' dir='ltr'>nature</span> <span class='ocrx_word' id='word_1_205' title='bbox 944 2351 1042 2414; x_wconf 91' lang='lat' dir='ltr'>supra</span> <span class='ocrx_word' id='word_1_206' title='bbox 1055 2340 1221 2398; x_wconf 76' lang='lat' dir='ltr'>naturam.</span> <span class='ocrx_word' id='word_1_207' title='bbox 1279 2327 1319 2390; x_wconf 86' lang='lat' dir='ltr'>ad</span> <span class='ocrx_word' id='word_1_208' title='bbox 1334 2327 1433 2392; x_wconf 89' lang='lat' dir='ltr'>illam.</span> <span class='ocrx_word' id='word_1_209' title='bbox 1448 2329 1535 2394; x_wconf 86' lang='lat' dir='ltr'>Situ</span> <span class='ocrx_word' id='word_1_210' title='bbox 1546 2350 1664 2414; x_wconf 83' lang='lat' dir='ltr'>quaeras</span> <span class='ocrx_word' id='word_1_211' title='bbox 1673 2333 1791 2397; x_wconf 86' lang='lat' dir='ltr'>rationem</span> <span class='ocrx_word' id='word_1_212' title='bbox 1802 2334 1899 2414; x_wconf 64' lang='lat' dir='ltr'>lpse</span> 
     </span>
     <span class='ocr_line' id='line_1_19' title="bbox 450 2438 1901 2521; baseline -0.002 -16"><span class='ocrx_word' id='word_1_213' title='bbox 450 2438 511 2505; x_wconf 87' lang='lat' dir='ltr'>Sed</span> <span class='ocrx_word' id='word_1_214' title='bbox 532 2446 640 2505; x_wconf 84' lang='lat' dir='ltr'>tomen</span> <span class='ocrx_word' id='word_1_215' title='bbox 663 2441 790 2504; x_wconf 85' lang='lat' dir='ltr'>videtur</span> <span class='ocrx_word' id='word_1_216' title='bbox 812 2440 892 2504; x_wconf 92' lang='lat' dir='ltr'>illud</span> <span class='ocrx_word' id='word_1_217' title='bbox 913 2458 980 2504; x_wconf 91' lang='lat' dir='ltr'>nou</span> <span class='ocrx_word' id='word_1_218' title='bbox 1003 2439 1221 2521; x_wconf 79' lang='lat' dir='ltr'>intelligibile,</span> <span class='ocrx_word' id='word_1_219' title='bbox 1278 2438 1424 2518; x_wconf 88' lang='lat' dir='ltr'>pendeo:</span> <span class='ocrx_word' id='word_1_220' title='bbox 1439 2438 1525 2516; x_wconf 82' lang='lat' dir='ltr'>Quia</span> <span class='ocrx_word' id='word_1_221' title='bbox 1538 2440 1674 2503; x_wconf 89' lang='lat' dir='ltr'>unitaset</span> <span class='ocrx_word' id='word_1_222' title='bbox 1688 2438 1901 2503; x_wconf 76' lang='lat' dir='ltr'>uooilusdu&#39;dtr</span> 
     </span>
     <span class='ocr_line' id='line_1_20' title="bbox 450 2544 1901 2631; baseline 0.001 -18"><span class='ocrx_word' id='word_1_223' title='bbox 450 2548 535 2630; x_wconf 86' lang='lat' dir='ltr'>quod</span> <span class='ocrx_word' id='word_1_224' title='bbox 548 2567 684 2631; x_wconf 88' lang='lat' dir='ltr'>persona</span> <span class='ocrx_word' id='word_1_225' title='bbox 696 2549 738 2612; x_wconf 88' lang='lat' dir='ltr'>sit</span> <span class='ocrx_word' id='word_1_226' title='bbox 750 2549 896 2611; x_wconf 89' lang='lat' dir='ltr'>distincta</span> <span class='ocrx_word' id='word_1_227' title='bbox 909 2547 1086 2611; x_wconf 90' lang='lat' dir='ltr'>secundnm</span> <span class='ocrx_word' id='word_1_228' title='bbox 1097 2566 1177 2625; x_wconf 89' lang='lat' dir='ltr'>rem,</span> <span class='ocrx_word' id='word_1_229' title='bbox 1193 2552 1225 2612; x_wconf 93' lang='lat' dir='ltr'>et</span> <span class='ocrx_word' id='word_1_230' title='bbox 1279 2561 1345 2606; x_wconf 89' lang='lat' dir='ltr'>non</span> <span class='ocrx_word' id='word_1_231' title='bbox 1355 2544 1496 2609; x_wconf 86' lang='lat' dir='ltr'>admittit</span> <span class='ocrx_word' id='word_1_232' title='bbox 1504 2547 1587 2610; x_wconf 89' lang='lat' dir='ltr'>cirea</span> <span class='ocrx_word' id='word_1_233' title='bbox 1595 2548 1738 2611; x_wconf 80' lang='lat' dir='ltr'>essentim</span> <span class='ocrx_word' id='word_1_234' title='bbox 1745 2546 1901 2628; x_wconf 68' lang='lat' dir='ltr'>plumatios</span> 
     </span>
     <span class='ocr_line' id='line_1_21' title="bbox 451 2651 1903 2737; baseline -0.006 -16"><span class='ocrx_word' id='word_1_235' title='bbox 451 2657 586 2721; x_wconf 81' lang='lat' dir='ltr'>essentia</span> <span class='ocrx_word' id='word_1_236' title='bbox 597 2675 682 2737; x_wconf 89' lang='lat' dir='ltr'>non;</span> <span class='ocrx_word' id='word_1_237' title='bbox 697 2663 729 2720; x_wconf 91' lang='lat' dir='ltr'>et</span> <span class='ocrx_word' id='word_1_238' title='bbox 741 2676 816 2720; x_wconf 90' lang='lat' dir='ltr'>eum</span> <span class='ocrx_word' id='word_1_239' title='bbox 829 2656 891 2721; x_wconf 91' lang='lat' dir='ltr'>hoc</span> <span class='ocrx_word' id='word_1_240' title='bbox 902 2679 909 2720; x_wconf 93' lang='lat'>:</span> <span class='ocrx_word' id='word_1_241' title='bbox 919 2655 1014 2719; x_wconf 91' lang='lat' dir='ltr'>Nulla</span> <span class='ocrx_word' id='word_1_242' title='bbox 1028 2661 1076 2720; x_wconf 91' lang='lat' dir='ltr'>est</span> <span class='ocrx_word' id='word_1_243' title='bbox 1088 2656 1223 2736; x_wconf 84' lang='lat' dir='ltr'>additio,</span> <span class='ocrx_word' id='word_1_244' title='bbox 1279 2651 1360 2715; x_wconf 87' lang='lat' dir='ltr'>sieut</span> <span class='ocrx_word' id='word_1_245' title='bbox 1372 2653 1456 2717; x_wconf 89' lang='lat' dir='ltr'>eirca</span> <span class='ocrx_word' id='word_1_246' title='bbox 1470 2673 1645 2737; x_wconf 90' lang='lat' dir='ltr'>personam,</span> <span class='ocrx_word' id='word_1_247' title='bbox 1655 2660 1684 2719; x_wconf 90' lang='lat' dir='ltr'>et</span> <span class='ocrx_word' id='word_1_248' title='bbox 1693 2654 1768 2737; x_wconf 85' lang='lat' dir='ltr'>hujus</span> <span class='ocrx_word' id='word_1_249' title='bbox 1777 2653 1903 2716; x_wconf 68' lang='lat' dir='ltr'>umidae</span> 
     </span>
     <span class='ocr_line' id='line_1_22' title="bbox 451 2758 1904 2846; baseline -0.006 -18"><span class='ocrx_word' id='word_1_250' title='bbox 451 2768 483 2828; x_wconf 91' lang='lat' dir='ltr'>et</span> <span class='ocrx_word' id='word_1_251' title='bbox 495 2764 584 2828; x_wconf 91' lang='lat' dir='ltr'>nulla</span> <span class='ocrx_word' id='word_1_252' title='bbox 597 2764 773 2829; x_wconf 83' lang='lat' dir='ltr'>differentia</span> <span class='ocrx_word' id='word_1_253' title='bbox 786 2764 964 2828; x_wconf 86' lang='lat' dir='ltr'>secundnm</span> <span class='ocrx_word' id='word_1_254' title='bbox 974 2781 1045 2828; x_wconf 92' lang='lat' dir='ltr'>rem</span> <span class='ocrx_word' id='word_1_255' title='bbox 1057 2764 1140 2827; x_wconf 86' lang='lat' dir='ltr'>inter</span> <span class='ocrx_word' id='word_1_256' title='bbox 1151 2782 1226 2846; x_wconf 88' lang='lat' dir='ltr'>per·</span> <span class='ocrx_word' id='word_1_257' title='bbox 1279 2777 1388 2843; x_wconf 87' lang='lat' dir='ltr'>snpra,</span> <span class='ocrx_word' id='word_1_258' title='bbox 1401 2760 1474 2825; x_wconf 90' lang='lat' dir='ltr'>dist.</span> <span class='ocrx_word' id='word_1_259' title='bbox 1490 2781 1537 2827; x_wconf 82' lang='lat' dir='ltr'>rx.</span> <span class='ocrx_word' id='word_1_260' title='bbox 1550 2762 1693 2840; x_wconf 80' lang='lat' dir='ltr'>Quoniam</span> <span class='ocrx_word' id='word_1_261' title='bbox 1707 2780 1767 2842; x_wconf 87' lang='lat' dir='ltr'>ergo</span> <span class='ocrx_word' id='word_1_262' title='bbox 1779 2758 1904 2823; x_wconf 70' lang='lat' dir='ltr'>odmen</span> 
     </span>
     <span class='ocr_line' id='line_1_23' title="bbox 451 2866 1904 2955; baseline 0.008 -22"><span class='ocrx_word' id='word_1_263' title='bbox 451 2888 563 2933; x_wconf 88' lang='lat' dir='ltr'>sonam</span> <span class='ocrx_word' id='word_1_264' title='bbox 578 2875 608 2935; x_wconf 90' lang='lat' dir='ltr'>et</span> <span class='ocrx_word' id='word_1_265' title='bbox 621 2875 782 2936; x_wconf 83' lang='lat' dir='ltr'>naturam.</span> <span class='ocrx_word' id='word_1_266' title='bbox 799 2870 838 2934; x_wconf 83' lang='lat' dir='ltr'>Et</span> <span class='ocrx_word' id='word_1_267' title='bbox 852 2871 893 2935; x_wconf 89' lang='lat' dir='ltr'>ad</span> <span class='ocrx_word' id='word_1_268' title='bbox 913 2872 975 2936; x_wconf 91' lang='lat' dir='ltr'>hoe</span> <span class='ocrx_word' id='word_1_269' title='bbox 995 2872 1226 2955; x_wconf 89' lang='lat' dir='ltr'>qualitercum-</span> <span class='ocrx_word' id='word_1_270' title='bbox 1279 2866 1375 2931; x_wconf 81' lang='lat' dir='ltr'>bendi</span> <span class='ocrx_word' id='word_1_271' title='bbox 1393 2869 1434 2932; x_wconf 91' lang='lat' dir='ltr'>ad</span> <span class='ocrx_word' id='word_1_272' title='bbox 1445 2869 1566 2949; x_wconf 90' lang='lat' dir='ltr'>alium,</span> <span class='ocrx_word' id='word_1_273' title='bbox 1586 2875 1615 2935; x_wconf 87' lang='lat' dir='ltr'>ct</span> <span class='ocrx_word' id='word_1_274' title='bbox 1627 2867 1904 2946; x_wconf 56' lang='lat' dir='ltr'>ordineordme</span> 
     </span>
     <span class='ocr_line' id='line_1_24' title="bbox 452 2971 1904 3063; baseline -0.004 -21"><span class='ocrx_word' id='word_1_275' title='bbox 452 2996 515 3060; x_wconf 87' lang='lat' dir='ltr'>que</span> <span class='ocrx_word' id='word_1_276' title='bbox 526 2979 785 3061; x_wconf 87' lang='lat' dir='ltr'>intelligendum,</span> <span class='ocrx_word' id='word_1_277' title='bbox 804 2997 879 3043; x_wconf 90' lang='lat' dir='ltr'>eum</span> <span class='ocrx_word' id='word_1_278' title='bbox 894 2979 955 3043; x_wconf 89' lang='lat' dir='ltr'>hoc</span> <span class='ocrx_word' id='word_1_279' title='bbox 971 2980 1012 3043; x_wconf 90' lang='lat' dir='ltr'>sit</span> <span class='ocrx_word' id='word_1_280' title='bbox 1029 2999 1127 3063; x_wconf 84' lang='lat' dir='ltr'>supra</span> <span class='ocrx_word' id='word_1_281' title='bbox 1140 2981 1224 3046; x_wconf 88' lang='lat' dir='ltr'>vires</span> <span class='ocrx_word' id='word_1_282' title='bbox 1280 2972 1329 3036; x_wconf 92' lang='lat' dir='ltr'>nit</span> <span class='ocrx_word' id='word_1_283' title='bbox 1351 2977 1613 3058; x_wconf 81' lang='lat' dir='ltr'>compositionem</span> <span class='ocrx_word' id='word_1_284' title='bbox 1639 2978 1671 3041; x_wconf 95' lang='lat' dir='ltr'>in</span> <span class='ocrx_word' id='word_1_285' title='bbox 1698 2994 1797 3060; x_wconf 82' lang='lat' dir='ltr'>persona</span> <span class='ocrx_word' id='word_1_286' title='bbox 1815 2971 1904 3036; x_wconf 71' lang='lat' dir='ltr'>modu</span> 
     </span>
     <span class='ocr_line' id='line_1_25' title="bbox 451 3080 1904 3174; baseline 0.006 -23"><span class='ocrx_word' id='word_1_287' title='bbox 451 3086 588 3174; x_wconf 81' lang='lat' dir='ltr'>humani</span> <span class='ocrx_word' id='word_1_288' title='bbox 608 3087 800 3165; x_wconf 81' lang='lat' dir='ltr'>intellectus,</span> <span class='ocrx_word' id='word_1_289' title='bbox 826 3086 1025 3169; x_wconf 86' lang='lat' dir='ltr'>notandum,</span> <span class='ocrx_word' id='word_1_290' title='bbox 1050 3089 1133 3153; x_wconf 86' lang='lat' dir='ltr'>siout</span> <span class='ocrx_word' id='word_1_291' title='bbox 1156 3089 1227 3155; x_wconf 85' lang='lat' dir='ltr'>vult</span> <span class='ocrx_word' id='word_1_292' title='bbox 1281 3099 1367 3162; x_wconf 78' lang='lat' dir='ltr'>rem,</span> <span class='ocrx_word' id='word_1_293' title='bbox 1387 3084 1442 3148; x_wconf 78' lang='lat' dir='ltr'>sed</span> <span class='ocrx_word' id='word_1_294' title='bbox 1458 3084 1683 3151; x_wconf 78' lang='lat' dir='ltr'>distinctionem</span> <span class='ocrx_word' id='word_1_295' title='bbox 1698 3080 1904 3159; x_wconf 61' lang='lat' dir='ltr'>ittieffltitiilt·</span> 
     </span>
     <span class='ocr_line' id='line_1_26' title="bbox 453 3186 1905 3279; baseline -0.004 -20"><span class='ocrx_word' id='word_1_296' title='bbox 453 3193 629 3261; x_wconf 87' lang='lat' dir='ltr'>Richardns</span> <span class='ocrx_word' id='word_1_297' title='bbox 643 3199 665 3276; x_wconf 91' lang='lat'>¹,</span> <span class='ocrx_word' id='word_1_298' title='bbox 680 3196 766 3279; x_wconf 87' lang='lat' dir='ltr'>quod</span> <span class='ocrx_word' id='word_1_299' title='bbox 782 3199 831 3259; x_wconf 87' lang='lat' dir='ltr'>est</span> <span class='ocrx_word' id='word_1_300' title='bbox 843 3195 1002 3259; x_wconf 89' lang='lat' dir='ltr'>distinctio</span> <span class='ocrx_word' id='word_1_301' title='bbox 1015 3214 1071 3279; x_wconf 88' lang='lat' dir='ltr'>per</span> <span class='ocrx_word' id='word_1_302' title='bbox 1089 3197 1227 3279; x_wconf 86' lang='lat' dir='ltr'>qualita-</span> <span class='ocrx_word' id='word_1_303' title='bbox 1281 3209 1374 3271; x_wconf 82' lang='lat' dir='ltr'>sona3</span> <span class='ocrx_word' id='word_1_304' title='bbox 1388 3192 1459 3258; x_wconf 91' lang='lat' dir='ltr'>ideo</span> <span class='ocrx_word' id='word_1_305' title='bbox 1472 3195 1587 3259; x_wconf 92' lang='lat' dir='ltr'>modus</span> <span class='ocrx_word' id='word_1_306' title='bbox 1599 3194 1647 3258; x_wconf 89' lang='lat' dir='ltr'>ille</span> <span class='ocrx_word' id='word_1_307' title='bbox 1663 3195 1816 3276; x_wconf 79' lang='lat' dir='ltr'>eomparatur</span> <span class='ocrx_word' id='word_1_308' title='bbox 1825 3186 1905 3249; x_wconf 63' lang='lat' dir='ltr'>altit</span> 
     </span>
     <span class='ocr_line' id='line_1_27' title="bbox 453 3295 1904 3385; baseline -0.006 -18"><span class='ocrx_word' id='word_1_309' title='bbox 453 3308 535 3381; x_wconf 90' lang='lat' dir='ltr'>tem,</span> <span class='ocrx_word' id='word_1_310' title='bbox 559 3309 591 3368; x_wconf 90' lang='lat' dir='ltr'>et</span> <span class='ocrx_word' id='word_1_311' title='bbox 609 3304 768 3368; x_wconf 90' lang='lat' dir='ltr'>distinctio</span> <span class='ocrx_word' id='word_1_312' title='bbox 793 3321 849 3385; x_wconf 88' lang='lat' dir='ltr'>per</span> <span class='ocrx_word' id='word_1_313' title='bbox 868 3303 1040 3384; x_wconf 79' lang='lat' dir='ltr'>originem.</span> <span class='ocrx_word' id='word_1_314' title='bbox 1064 3302 1228 3368; x_wconf 87' lang='lat' dir='ltr'>Distinetio</span> <span class='ocrx_word' id='word_1_315' title='bbox 1280 3298 1371 3376; x_wconf 87' lang='lat' dir='ltr'>liam,</span> <span class='ocrx_word' id='word_1_316' title='bbox 1381 3300 1434 3364; x_wconf 88' lang='lat' dir='ltr'>vel</span> <span class='ocrx_word' id='word_1_317' title='bbox 1444 3319 1613 3383; x_wconf 87' lang='lat' dir='ltr'>personam</span> <span class='ocrx_word' id='word_1_318' title='bbox 1622 3295 1904 3384; x_wconf 77' lang='lat' dir='ltr'>cujusestnodustitii</span> 
     </span>
     <span class='ocr_line' id='line_1_28' title="bbox 453 3402 1904 3493; baseline -0.004 -20"><span class='ocrx_word' id='word_1_319' title='bbox 453 3428 511 3493; x_wconf 89' lang='lat' dir='ltr'>per</span> <span class='ocrx_word' id='word_1_320' title='bbox 530 3409 717 3492; x_wconf 79' lang='lat' dir='ltr'>qualitatem</span> <span class='ocrx_word' id='word_1_321' title='bbox 741 3414 788 3473; x_wconf 90' lang='lat' dir='ltr'>est</span> <span class='ocrx_word' id='word_1_322' title='bbox 807 3409 843 3473; x_wconf 92' lang='lat' dir='ltr'>in</span> <span class='ocrx_word' id='word_1_323' title='bbox 860 3408 1029 3486; x_wconf 84' lang='lat' dir='ltr'>creaturis,</span> <span class='ocrx_word' id='word_1_324' title='bbox 1049 3428 1109 3473; x_wconf 90' lang='lat' dir='ltr'>nec</span> <span class='ocrx_word' id='word_1_325' title='bbox 1126 3413 1229 3493; x_wconf 88' lang='lat' dir='ltr'>potest</span> <span class='ocrx_word' id='word_1_326' title='bbox 1283 3407 1346 3484; x_wconf 52' lang='grc' dir='ltr'>θεὴ</span> <span class='ocrx_word' id='word_1_327' title='bbox 1360 3411 1566 3489; x_wconf 85' lang='lat' dir='ltr'>comparatus</span> <span class='ocrx_word' id='word_1_328' title='bbox 1578 3407 1694 3472; x_wconf 83' lang='lat' dir='ltr'>reroad</span> <span class='ocrx_word' id='word_1_329' title='bbox 1706 3402 1904 3483; x_wconf 56' lang='lat' dir='ltr'>limatum&amp;</span> 
     </span>
     <span class='ocr_line' id='line_1_29' title="bbox 454 3509 1904 3599; baseline -0.007 -18"><span class='ocrx_word' id='word_1_330' title='bbox 454 3517 600 3581; x_wconf 88' lang='lat' dir='ltr'>essesine</span> <span class='ocrx_word' id='word_1_331' title='bbox 608 3517 780 3597; x_wconf 88' lang='lat' dir='ltr'>additione,</span> <span class='ocrx_word' id='word_1_332' title='bbox 792 3517 871 3599; x_wconf 87' lang='lat' dir='ltr'>quia</span> <span class='ocrx_word' id='word_1_333' title='bbox 882 3516 953 3581; x_wconf 75' lang='lat' dir='ltr'>haee</span> <span class='ocrx_word' id='word_1_334' title='bbox 963 3516 1123 3581; x_wconf 87' lang='lat' dir='ltr'>distinctio</span> <span class='ocrx_word' id='word_1_335' title='bbox 1132 3517 1228 3581; x_wconf 87' lang='lat' dir='ltr'>habet</span> <span class='ocrx_word' id='word_1_336' title='bbox 1283 3531 1358 3577; x_wconf 89' lang='lat' dir='ltr'>eum</span> <span class='ocrx_word' id='word_1_337' title='bbox 1383 3514 1478 3579; x_wconf 87' lang='lat' dir='ltr'>teciat</span> <span class='ocrx_word' id='word_1_338' title='bbox 1504 3515 1718 3579; x_wconf 86' lang='lat' dir='ltr'>distinctionem</span> <span class='ocrx_word' id='word_1_339' title='bbox 1736 3509 1852 3575; x_wconf 75' lang='lat' dir='ltr'>ecmlun</span> <span class='ocrx_word' id='word_1_340' title='bbox 1864 3519 1904 3566; x_wconf 76' lang='lat' dir='ltr'>m·</span> 
     </span>
     <span class='ocr_line' id='line_1_30' title="bbox 455 3610 1905 3690; baseline -0.01 -1"><span class='ocrx_word' id='word_1_341' title='bbox 455 3629 612 3690; x_wconf 85' lang='lat' dir='ltr'>ortumex</span> <span class='ocrx_word' id='word_1_342' title='bbox 624 3625 784 3689; x_wconf 86' lang='lat' dir='ltr'>additione</span> <span class='ocrx_word' id='word_1_343' title='bbox 795 3624 936 3689; x_wconf 83' lang='lat' dir='ltr'>materiae</span> <span class='ocrx_word' id='word_1_344' title='bbox 948 3623 1149 3688; x_wconf 80' lang='lat' dir='ltr'>adiormam.</span> <span class='ocrx_word' id='word_1_345' title='bbox 1162 3623 1229 3688; x_wconf 88' lang='lat' dir='ltr'>Dis·</span> <span class='ocrx_word' id='word_1_346' title='bbox 1283 3638 1358 3684; x_wconf 85' lang='lat' dir='ltr'>vere</span> <span class='ocrx_word' id='word_1_347' title='bbox 1374 3638 1425 3685; x_wconf 88' lang='lat' dir='ltr'>res</span> <span class='ocrx_word' id='word_1_348' title='bbox 1444 3625 1514 3686; x_wconf 87' lang='lat' dir='ltr'>est:</span> <span class='ocrx_word' id='word_1_349' title='bbox 1533 3621 1622 3686; x_wconf 86' lang='lat' dir='ltr'>etita</span> <span class='ocrx_word' id='word_1_350' title='bbox 1636 3637 1693 3684; x_wconf 92' lang='lat' dir='ltr'>uno</span> <span class='ocrx_word' id='word_1_351' title='bbox 1705 3618 1777 3683; x_wconf 91' lang='lat' dir='ltr'>nodo</span> <span class='ocrx_word' id='word_1_352' title='bbox 1790 3610 1905 3678; x_wconf 79' lang='lat' dir='ltr'>tadtlilm</span> 
     </span>
     <span class='ocr_line' id='line_1_31' title="bbox 455 3718 1906 3815; baseline -0.009 -20"><span class='ocrx_word' id='word_1_353' title='bbox 455 3732 565 3795; x_wconf 87' lang='lat' dir='ltr'>tinctio</span> <span class='ocrx_word' id='word_1_354' title='bbox 586 3735 694 3796; x_wconf 90' lang='lat' dir='ltr'>autem</span> <span class='ocrx_word' id='word_1_355' title='bbox 717 3749 773 3815; x_wconf 91' lang='lat' dir='ltr'>per</span> <span class='ocrx_word' id='word_1_356' title='bbox 798 3727 983 3814; x_wconf 79' lang='lat' dir='ltr'>qualitatem</span> <span class='ocrx_word' id='word_1_357' title='bbox 1004 3731 1140 3812; x_wconf 87' lang='lat' dir='ltr'>dicitnr,</span> <span class='ocrx_word' id='word_1_358' title='bbox 1166 3750 1230 3813; x_wconf 87' lang='lat' dir='ltr'>qua</span> <span class='ocrx_word' id='word_1_359' title='bbox 1283 3744 1329 3805; x_wconf 89' lang='lat' dir='ltr'>re,</span> <span class='ocrx_word' id='word_1_360' title='bbox 1343 3727 1406 3791; x_wconf 88' lang='lat' dir='ltr'>alio</span> <span class='ocrx_word' id='word_1_361' title='bbox 1421 3729 1521 3794; x_wconf 92' lang='lat' dir='ltr'>modo</span> <span class='ocrx_word' id='word_1_362' title='bbox 1535 3730 1658 3793; x_wconf 89' lang='lat' dir='ltr'>ratione.</span> <span class='ocrx_word' id='word_1_363' title='bbox 1672 3718 1906 3802; x_wconf 69' lang='lat' dir='ltr'>decerptione</span> 
     </span>
     <span class='ocr_line' id='line_1_32' title="bbox 456 3833 1906 3923; baseline -0.007 -21"><span class='ocrx_word' id='word_1_364' title='bbox 456 3856 542 3903; x_wconf 87' lang='lat' dir='ltr'>unus</span> <span class='ocrx_word' id='word_1_365' title='bbox 563 3838 774 3920; x_wconf 80' lang='lat' dir='ltr'>distinguitur</span> <span class='ocrx_word' id='word_1_366' title='bbox 794 3840 835 3903; x_wconf 83' lang='lat' dir='ltr'>ab</span> <span class='ocrx_word' id='word_1_367' title='bbox 858 3838 920 3902; x_wconf 90' lang='lat' dir='ltr'>alio</span> <span class='ocrx_word' id='word_1_368' title='bbox 940 3856 998 3921; x_wconf 90' lang='lat' dir='ltr'>per</span> <span class='ocrx_word' id='word_1_369' title='bbox 1021 3841 1231 3923; x_wconf 81' lang='lat' dir='ltr'>proprietates</span> <span class='ocrx_word' id='word_1_370' title='bbox 1284 3837 1334 3900; x_wconf 87' lang='lat' dir='ltr'>vis</span> <span class='ocrx_word' id='word_1_371' title='bbox 1347 3855 1412 3901; x_wconf 87' lang='lat' dir='ltr'>uno</span> <span class='ocrx_word' id='word_1_372' title='bbox 1425 3856 1563 3920; x_wconf 90' lang='lat' dir='ltr'>persona</span> <span class='ocrx_word' id='word_1_373' title='bbox 1574 3854 1635 3901; x_wconf 93' lang='lat' dir='ltr'>non</span> <span class='ocrx_word' id='word_1_374' title='bbox 1646 3834 1681 3898; x_wconf 91' lang='lat' dir='ltr'>sit</span> <span class='ocrx_word' id='word_1_375' title='bbox 1691 3833 1906 3906; x_wconf 67' lang='lat' dir='ltr'>aldemano·</span> 
     </span>
     <span class='ocr_line' id='line_1_33' title="bbox 457 3929 1907 4030; baseline -0.003 -22"><span class='ocrx_word' id='word_1_376' title='bbox 457 3946 632 4022; x_wconf 85' lang='lat' dir='ltr'>absolutas,</span> <span class='ocrx_word' id='word_1_377' title='bbox 652 3950 689 4009; x_wconf 85' lang='lat' dir='ltr'>ut</span> <span class='ocrx_word' id='word_1_378' title='bbox 707 3951 793 4029; x_wconf 90' lang='lat' dir='ltr'>patet</span> <span class='ocrx_word' id='word_1_379' title='bbox 813 3965 888 4010; x_wconf 90' lang='lat' dir='ltr'>cnm</span> <span class='ocrx_word' id='word_1_380' title='bbox 906 3965 993 4010; x_wconf 88' lang='lat' dir='ltr'>unus</span> <span class='ocrx_word' id='word_1_381' title='bbox 1008 3951 1056 4012; x_wconf 87' lang='lat' dir='ltr'>cst</span> <span class='ocrx_word' id='word_1_382' title='bbox 1073 3948 1184 4030; x_wconf 87' lang='lat' dir='ltr'>albus,</span> <span class='ocrx_word' id='word_1_383' title='bbox 1199 3953 1231 4014; x_wconf 89' lang='lat' dir='ltr'>et</span> <span class='ocrx_word' id='word_1_384' title='bbox 1283 3948 1366 4008; x_wconf 85' lang='lat' dir='ltr'>turae</span> <span class='ocrx_word' id='word_1_385' title='bbox 1383 3950 1431 4008; x_wconf 87' lang='lat' dir='ltr'>est</span> <span class='ocrx_word' id='word_1_386' title='bbox 1450 3951 1575 4011; x_wconf 87' lang='lat' dir='ltr'>natura.</span> <span class='ocrx_word' id='word_1_387' title='bbox 1595 3944 1675 4009; x_wconf 89' lang='lat' dir='ltr'>Patet</span> <span class='ocrx_word' id='word_1_388' title='bbox 1691 3956 1754 4021; x_wconf 86' lang='lat' dir='ltr'>ergo</span> <span class='ocrx_word' id='word_1_389' title='bbox 1767 3934 1824 4019; x_wconf 80' lang='lat' dir='ltr'>quoi</span> <span class='ocrx_word' id='word_1_390' title='bbox 1836 3929 1907 3994; x_wconf 75' lang='lat' dir='ltr'>mat</span> 
     </span>
     <span class='ocr_line' id='line_1_34' title="bbox 457 4035 1907 4137; baseline -0.005 -22"><span class='ocrx_word' id='word_1_391' title='bbox 457 4053 536 4115; x_wconf 88' lang='lat' dir='ltr'>alter</span> <span class='ocrx_word' id='word_1_392' title='bbox 549 4053 654 4133; x_wconf 88' lang='lat' dir='ltr'>niger.</span> <span class='ocrx_word' id='word_1_393' title='bbox 668 4053 831 4117; x_wconf 83' lang='lat' dir='ltr'>Distiuctio</span> <span class='ocrx_word' id='word_1_394' title='bbox 845 4072 902 4136; x_wconf 90' lang='lat' dir='ltr'>per</span> <span class='ocrx_word' id='word_1_395' title='bbox 912 4055 1073 4135; x_wconf 82' lang='lat' dir='ltr'>originem</span> <span class='ocrx_word' id='word_1_396' title='bbox 1082 4060 1140 4136; x_wconf 69' lang='lat' dir='ltr'>est,</span> <span class='ocrx_word' id='word_1_397' title='bbox 1155 4076 1230 4122; x_wconf 90' lang='lat' dir='ltr'>oum</span> <span class='ocrx_word' id='word_1_398' title='bbox 1284 4053 1535 4135; x_wconf 90' lang='lat' dir='ltr'>compossibilia,</span> <span class='ocrx_word' id='word_1_399' title='bbox 1557 4053 1637 4137; x_wconf 90' lang='lat' dir='ltr'>quod</span> <span class='ocrx_word' id='word_1_400' title='bbox 1649 4067 1759 4135; x_wconf 86' lang='lat' dir='ltr'>persom</span> <span class='ocrx_word' id='word_1_401' title='bbox 1767 4035 1907 4124; x_wconf 65' lang='lat' dir='ltr'>mouit</span> 
     </span>
     <span class='ocr_line' id='line_1_35' title="bbox 458 4137 1907 4245; baseline -0.006 -23"><span class='ocrx_word' id='word_1_402' title='bbox 458 4177 546 4222; x_wconf 91' lang='lat' dir='ltr'>unus</span> <span class='ocrx_word' id='word_1_403' title='bbox 555 4160 711 4242; x_wconf 81' lang='lat' dir='ltr'>producit,</span> <span class='ocrx_word' id='word_1_404' title='bbox 722 4164 754 4223; x_wconf 94' lang='lat' dir='ltr'>et</span> <span class='ocrx_word' id='word_1_405' title='bbox 766 4161 845 4224; x_wconf 85' lang='lat' dir='ltr'>alter</span> <span class='ocrx_word' id='word_1_406' title='bbox 858 4161 1055 4242; x_wconf 88' lang='lat' dir='ltr'>producitur.</span> <span class='ocrx_word' id='word_1_407' title='bbox 1068 4163 1107 4228; x_wconf 81' lang='lat' dir='ltr'>lit</span> <span class='ocrx_word' id='word_1_408' title='bbox 1119 4184 1231 4245; x_wconf 90' lang='lat' dir='ltr'>quem·</span> <span class='ocrx_word' id='word_1_409' title='bbox 1285 4160 1366 4224; x_wconf 89' lang='lat' dir='ltr'>nihil</span> <span class='ocrx_word' id='word_1_410' title='bbox 1377 4161 1474 4227; x_wconf 89' lang='lat' dir='ltr'>addat</span> <span class='ocrx_word' id='word_1_411' title='bbox 1485 4180 1584 4244; x_wconf 88' lang='lat' dir='ltr'>supra</span> <span class='ocrx_word' id='word_1_412' title='bbox 1593 4165 1732 4231; x_wconf 85' lang='lat' dir='ltr'>naturam,</span> <span class='ocrx_word' id='word_1_413' title='bbox 1741 4137 1907 4217; x_wconf 59' lang='lat' dir='ltr'>„primulii</span> 
     </span>
     <span class='ocr_line' id='line_1_36' title="bbox 458 4243 1906 4356; baseline -0.01 -26"><span class='ocrx_word' id='word_1_414' title='bbox 458 4267 631 4330; x_wconf 85' lang='lat' dir='ltr'>admodum</span> <span class='ocrx_word' id='word_1_415' title='bbox 644 4267 804 4331; x_wconf 88' lang='lat' dir='ltr'>distinctio</span> <span class='ocrx_word' id='word_1_416' title='bbox 815 4286 873 4349; x_wconf 89' lang='lat' dir='ltr'>per</span> <span class='ocrx_word' id='word_1_417' title='bbox 885 4269 1072 4349; x_wconf 88' lang='lat' dir='ltr'>qualitatem</span> <span class='ocrx_word' id='word_1_418' title='bbox 1081 4289 1159 4335; x_wconf 90' lang='lat' dir='ltr'>vera</span> <span class='ocrx_word' id='word_1_419' title='bbox 1170 4272 1232 4336; x_wconf 90' lang='lat' dir='ltr'>dis·</span> <span class='ocrx_word' id='word_1_420' title='bbox 1285 4268 1408 4332; x_wconf 87' lang='lat' dir='ltr'>ratione</span> <span class='ocrx_word' id='word_1_421' title='bbox 1425 4293 1433 4335; x_wconf 73' lang='grc' dir='ltr'><strong>ι</strong></span> <span class='ocrx_word' id='word_1_422' title='bbox 1448 4274 1481 4334; x_wconf 89' lang='lat' dir='ltr'>et</span> <span class='ocrx_word' id='word_1_423' title='bbox 1498 4275 1604 4333; x_wconf 87' lang='lat' dir='ltr'>tamen</span> <span class='ocrx_word' id='word_1_424' title='bbox 1618 4267 1681 4329; x_wconf 85' lang='lat' dir='ltr'>lraec</span> <span class='ocrx_word' id='word_1_425' title='bbox 1696 4243 1906 4356; x_wconf 64' lang='lat' dir='ltr'>etououtrttt</span> 
     </span>
     <span class='ocr_line' id='line_1_37' title="bbox 459 4356 1906 4455; baseline -0.006 -18"><span class='ocrx_word' id='word_1_426' title='bbox 459 4375 568 4438; x_wconf 90' lang='lat' dir='ltr'>tinctio</span> <span class='ocrx_word' id='word_1_427' title='bbox 580 4379 642 4455; x_wconf 90' lang='lat' dir='ltr'>est,</span> <span class='ocrx_word' id='word_1_428' title='bbox 663 4382 695 4439; x_wconf 92' lang='lat' dir='ltr'>et</span> <span class='ocrx_word' id='word_1_429' title='bbox 709 4375 885 4440; x_wconf 84' lang='lat' dir='ltr'>secundum</span> <span class='ocrx_word' id='word_1_430' title='bbox 907 4394 992 4455; x_wconf 87' lang='lat' dir='ltr'>rem,</span> <span class='ocrx_word' id='word_1_431' title='bbox 1012 4378 1057 4442; x_wconf 89' lang='lat' dir='ltr'>ita</span> <span class='ocrx_word' id='word_1_432' title='bbox 1074 4378 1231 4444; x_wconf 87' lang='lat' dir='ltr'>distinctio</span> <span class='ocrx_word' id='word_1_433' title='bbox 1285 4376 1403 4440; x_wconf 87' lang='lat' dir='ltr'>scilicet</span> <span class='ocrx_word' id='word_1_434' title='bbox 1423 4383 1559 4455; x_wconf 87' lang='lat' dir='ltr'>natura;</span> <span class='ocrx_word' id='word_1_435' title='bbox 1579 4374 1630 4438; x_wconf 90' lang='lat' dir='ltr'>illa</span> <span class='ocrx_word' id='word_1_436' title='bbox 1646 4356 1906 4435; x_wconf 51' lang='lat' dir='ltr'>incommunicatis*</span> 
     </span>
     <span class='ocr_line' id='line_1_38' title="bbox 458 4465 1906 4571; baseline -0.006 -24"><span class='ocrx_word' id='word_1_437' title='bbox 458 4501 515 4565; x_wconf 88' lang='lat' dir='ltr'>per</span> <span class='ocrx_word' id='word_1_438' title='bbox 531 4502 639 4547; x_wconf 83' lang='lat' dir='ltr'>veram</span> <span class='ocrx_word' id='word_1_439' title='bbox 653 4484 814 4566; x_wconf 89' lang='lat' dir='ltr'>originem</span> <span class='ocrx_word' id='word_1_440' title='bbox 824 4503 901 4548; x_wconf 89' lang='lat' dir='ltr'>vera</span> <span class='ocrx_word' id='word_1_441' title='bbox 910 4486 1131 4551; x_wconf 89' lang='lat' dir='ltr'>estdistinotio.</span> <span class='ocrx_word' id='word_1_442' title='bbox 1143 4487 1233 4552; x_wconf 87' lang='lat' dir='ltr'>Sicut</span> <span class='ocrx_word' id='word_1_443' title='bbox 1286 4487 1358 4551; x_wconf 85' lang='lat' dir='ltr'>licet</span> <span class='ocrx_word' id='word_1_444' title='bbox 1371 4507 1525 4571; x_wconf 89' lang='lat' dir='ltr'>persona:</span> <span class='ocrx_word' id='word_1_445' title='bbox 1539 4489 1606 4553; x_wconf 86' lang='lat' dir='ltr'>haee</span> <span class='ocrx_word' id='word_1_446' title='bbox 1617 4485 1752 4557; x_wconf 64' lang='lat' dir='ltr'>distincta</span> <span class='ocrx_word' id='word_1_447' title='bbox 1764 4465 1906 4539; x_wconf 65' lang='lat' dir='ltr'>ipolito</span> 
     </span>
     <span class='ocr_line' id='line_1_39' title="bbox 459 4572 1905 4683; baseline -0.006 -29"><span class='ocrx_word' id='word_1_448' title='bbox 459 4592 546 4654; x_wconf 90' lang='lat' dir='ltr'>enim</span> <span class='ocrx_word' id='word_1_449' title='bbox 566 4610 654 4655; x_wconf 88' lang='lat' dir='ltr'>unus</span> <span class='ocrx_word' id='word_1_450' title='bbox 672 4609 738 4655; x_wconf 92' lang='lat' dir='ltr'>nou</span> <span class='ocrx_word' id='word_1_451' title='bbox 759 4595 862 4673; x_wconf 89' lang='lat' dir='ltr'>potest</span> <span class='ocrx_word' id='word_1_452' title='bbox 881 4591 978 4656; x_wconf 93' lang='lat' dir='ltr'>simul</span> <span class='ocrx_word' id='word_1_453' title='bbox 1001 4612 1069 4658; x_wconf 85' lang='lat' dir='ltr'>esse</span> <span class='ocrx_word' id='word_1_454' title='bbox 1089 4594 1179 4659; x_wconf 89' lang='lat' dir='ltr'>albus</span> <span class='ocrx_word' id='word_1_455' title='bbox 1201 4598 1233 4659; x_wconf 91' lang='lat' dir='ltr'>et</span> <span class='ocrx_word' id='word_1_456' title='bbox 1287 4593 1502 4660; x_wconf 85' lang='lat' dir='ltr'>Concedendae</span> <span class='ocrx_word' id='word_1_457' title='bbox 1524 4612 1601 4677; x_wconf 86' lang='lat' dir='ltr'>ergo</span> <span class='ocrx_word' id='word_1_458' title='bbox 1625 4594 1693 4655; x_wconf 91' lang='lat' dir='ltr'>sunt</span> <span class='ocrx_word' id='word_1_459' title='bbox 1711 4585 1813 4650; x_wconf 85' lang='lat' dir='ltr'>rationes</span> <span class='ocrx_word' id='word_1_460' title='bbox 1826 4572 1905 4683; x_wconf 72' lang='lat' dir='ltr'>pao</span> 
     </span>
     <span class='ocr_line' id='line_1_40' title="bbox 459 4685 1904 4785; baseline 0.007 -26"><span class='ocrx_word' id='word_1_461' title='bbox 459 4698 565 4779; x_wconf 86' lang='lat' dir='ltr'>niger,</span> <span class='ocrx_word' id='word_1_462' title='bbox 580 4697 699 4762; x_wconf 90' lang='lat' dir='ltr'>itanon</span> <span class='ocrx_word' id='word_1_463' title='bbox 711 4702 814 4780; x_wconf 87' lang='lat' dir='ltr'>potest</span> <span class='ocrx_word' id='word_1_464' title='bbox 825 4716 912 4762; x_wconf 92' lang='lat' dir='ltr'>unus</span> <span class='ocrx_word' id='word_1_465' title='bbox 922 4699 1048 4763; x_wconf 82' lang='lat' dir='ltr'>elidem</span> <span class='ocrx_word' id='word_1_466' title='bbox 1058 4700 1233 4783; x_wconf 89' lang='lat' dir='ltr'>producere</span> <span class='ocrx_word' id='word_1_467' title='bbox 1287 4702 1373 4784; x_wconf 87' lang='lat' dir='ltr'>quod</span> <span class='ocrx_word' id='word_1_468' title='bbox 1384 4721 1533 4785; x_wconf 88' lang='lat' dir='ltr'>persona,</span> <span class='ocrx_word' id='word_1_469' title='bbox 1547 4704 1612 4766; x_wconf 90' lang='lat' dir='ltr'>sive</span> <span class='ocrx_word' id='word_1_470' title='bbox 1623 4701 1783 4768; x_wconf 66' lang='lat' dir='ltr'>ffflfflimaer</span> <span class='ocrx_word' id='word_1_471' title='bbox 1792 4685 1904 4752; x_wconf 48' lang='grc' dir='ltr'>[ΝΟΜ</span> 
     </span>
     <span class='ocr_line' id='line_1_41' title="bbox 460 4804 1904 4892; baseline -0.006 -25"><span class='ocrx_word' id='word_1_472' title='bbox 460 4806 612 4888; x_wconf 84' lang='lat' dir='ltr'>seipsum.</span> <span class='ocrx_word' id='word_1_473' title='bbox 626 4805 785 4882; x_wconf 82' lang='lat' dir='ltr'>Quoniam</span> <span class='ocrx_word' id='word_1_474' title='bbox 803 4823 882 4887; x_wconf 86' lang='lat' dir='ltr'>ergo</span> <span class='ocrx_word' id='word_1_475' title='bbox 899 4806 933 4868; x_wconf 92' lang='lat' dir='ltr'>in</span> <span class='ocrx_word' id='word_1_476' title='bbox 948 4806 1065 4871; x_wconf 89' lang='lat' dir='ltr'>divinis</span> <span class='ocrx_word' id='word_1_477' title='bbox 1080 4808 1234 4891; x_wconf 87' lang='lat' dir='ltr'>intelligi·</span> <span class='ocrx_word' id='word_1_478' title='bbox 1287 4808 1381 4873; x_wconf 86' lang='lat' dir='ltr'>addat</span> <span class='ocrx_word' id='word_1_479' title='bbox 1393 4811 1572 4875; x_wconf 89' lang='lat' dir='ltr'>secundum</span> <span class='ocrx_word' id='word_1_480' title='bbox 1582 4826 1648 4873; x_wconf 93' lang='lat' dir='ltr'>rem</span> <span class='ocrx_word' id='word_1_481' title='bbox 1658 4822 1739 4887; x_wconf 85' lang='lat' dir='ltr'>supra</span> <span class='ocrx_word' id='word_1_482' title='bbox 1749 4804 1855 4863; x_wconf 78' lang='lat' dir='ltr'>natum</span> <span class='ocrx_word' id='word_1_483' title='bbox 1902 4883 1904 4892; x_wconf 33' lang='grc' dir='ltr'>Ι</span> 
     </span>
     <span class='ocr_line' id='line_1_42' title="bbox 460 4889 1905 5002; baseline 0.006 -28"><span class='ocrx_word' id='word_1_484' title='bbox 460 4915 514 4975; x_wconf 87' lang='lat' dir='ltr'>tur</span> <span class='ocrx_word' id='word_1_485' title='bbox 528 4931 596 4977; x_wconf 87' lang='lat' dir='ltr'>csse</span> <span class='ocrx_word' id='word_1_486' title='bbox 611 4931 689 4976; x_wconf 88' lang='lat' dir='ltr'>vera</span> <span class='ocrx_word' id='word_1_487' title='bbox 705 4914 809 4993; x_wconf 87' lang='lat' dir='ltr'>origo,</span> <span class='ocrx_word' id='word_1_488' title='bbox 820 4912 892 4976; x_wconf 92' lang='lat' dir='ltr'>ideo</span> <span class='ocrx_word' id='word_1_489' title='bbox 906 4913 1096 4995; x_wconf 83' lang='lat' dir='ltr'>intelligitur</span> <span class='ocrx_word' id='word_1_490' title='bbox 1108 4916 1154 4980; x_wconf 91' lang='lat' dir='ltr'>ibi</span> <span class='ocrx_word' id='word_1_491' title='bbox 1166 4935 1233 4982; x_wconf 84' lang='lat' dir='ltr'>esse</span> <span class='ocrx_word' id='word_1_492' title='bbox 1329 4922 1344 4980; x_wconf 87' lang='lat' dir='ltr'>l</span> <span class='ocrx_word' id='word_1_493' title='bbox 1362 4922 1394 4981; x_wconf 88' lang='lat' dir='ltr'>et</span> <span class='ocrx_word' id='word_1_494' title='bbox 1409 4922 1440 4981; x_wconf 70' lang='lat'>2.</span> <span class='ocrx_word' id='word_1_495' title='bbox 1457 4919 1505 4983; x_wconf 83' lang='lat' dir='ltr'>Ad</span> <span class='ocrx_word' id='word_1_496' title='bbox 1520 4918 1597 4982; x_wconf 92' lang='lat' dir='ltr'>illud</span> <span class='ocrx_word' id='word_1_497' title='bbox 1613 4913 1688 4998; x_wconf 85' lang='lat' dir='ltr'>quod</span> <span class='ocrx_word' id='word_1_498' title='bbox 1698 4908 1810 4991; x_wconf 65' lang='lat' dir='ltr'>objicits</span> <span class='ocrx_word' id='word_1_499' title='bbox 1817 4889 1905 5002; x_wconf 53' lang='grc' dir='ltr'>(ΜΨ</span> 
     </span>
     <span class='ocr_line' id='line_1_43' title="bbox 459 4997 1905 5106; baseline 0.001 -23"><span class='ocrx_word' id='word_1_500' title='bbox 459 5037 538 5083; x_wconf 87' lang='lat' dir='ltr'>vera</span> <span class='ocrx_word' id='word_1_501' title='bbox 555 5019 723 5084; x_wconf 89' lang='lat' dir='ltr'>distinctio.</span> <span class='ocrx_word' id='word_1_502' title='bbox 744 5018 885 5099; x_wconf 84' lang='lat' dir='ltr'>Rursus,</span> <span class='ocrx_word' id='word_1_503' title='bbox 906 5039 981 5084; x_wconf 90' lang='lat' dir='ltr'>cum</span> <span class='ocrx_word' id='word_1_504' title='bbox 1004 5023 1149 5106; x_wconf 90' lang='lat' dir='ltr'>intelligo</span> <span class='ocrx_word' id='word_1_505' title='bbox 1169 5024 1233 5089; x_wconf 89' lang='lat' dir='ltr'>Pa·</span> <span class='ocrx_word' id='word_1_506' title='bbox 1287 5029 1335 5088; x_wconf 87' lang='lat' dir='ltr'>est</span> <span class='ocrx_word' id='word_1_507' title='bbox 1357 5043 1409 5089; x_wconf 93' lang='lat' dir='ltr'>res</span> <span class='ocrx_word' id='word_1_508' title='bbox 1433 5031 1574 5103; x_wconf 86' lang='lat' dir='ltr'>naturae,</span> <span class='ocrx_word' id='word_1_509' title='bbox 1597 5021 1675 5087; x_wconf 91' lang='lat' dir='ltr'>aliud</span> <span class='ocrx_word' id='word_1_510' title='bbox 1694 5023 1795 5085; x_wconf 77' lang='lat' dir='ltr'>natm.</span> <span class='ocrx_word' id='word_1_511' title='bbox 1809 4997 1905 5070; x_wconf 44' lang='lat' dir='ltr'>titi&amp;</span> 
     </span>
     <span class='ocr_line' id='line_1_44' title="bbox 460 5109 1904 5216; baseline -0.003 -26"><span class='ocrx_word' id='word_1_512' title='bbox 460 5131 543 5191; x_wconf 87' lang='lat' dir='ltr'>trem</span> <span class='ocrx_word' id='word_1_513' title='bbox 556 5128 747 5210; x_wconf 85' lang='lat' dir='ltr'>producere,</span> <span class='ocrx_word' id='word_1_514' title='bbox 761 5126 906 5209; x_wconf 89' lang='lat' dir='ltr'>intelligo</span> <span class='ocrx_word' id='word_1_515' title='bbox 920 5129 1027 5211; x_wconf 87' lang='lat' dir='ltr'>ipsum</span> <span class='ocrx_word' id='word_1_516' title='bbox 1040 5131 1143 5214; x_wconf 90' lang='lat' dir='ltr'>seipso</span> <span class='ocrx_word' id='word_1_517' title='bbox 1158 5151 1233 5216; x_wconf 91' lang='lat' dir='ltr'>pro-</span> <span class='ocrx_word' id='word_1_518' title='bbox 1288 5133 1373 5214; x_wconf 86' lang='lat' dir='ltr'>quod</span> <span class='ocrx_word' id='word_1_519' title='bbox 1388 5132 1483 5197; x_wconf 85' lang='lat' dir='ltr'>eliam</span> <span class='ocrx_word' id='word_1_520' title='bbox 1495 5132 1611 5197; x_wconf 88' lang='lat' dir='ltr'>habent</span> <span class='ocrx_word' id='word_1_521' title='bbox 1622 5128 1755 5194; x_wconf 87' lang='lat' dir='ltr'>rationem</span> <span class='ocrx_word' id='word_1_522' title='bbox 1764 5109 1904 5203; x_wconf 61' lang='lat' dir='ltr'>peremti</span> 
     </span>
     <span class='ocr_line' id='line_1_45' title="bbox 461 5213 1904 5327; baseline 0.003 -29"><span class='ocrx_word' id='word_1_523' title='bbox 461 5234 587 5315; x_wconf 83' lang='lat' dir='ltr'>ducere,</span> <span class='ocrx_word' id='word_1_524' title='bbox 599 5236 681 5299; x_wconf 86' lang='lat' dir='ltr'>sieut</span> <span class='ocrx_word' id='word_1_525' title='bbox 692 5253 768 5299; x_wconf 87' lang='lat' dir='ltr'>eum</span> <span class='ocrx_word' id='word_1_526' title='bbox 778 5234 925 5317; x_wconf 86' lang='lat' dir='ltr'>intelligo</span> <span class='ocrx_word' id='word_1_527' title='bbox 933 5237 1076 5306; x_wconf 84' lang='lat' dir='ltr'>divinam</span> <span class='ocrx_word' id='word_1_528' title='bbox 1088 5240 1232 5305; x_wconf 88' lang='lat' dir='ltr'>substan·</span> <span class='ocrx_word' id='word_1_529' title='bbox 1287 5246 1375 5323; x_wconf 87' lang='lat' dir='ltr'>tura,</span> <span class='ocrx_word' id='word_1_530' title='bbox 1397 5249 1501 5327; x_wconf 84' lang='lat' dir='ltr'>potest</span> <span class='ocrx_word' id='word_1_531' title='bbox 1516 5242 1596 5322; x_wconf 89' lang='lat' dir='ltr'>dici,</span> <span class='ocrx_word' id='word_1_532' title='bbox 1617 5236 1692 5322; x_wconf 86' lang='lat' dir='ltr'>quod</span> <span class='ocrx_word' id='word_1_533' title='bbox 1706 5229 1801 5298; x_wconf 65' lang='lat' dir='ltr'>modus</span> <span class='ocrx_word' id='word_1_534' title='bbox 1812 5227 1833 5285; x_wconf 67' lang='lat' dir='ltr'>ti</span> <span class='ocrx_word' id='word_1_535' title='bbox 1846 5213 1904 5278; x_wconf 49' lang='grc' dir='ltr'>ΗΜ</span> 
     </span>
    </p>
   </div>
   <div class='ocr_carea' id='block_1_3' title="bbox 461 5319 1903 5558">
    <p class='ocr_par' dir='ltr' id='par_1_3' title="bbox 461 5319 1903 5558">
     <span class='ocr_line' id='line_1_46' title="bbox 494 5319 1903 5463; baseline -0.023 -16"><span class='ocrx_word' id='word_1_536' title='bbox 494 5396 639 5458; x_wconf 72' lang='lat' dir='ltr'>maduo,</span> <span class='ocrx_word' id='word_1_537' title='bbox 651 5394 724 5447; x_wconf 74' lang='lat' dir='ltr'>ivre</span> <span class='ocrx_word' id='word_1_538' title='bbox 737 5394 837 5454; x_wconf 61' lang='lat' dir='ltr'>rouo,</span> <span class='ocrx_word' id='word_1_539' title='bbox 849 5407 914 5445; x_wconf 70' lang='lat' dir='ltr'>cn.</span> <span class='ocrx_word' id='word_1_540' title='bbox 928 5398 1121 5463; x_wconf 75' lang='lat' dir='ltr'>miispoms.</span> <span class='ocrx_word' id='word_1_541' title='bbox 1134 5403 1232 5453; x_wconf 76' lang='lat' dir='ltr'>nonav.</span> <span class='ocrx_word' id='word_1_542' title='bbox 1288 5350 1475 5434; x_wconf 82' lang='lat' dir='ltr'>loquuntur,</span> <span class='ocrx_word' id='word_1_543' title='bbox 1495 5354 1534 5419; x_wconf 79' lang='lat' dir='ltr'>tn</span> <span class='ocrx_word' id='word_1_544' title='bbox 1546 5349 1700 5420; x_wconf 74' lang='lat' dir='ltr'>crettttit·</span> <span class='ocrx_word' id='word_1_545' title='bbox 1712 5319 1903 5457; x_wconf 55' lang='lat' dir='ltr'>Sitttfflffl</span> 
     </span>
     <span class='ocr_line' id='line_1_47' title="bbox 461 5426 1898 5558; baseline -0.015 -43"><span class='ocrx_word' id='word_1_546' title='bbox 461 5478 516 5516; x_wconf 90' lang='lat' dir='ltr'>non</span> <span class='ocrx_word' id='word_1_547' title='bbox 527 5472 614 5517; x_wconf 89' lang='lat' dir='ltr'>tenere</span> <span class='ocrx_word' id='word_1_548' title='bbox 627 5480 751 5531; x_wconf 79' lang='lat' dir='ltr'>permees</span> <span class='ocrx_word' id='word_1_549' title='bbox 762 5467 883 5558; x_wconf 74' lang='lat' dir='ltr'>constitui</span> <span class='ocrx_word' id='word_1_550' title='bbox 895 5481 942 5532; x_wconf 89' lang='lat' dir='ltr'>per</span> <span class='ocrx_word' id='word_1_551' title='bbox 950 5470 1077 5523; x_wconf 76' lang='lat' dir='ltr'>absolute.</span> <span class='ocrx_word' id='word_1_552' title='bbox 1289 5476 1374 5538; x_wconf 64' lang='lat' dir='ltr'>muri²</span> <span class='ocrx_word' id='word_1_553' title='bbox 1386 5461 1425 5526; x_wconf 73' lang='lat' dir='ltr'>in</span> <span class='ocrx_word' id='word_1_554' title='bbox 1448 5462 1525 5542; x_wconf 60' lang='lat' dir='ltr'><em>Deo,</em></span> <span class='ocrx_word' id='word_1_555' title='bbox 1536 5466 1612 5526; x_wconf 60' lang='lat' dir='ltr'>tunc</span> <span class='ocrx_word' id='word_1_556' title='bbox 1620 5458 1752 5528; x_wconf 57' lang='lat' dir='ltr'>djoemug,</span> <span class='ocrx_word' id='word_1_557' title='bbox 1762 5426 1898 5527; x_wconf 69' lang='lat' dir='ltr'>qodutit</span> 
     </span>
    </p>
   </div>
   <div class='ocr_carea' id='block_1_4' title="bbox 0 0 2075 6292">
    <p class='ocr_par' dir='ltr' id='par_1_4' title="bbox 0 0 2075 6292">
     <span class='ocr_line' id='line_1_48' title="bbox 0 0 2075 6292; baseline 0 0"><span class='ocrx_word' id='word_1_558' title='bbox 0 0 2075 6292; x_wconf 95' lang='lat' dir='ltr'> </span> 
     </span>
    </p>
   </div>
  </div>
 </body>
</html>
