4100 6300
336 432 398 496 164
908 416 1221 485 SENTENTIARUM
1242 420 1317 486 LIB.
1339 424 1365 488 Ι.

336 563 445 627 anima
465 563 514 626 est
534 560 638 624 torma
654 557 761 622 totalis
782 558 814 621 et
837 556 877 640 (a)
905 557 1058 639 simplex,
1074 563 1105 618 et
1159 554 1222 617 lius
1235 561 1376 640 eorporis
1390 565 1437 625 est
1451 566 1560 642 aetus3
1587 565 1665 648 quie
1685 565 1772 630 nulli
1790 583 1929 631 eommu-

337 673 442 734 motor
456 667 618 731 sufficiens
633 684 641 728 z
656 664 732 747 quia
751 663 854 727 forme
869 664 975 728 totalis
995 681 1105 745 eorpo-
1159 663 1246 727 niret
1259 667 1421 749 propriam
1439 671 1675 753 operationem,
1693 691 1755 737 neo
1769 673 1930 756 perfeetio-

337 778 398 854 ris,
415 775 515 841 estin
528 777 611 851 toto;
626 771 793 854 quievero
808 770 959 854 simplex,
978 788 1045 834 non
1058 773 1106 834 est
1159 788 1235 834 nem
1250 774 1367 850 totius,
1384 794 1459 840 oum
1478 795 1590 842 omnes
1609 784 1717 862 partes
1737 781 1882 863 perficiet
1900 783 1930 845 in

337 882 514 949 seeundum
524 883 658 963 putem,
669 883 701 943 et
709 882 832 961 pentem
838 877 905 955 sui3
917 877 994 960 quia
1001 882 1106 942 motor
1159 882 1237 942 toto.
1251 878 1402 945 Similiter
1413 883 1452 947 ad
1461 883 1546 948 aliud
1560 885 1599 949 de
1611 886 1731 964 forme3
1744 888 1826 969 quie
1838 888 1929 953 torma

337 989 507 1068 sufficiens,
522 988 593 1053 ideo
606 1004 673 1050 non
687 986 782 1050 hahet
793 986 902 1062 situm,
917 989 949 1049 et
962 985 1034 1049 ideo
1047 1003 1106 1049 nee
1160 1003 1235 1067 quae
1256 989 1356 1053 estin
1377 991 1520 1072 pertibus
1539 1011 1605 1056 non
1628 994 1822 1058 denominat
1842 996 1929 1060 simul

338 1097 432 1163 estin
446 1100 573 1179 puncto,
594 1095 705 1159 necin
722 1097 812 1177 perte
830 1093 1050 1157 determinate.
1067 1091 1106 1155 Et
1160 1097 1263 1157 totum
1278 1100 1309 1159 et
1323 1102 1439 1179 partes,
1458 1099 1520 1162 nisi
1534 1100 1574 1162 sit
1586 1101 1690 1165 iorma
1708 1102 1929 1185 dependenset

337 1206 413 1287 quie
426 1203 530 1285 magis
539 1202 702 1268 rationalis
714 1205 763 1267 est
771 1201 888 1285 opinio,
901 1219 974 1284 quae
988 1200 1106 1264 lunda·
1162 1206 1304 1267 extensa.
1321 1203 1360 1267 Et
1373 1203 1487 1286 loquor
1499 1206 1552 1269 hie
1566 1207 1605 1271 de
1618 1208 1722 1274 torma
1735 1210 1929 1274 substantiali

336 1318 391 1377 tur
412 1328 509 1395 supro
531 1311 705 1387 rationem,
730 1328 831 1392 quem
854 1327 928 1392 quae
953 1309 1107 1373 fundetur
1160 1312 1298 1390 tantum,
1314 1328 1382 1374 non
1393 1312 1432 1376 de
1443 1313 1636 1378 accidentali.

337 1433 434 1497 supra
449 1412 588 1477 detectus
604 1413 748 1492 rationis,
770 1411 846 1495 quia
868 1412 1070 1494 Augustinus
1094 1412 1105 1447 ¹
1201 1420 1232 1478 l.
1245 1417 1294 1481 Ad
1305 1416 1386 1481 illud
1397 1419 1485 1500 quod
1503 1420 1664 1501 oineitur,
1680 1423 1770 1505 quod
1782 1441 1848 1487 non
1861 1432 1929 1490 sunt

337 1522 398 1586 hoe
410 1521 496 1601 dioit,
511 1520 596 1585 huno
607 1520 749 1603 approbo
760 1522 913 1601 tanquam
927 1519 1105 1583 meliorem.
1161 1525 1306 1607 ejusdem
1315 1526 1449 1589 rationis
1456 1530 1560 1591 tolum
1573 1532 1605 1591 et
1613 1534 1735 1611 pertes3
1751 1531 1926 1612 dicendum,

239 1638 324 1710 ‚forne
377 1636 393 1694 l
414 1633 447 1694 et
466 1634 497 1693 ἓ.
517 1628 567 1694 Ad
587 1628 667 1692 iliud
688 1646 767 1710 ergo
788 1628 874 1711 quod
895 1627 1045 1710 oinoitur
1072 1629 1108 1691 in
1162 1633 1247 1715 quod
1265 1633 1456 1715 inpartibus
1478 1639 1526 1699 est
1545 1637 1745 1703 considerare
1763 1642 1929 1721 orgmin-

219 1700 306 1756 ψ’
338 1738 545 1817 eontrarium,
565 1737 696 1802 «forme
708 1754 782 1819 quae
792 1740 839 1800 est
847 1735 882 1799 in
895 1739 976 1811 toto,
991 1757 1007 1795 n
1021 1740 1081 1800 ete.
1096 1758 1105 1812 3
1161 1739 1281 1803 tionem
1298 1740 1335 1821 (b)
1354 1744 1386 1804 et
1404 1741 1659 1824 complexionem
1676 1760 1684 1804 τ
1701 1745 1825 1809 ratione
1844 1764 1928 1809 eom-

339 1846 528 1924 dioendum,
551 1844 638 1928 quod
656 1843 773 1926 triplex
795 1847 842 1907 est
860 1861 966 1924 genus
982 1844 1105 1908 lormae.
1163 1846 1318 1929 plexionis
1330 1851 1408 1911 sunt
1427 1849 1603 1914 uniformes
1614 1851 1682 1931 toti,
1696 1857 1729 1915 et
1739 1854 1930 1936 suntdispo-

339 1954 394 2019 Est
405 1955 492 2018 enim
512 1951 661 2036 quedem
678 1970 751 2034 quae
763 1952 897 2034 perlicit,
914 1955 946 2014 et
962 1951 1108 2015 extendi·
1162 1956 1231 2017 sitae
1254 1956 1294 2019 ad
1321 1954 1406 2019 idem
1428 1974 1533 2037 genus
1555 1957 1654 2033 vitae,
1674 1962 1707 2022 et
1726 1959 1931 2041 perficiuntur

337 2067 411 2143 tur,
426 2067 458 2128 et
476 2061 652 2144 dependet:
667 2064 699 2124 et
710 2060 791 2139 haeo,
807 2059 883 2142 quia
895 2062 1000 2124 totum
1014 2061 1109 2141 perii·
1162 2062 1204 2125 ab
1216 2079 1301 2141 un0;
1312 2062 1437 2126 ratione
1446 2064 1695 2144 organizationis
1706 2066 1930 2145 suntdiversae,

338 2170 392 2249 eit,
407 2170 501 2234 estin
511 2172 596 2248 toto,
610 2168 771 2250 quievero
788 2166 953 2249 dependet,
966 2184 1026 2230 neo
1039 2165 1109 2247 agit
1163 2173 1194 2234 et
1206 2170 1416 2252 perficiuntur
1429 2189 1449 2235 a
1464 2173 1624 2253 potentiis.

338 2296 396 2360 per
407 2296 460 2356 se,
477 2276 694 2360 operationem
703 2275 800 2339 totius
810 2274 1025 2338 eommunicet
1037 2293 1109 2356 pen
1204 2282 1234 2342 5.
1247 2278 1296 2342 Ad
1309 2277 1389 2343 iilud
1401 2280 1486 2361 quod
1500 2280 1660 2362 objicitur,
1673 2281 1761 2362 quod
1774 2286 1928 2358 movetur,

337 2386 435 2461 tibus,
449 2388 585 2468 utpatet
596 2384 631 2447 in
644 2384 746 2449 torma
758 2383 856 2464 ignis,
872 2383 949 2465 quie
960 2383 1109 2465 quaelibet
1164 2390 1250 2450 mota
1269 2404 1388 2463 manu,
1405 2392 1486 2465 ete·;
1502 2387 1666 2465 diendum,
1686 2389 1774 2470 quod
1789 2392 1932 2472 periendo

338 2510 411 2575 pers
433 2492 520 2573 ignis
541 2496 589 2556 est
610 2491 712 2572 ignis,
736 2493 767 2554 et
787 2489 938 2572 qualibet
956 2490 1107 2554 calefacit.
1163 2498 1267 2577 potest
1278 2512 1375 2576 supre
1386 2498 1490 2559 totum
1502 2496 1710 2578 perfectibile,
1729 2501 1763 2561 et
1776 2504 1930 2579 quantum

338 2599 394 2664 Est
405 2600 467 2664 elia
478 2600 582 2664 torma
596 2616 670 2681 quae
684 2597 807 2680 perficit
823 2601 855 2661 et
869 2596 1041 2679 dependet,
1055 2599 1109 2663 sed
1163 2601 1203 2666 ed
1217 2602 1438 2680 substantiam,
1457 2608 1489 2666 et
1501 2608 1660 2684 quantum
1679 2604 1720 2667 ad
1735 2606 1928 2687 potentiam:

338 2726 405 2773 nou
418 2708 623 2773 extenditur:
645 2711 676 2770 et
689 2706 760 2770 talis
774 2706 888 2783 forma,
909 2706 985 2788 quie
1003 2710 1109 2771 totum
1163 2714 1195 2773 et
1203 2728 1279 2773 eum
1288 2709 1397 2773 anima
1405 2709 1445 2772 sit
1455 2710 1605 2791 perfectio
1613 2711 1712 2774 totius
1721 2714 1930 2794 corpor-iasu-

339 2817 481 2900 perficit,
498 2820 546 2880 est
561 2815 597 2878 in
613 2818 681 2878 tolo
699 2817 732 2878 et
747 2813 890 2896 quelibet
909 2818 1014 2895 perte3
1033 2817 1110 2897 quia
1163 2831 1220 2896 per
1230 2818 1332 2877 totum
1341 2817 1444 2895 potest
1455 2836 1462 2877 ε
1473 2818 1505 2877 et
1514 2813 1586 2877 ideo
1598 2814 1688 2878 nullo
1695 2815 1823 2892 minori,
1834 2835 1927 2898 quam

339 2942 495 2990 veronen
509 2923 705 3002 extenditur,
721 2921 793 2985 ideo
806 2925 915 2985 eotum
932 2921 1031 2986 totius
1043 2941 1109 2987 non
1163 2921 1204 2983 sit
1218 2924 1322 2984 totum
1339 2939 1465 3003 eorpus,
1484 2921 1642 2985 diffluitur
1655 2924 1727 3004 ejus
1744 2922 1927 3000 substenta,

339 3031 483 3096 attribuit
494 3030 655 3115 pertihm,
671 3028 747 3112 quie
759 3047 838 3094 vero
854 3029 1019 3111 dependet,
1032 3047 1109 3112 ope-
1163 3045 1223 3091 neo
1236 3028 1387 3110 potentie.
1413 3027 1575 3093 Ditflnitnr
1588 3033 1699 3093 eutem
1720 3048 1854 3112 eorpore
1875 3048 1929 3094 sno

339 3139 495 3204 rationem
507 3138 605 3204 totius
616 3137 833 3202 eommunicet
845 3137 1006 3220 pertibus:
1018 3142 1051 3203 et
1062 3142 1110 3203 te-
1162 3136 1250 3218 quod
1257 3136 1388 3218 perficit,
1400 3141 1433 3200 et
1441 3136 1524 3216 ideo,
1536 3155 1669 3220 oorpore
1675 3141 1775 3217 moto,
1789 3142 1932 3203 movetm

339 3246 381 3310 lie
402 3250 450 3311 est
463 3247 572 3311 emme
591 3243 778 3326 vegetabilis
790 3247 823 3309 et
841 3244 1018 3323 sensibilis,
1034 3247 1111 3329 quia
1164 3261 1222 3325 per
1234 3262 1446 3327 consequens;
1458 3244 1601 3327 partibus
1615 3246 1930 3310 autemnonditlim'·

339 3353 429 3418 nulle
443 3372 516 3438 pere
529 3352 676 3418 animulis
694 3355 741 3417 est
753 3352 882 3432 enimel,
898 3356 1007 3418 temen
1017 3372 1110 3436 quae-
1164 3353 1229 3427 tur,
1243 3351 1320 3432 quia
1328 3355 1404 3415 sunt
1412 3351 1554 3416 minores
1565 3355 1643 3431 toto,
1654 3356 1687 3416 et
1695 3351 1799 3417 iteest
1810 3354 1844 3416 in
1857 3371 1926 3428 rme,

338 3457 497 3541 libetpere
507 3456 655 3522 animalis
662 3456 754 3535 vivit,
768 3461 800 3520 et
808 3458 913 3522 sentit.
926 3456 982 3522 Est
991 3459 1111 3524 iterum
1165 3457 1250 3540 quod
1269 3477 1337 3523 non
1357 3463 1405 3522 est
1429 3462 1521 3523 extre
1539 3460 1647 3523 eliam.
1663 3459 1703 3524 Et
1715 3460 1799 3538 ideo,
1813 3461 1927 3544 quiein

338 3566 443 3631 torma
455 3584 529 3649 quae
541 3568 646 3629 totum
659 3564 794 3646 perlicit,
810 3568 918 3629 temen
931 3583 991 3629 nee
1002 3571 1112 3630 exten·
1164 3565 1255 3629 nulle
1271 3570 1361 3648 perte
1378 3570 1425 3630 est
1442 3565 1628 3646 diffinitive,
1646 3586 1716 3632 non
1733 3575 1879 3633 movetur
1890 3567 1926 3631 ed

339 3672 445 3751 ditur,
460 3691 519 3737 neo
540 3671 696 3756 dependet
716 3675 874 3753 quantum
891 3672 932 3737 ed
952 3675 1111 3756 operatio·
1166 3678 1292 3737 motum
1306 3673 1444 3757 elieuJus
1458 3674 1579 3756 partis,
1595 3676 1678 3739 siout
1689 3695 1751 3741 neo
1763 3676 1845 3742 Deus
1860 3694 1925 3740 mo-

340 3798 415 3844 nem
425 3802 433 3845 z
444 3785 476 3845 et
486 3779 570 3860 talis,
582 3776 808 3861 quieperieotio
822 3782 880 3855 est,
894 3783 941 3843 est
953 3779 989 3843 in
1000 3784 1068 3845 toto
1080 3787 1112 3847 et
1166 3785 1261 3845 vetur
1281 3780 1321 3845 ad
1335 3785 1461 3846 motum
1472 3781 1612 3865 alicujus
1623 3788 1793 3849 creaturae.

340 3892 504 3975 partibus3
519 3889 686 3972 quievero
698 3906 763 3954 non
782 3890 975 3971 extenditur,
991 3892 1110 3974 perfee-
1206 3893 1236 3952 6.
1250 3886 1291 3952 nt
1303 3907 1360 3971 per
1379 3888 1442 3953 hoo
1463 3893 1550 3972 petet
1568 3909 1725 3974 sequens,
1741 3892 1818 3976 quin
1834 3895 1924 3956 totum

340 4001 460 4067 tionem
487 3999 585 4064 totius
620 4016 686 4062 non
709 3999 926 4064 communicat
946 4001 1090 4082 pertibus
1100 4025 1109 4082 ;
1165 4013 1282 4079 eorpus
1313 4007 1516 4079 eomparatur
1545 3997 1607 4080 ipsi
1637 3999 1758 4063 animae
1785 4005 1923 4082 tanqmu

340 4108 418 4192 quie
440 4125 507 4172 nou
526 4106 699 4189 dependet,
721 4104 792 4170 ideo
814 4124 874 4170 neo
895 4108 1112 4190 operationem
1165 4122 1251 4168 unus
1263 4105 1363 4185 loeus,
1378 4109 1410 4170 et
1422 4105 1494 4170 ideo
1507 4106 1543 4168 in
1555 4105 1704 4189 pluribus
1720 4109 1922 4192 pertibusom

338 4200 556 4281 eommunioet
573 4237 580 4278 :
596 4219 627 4279 et
639 4213 713 4278 telis
733 4217 781 4278 est
798 4214 907 4280 enime
928 4216 1110 4296 rationalis3
1166 4211 1282 4276 estnisi
1293 4213 1496 4296 inquantum
1509 4214 1544 4277 in
1556 4232 1623 4279 uno
1635 4216 1721 4281 loeo.
1736 4214 1834 4296 Unde,
1848 4216 1922 4279 eise

340 4322 519 4407 qniannfla
530 4340 605 4405 pens
617 4320 758 4386 hominis
770 4325 818 4386 est
832 4322 950 4399 homo,
970 4329 1002 4388 et
1023 4325 1113 4389 nulle
1165 4321 1595 4403 perennennoueritinillie.
1608 4320 1920 4406 Neesequinrrexlnc

339 4449 414 4516 pars
425 4431 532 4496 omnis
541 4428 703 4509 intelligit,
711 4433 818 4493 tamen
828 4429 887 4494 etsi
896 4449 962 4495 non
970 4450 1113 4497 eommu—
1166 4426 1252 4508 quod
1265 4427 1306 4491 sit
1315 4427 1452 4508 infinite,
1463 4428 1541 4511 quie
1551 4431 1563 4465 ²
1573 4430 1723 4495 omnium
1735 4435 1848 4496 nature
1858 4446 1918 4493 oon

340 4539 426 4604 nient
438 4542 547 4606 ectum
561 4536 673 4616 totius,
689 4540 727 4600 ut
738 4538 813 4616 toti,
826 4539 1061 4618 eommunicet,
1076 4545 1114 4605 ut
1165 4533 1319 4598 nendum
1330 4535 1489 4599 terminus
1502 4539 1549 4599 est
1561 4540 1595 4599 et
1605 4538 1690 4602 ratio
1705 4535 1916 4620 magniuun'r

340 4646 483 4729 pertibus
497 4664 506 4709 ε
522 4645 599 4728 quia
616 4643 770 4727 quelibet
783 4661 857 4726 pers
870 4645 1012 4709 hominis
1024 4646 1113 4711 vivi-
1166 4644 1198 4704 et
1211 4643 1380 4722 augmenti
1395 4659 1405 4706 t
1423 4646 1455 4706 et
1475 4643 1520 4706 ite
1533 4661 1650 4726 eorpus
1667 4645 1847 4710 humanum
1865 4660 1916 4706 nou

339 4753 456 4818 fleatur
468 4772 488 4816 e
500 4750 693 4835 perfectione
713 4750 875 4816 hominis:
895 4756 928 4816 et
947 4753 1018 4817 ideo
1039 4772 1113 4836 per-
1166 4751 1268 4830 potest
1290 4749 1426 4830 eogitari
1444 4754 1511 4814 tem
1532 4769 1693 4833 magnum
1710 4771 1835 4837 eorpus,
1847 4747 1914 4834 quot

340 4861 433 4927 leetio
452 4860 594 4926 hominis
611 4858 972 4942 estinquelibetparte.
1166 4856 1698 4939 nonpossitvivifleariebenime

381 4972 411 5032 3.
420 4966 511 5033 Etsie
518 4971 605 5051 petet
612 4967 777 5050 responsio
787 4967 828 5032 ed
838 4966 929 5049 illud,
942 4967 1113 5050 quodnul-
1207 4967 1237 5027 Ἰ.
1259 4963 1308 5027 Ad
1321 4963 1400 5028 illud
1414 4965 1501 5048 quod
1524 4967 1674 5049 objicitur
1693 4968 1825 5048 ultimo,
1845 4961 1913 5049 qued

1166 5075 1244 5136 tune
1257 5089 1489 5154 uneperenon
1499 5072 1912 5158 reeipitabelia;deenduu

342 5155 788 5291 deffiffiffgfflbw’
803 5168 880 5220 en,
895 5159 1111 5225 ¹¹·⁸·*'Af³⁸t·’
1166 5179 1264 5262 quod,
1279 5179 1457 5245 sioutlleus
1471 5181 1506 5245 in
1527 5185 1650 5265 majore
1675 5183 1796 5248 mundo
1815 5182 1911 5244 imme-

353 5336 408 5418 1(ιι)
421 5336 465 5388 rt.
478 5335 546 5387 ecee
558 5334 644 5386 neu
657 5338 691 5386 e.
703 5359 735 5372 -
750 5333 784 5399 (e)
797 5333 869 5386 nest.
887 5335 947 5387 ree.
961 5337 1052 5402 orgen
1068 5353 1112 5390 m,
1166 5287 1250 5353 diane
1264 5288 1907 5415 &111chinaeme

342 5412 449 5459 tionem.
1166 5397 1275 5460 mmm
1297 5413 1356 5477 per
1371 5396 1519 5462 omem
1536 5416 1685 5465 mmm
1697 5391 1907 5478 mmmm!
