4100 6300
602 473 699 543 bist.
721 473 814 542 xxti.
837 474 927 541 ΛΒΤ.
950 474 974 569 l,-
997 473 1147 553 QUAEST.
1170 475 1194 539 Ι.
1594 478 1653 540 aba

69 612 147 679 finiti
165 611 204 676 ed
224 610 387 676 infinitum
400 617 423 692 ¹,
442 611 532 676 nulla
552 630 609 695 per
630 630 742 679 vocem
767 612 827 677 erit
887 612 970 675 sicut
977 612 1150 695 intelligere
1160 608 1461 693 diciturdupticitar,
1475 605 1520 673 sic
1529 607 1654 693 effabile

68 718 241 803 expressio:
257 735 336 799 ergo
348 736 408 782 nec
421 718 607 784 nominatio.
882 723 914 783 et
934 720 1139 786 nominabile.
1159 719 1229 784 Uno
1247 716 1334 782 enim
1357 717 1451 782 modo
1474 716 1652 798 intelligere

104 832 132 891 5.
148 825 236 905 item,
251 843 346 889 omne
359 843 477 889 nomen
493 826 670 908 imponitur
690 826 829 891 aiorma
883 826 998 891 dicitur
1028 845 1085 911 per
1115 827 1285 910 perfectam
1318 824 1648 909 comprehensionem

67 935 189 1017 aliqua:
210 932 266 997 sed
286 934 323 996 in
343 932 406 996 ileo
424 951 491 997 non
512 937 560 998 est
578 951 696 1016 ponere
709 937 828 998 certam
882 934 945 999 alio
958 934 1053 1000 modo
1066 952 1124 1018 per
1136 918 1343 1018 semiplenam
1362 931 1587 1015 cognitionem.
1602 929 1655 997 Sic

65 1043 210 1121 iormam;
224 1040 566 1124 undedugustinus’:
581 1042 829 1124 obeusquiom-
884 1040 1008 1124 effabile
1030 1041 1198 1125 dupliciter
1226 1040 1362 1104 dicitur:
1386 1058 1453 1104 uno
1477 1039 1573 1104 modo
1598 1056 1655 1121 per

66 1167 136 1212 nem
148 1148 282 1213 formam
295 1149 499 1232 subterfugit,
514 1149 687 1214 intellectui
697 1149 828 1232 pervius
883 1150 1053 1232 perfectam
1069 1148 1321 1233 expressionem
1337 1147 1399 1211 alio
1419 1147 1514 1212 modo
1534 1165 1591 1230 per
1608 1165 1656 1211 sc

66 1275 128 1321 esse
141 1275 205 1321 non
217 1261 318 1340 potest
332 1276 367 1321 :r
386 1276 476 1340 ergo,
490 1262 550 1323 etc.
883 1256 1057 1339 miplenem
1077 1256 1303 1321 narrationem.
1321 1254 1372 1320 Sic
1391 1255 1489 1320 etiam
1502 1253 1653 1321 nomino·

102 1367 131 1427 6.
146 1362 235 1442 Item,
256 1381 351 1428 omne
364 1382 484 1429 nomen
503 1364 663 1446 significat
681 1363 827 1428 substan·
884 1362 954 1430 tra.
1435 1410 1443 1426 .

65 1469 137 1534 tiam
149 1488 221 1533 cum
230 1470 402 1553 qualitate:
418 1470 587 1535 sedinbeo
598 1469 829 1535 estsubstantia
923 1476 953 1535 l.
978 1470 1011 1535 Si
1029 1470 1152 1535 dicatur
1170 1469 1295 1535 effabile
1314 1469 1382 1534 sive
1394 1466 1589 1534 nominabile
1601 1485 1653 1532 se-

64 1595 158 1654 mera,
174 1577 240 1642 sine
253 1580 428 1661 quantitate
442 1584 474 1644 et
486 1578 656 1661 qualitate3
669 1596 748 1661 ergo
762 1596 828 1642 non
883 1579 1025 1642 cundum
1048 1577 1271 1662 perlectionem
1291 1575 1512 1661 expressionis,
1534 1575 1579 1640 sic
1601 1575 1653 1640 di·

65 1685 205 1749 convenit
217 1683 318 1750 Mum
331 1683 506 1767 significari
519 1704 576 1769 per
588 1703 718 1750 nomen.
883 1684 1019 1749 cendum
1033 1684 1130 1768 quod,
1146 1684 1227 1748 sicut
1239 1684 1321 1749 Deus
1331 1683 1391 1747 sibi
1403 1683 1463 1748 soli
1475 1686 1523 1747 est
1536 1682 1651 1747 intelli·

102 1795 131 1854 7.
146 1789 235 1871 item,
250 1791 338 1873 qnod
348 1810 406 1856 nec
417 1791 829 1874 Deussitnominabilisper
882 1794 999 1875 gibilis,
1014 1794 1060 1858 sic
1072 1793 1133 1857 sibi
1146 1793 1204 1858 soli
1217 1797 1264 1858 est
1279 1792 1412 1858 effabilis
1424 1797 1455 1856 et
1469 1790 1653 1856 nominabi-

64 1912 245 1976 pronomen.
262 1894 443 1961 Pronomen
454 1895 828 1977 enimnonhabetsigni-
876 1901 932 1981 lis,
951 1919 1017 1965 non
1037 1901 1100 1965 alio
1113 1901 1244 1965 nomine
1256 1919 1354 1983 quam
1367 1900 1434 1983 ipse
1454 1898 1505 1975 sit,
1520 1916 1578 1963 neo
1591 1897 1653 1962 alio

64 2001 239 2067 ficationem
253 2002 507 2081 determinatam,
527 2004 589 2068 nisi
602 2021 660 2087 per
680 2003 828 2067 demons-
882 2008 981 2073 verbo
1000 2026 1097 2092 quam
1118 2008 1185 2092 ipse
1206 2009 1262 2087 sit3
1286 2012 1317 2072 et
1329 2008 1412 2072 sicut
1424 2007 1516 2072 nobis
1536 2008 1583 2072 est
1599 2006 1655 2070 in-

65 2109 228 2174 trationem
239 2109 293 2175 vel
304 2111 512 2176 relationem:
528 2111 754 2176 demonstratio
768 2131 828 2177 au·
882 2115 1187 2197 comprehensibilis,
1201 2115 1246 2179 ila
1260 2118 1293 2179 et
1304 2114 1484 2194 ineffabilis,
1498 2113 1542 2177 ita
1554 2113 1651 2177 etiam

64 2221 125 2280 tem
145 2217 182 2280 tit
203 2203 416 2305 mediantibus
435 2220 649 2285 accidentibus
662 2239 737 2303 quae
754 2237 829 2303 pos-
883 2227 914 2287 et
927 2222 1164 2287 imrominabilis
1178 2245 1186 2287 z
1201 2226 1233 2286 et
1245 2240 1301 2305 per
1309 2222 1397 2286 huno
1408 2221 1541 2286 modum
1549 2220 1655 2303 loqui-

65 2326 136 2387 sunt
151 2325 250 2389 oculis
270 2328 429 2410 conspici:
450 2328 505 2393 sed
522 2328 593 2393 baeo
615 2346 680 2392 non
699 2332 775 2393 sunt
794 2328 828 2391 in
882 2334 937 2394 tur
946 2331 1114 2413 Dionysius
1124 2335 1156 2394 et
1164 2329 1384 2413 Philosophus.
1396 2327 1429 2393 Si
1441 2346 1519 2395 vero
1531 2327 1654 2392 dicatur

64 2430 145 2496 beo:
165 2451 245 2514 ergo
263 2433 390 2499 videtur
410 2435 493 2517 quod
515 2435 569 2499 Dei
591 2453 694 2519 neque
714 2436 828 2500 sitno-
883 2441 1009 2505 eltabile
1031 2446 1064 2505 et
1086 2440 1279 2505 nominabile
1308 2439 1486 2504 secundum
1508 2437 1654 2520 qualem-

64 2557 146 2620 men,
158 2557 264 2624 neque
276 2560 464 2624 pronomen.
883 2565 1022 2631 cumque
1035 2548 1299 2626 nominationem
1314 2548 1371 2623 sic,
1381 2545 1651 2629 quemadmodum

42 2670 52 2698 ι·
101 2645 237 2714 Contra:
255 2667 314 2732 per
326 2647 531 2715 Psalmum⁸:
548 2650 703 2717 Dominus
716 2667 829 2718 nomen
883 2657 966 2722 Deus
982 2662 1030 2722 est
1048 2657 1140 2721 nobis
1157 2655 1390 2737 cognoscibilis,
1410 2655 1455 2718 ita
1474 2659 1505 2719 et
1520 2653 1654 2719 effabilis

65 2760 109 2820 eet
125 2752 186 2821 itte.
209 2752 250 2818 lit
268 2754 427 2822 iterum:
453 2757 552 2831 Quam
573 2755 762 2823 admirabile
784 2763 830 2825 est
883 2770 914 2829 et
927 2765 1146 2844 nominabilis3
1158 2767 1189 2829 et
1202 2763 1256 2846 qui
1271 2763 1384 2827 melius
1395 2761 1566 2843 cognoscit,
1576 2780 1652 2825 mea

65 2877 172 2930 nomen
191 2870 283 2928 tuum
301 2863 338 2929 in
352 2865 504 2930 univero
522 2864 628 2930 terro!
648 2881 727 2946 ergo
748 2864 830 2930 Deus
882 2871 946 2936 lius
958 2872 1084 2949 effatur,
1096 2875 1126 2935 et
1141 2871 1254 2935 melius
1265 2869 1410 2934 nominat
1418 2873 1449 2932 et
1459 2868 1652 2951 expressius.

65 2966 298 3034 hahetnomen.
884 2978 973 3043 Unde
986 2979 1168 3062 expressius
1180 2977 1325 3041 nominat
1337 2976 1433 3054 fides,
1449 2979 1480 3040 et
1493 2974 1651 3058 scriptura

102 3073 193 3157 Item,
216 3076 386 3163 Dionysius
407 3077 479 3143 iacit
498 3078 619 3143 librum
643 3078 681 3146 de
702 3079 830 3146 divinis
883 3102 957 3167 qum
980 3083 1055 3150 lidei
1076 3083 1284 3165 suffragatur,
1307 3085 1346 3145 ut
1364 3099 1453 3145 sacra
1476 3080 1651 3165 Scriptura,

63 3182 272 3252 Nominibus:
292 3190 348 3251 aut
366 3204 444 3268 ergo
459 3186 541 3251 licus
554 3187 828 3264 estnominabilis,
883 3208 981 3273 quam
1005 3191 1086 3255 ratio
1112 3190 1163 3254 vei
1185 3188 1394 3272 philosophia.
1416 3188 1455 3252 Et
1477 3188 1539 3252 hoc
1558 3189 1653 3254 modo

63 3293 116 3354 ant
126 3291 257 3357 scientia
270 3292 315 3356 ibi
329 3294 446 3358 madito
457 3311 544 3358 cassa
556 3298 603 3358 est
620 3300 652 3359 ct
665 3294 798 3358 inutilis.
882 3297 1059 3380 procedunt
1071 3296 1208 3361 rationes
1221 3300 1252 3360 et
1265 3296 1466 3361 auctoritates
1478 3296 1519 3360 ad
1539 3315 1653 3361 secun·

86 3399 187 3482 -ltem,
202 3403 326 3467 ratione
339 3402 477 3483 videtur,
493 3404 570 3487 quia
583 3421 679 3469 omne
693 3403 779 3486 quod
796 3422 830 3468 se
883 3404 957 3468 dam
970 3408 1104 3486 partem.

63 3508 210 3591 exprimit
226 3509 337 3589 verbo,
359 3512 461 3592 potest
482 3528 517 3574 se
535 3511 716 3593 exprimere
735 3511 829 3593 signo
924 3514 944 3573 2
961 3514 992 3575 et
1010 3514 1041 3574 3.
1059 3510 1108 3575 Ad
1127 3508 1210 3574 iliud
1224 3526 1302 3591 ergo
1320 3509 1406 3591 quod
1417 3509 1554 3574 secundo
1568 3510 1655 3593 obji-

63 3616 147 3680 verbi
161 3636 169 3680 :
184 3618 240 3682 sed
253 3617 387 3698 signum
401 3617 489 3681 verbi
501 3621 548 3682 est
561 3635 627 3682 vox
641 3636 649 3681 τ
662 3636 741 3699 ergo
754 3637 830 3683 cum
884 3618 967 3683 citur
989 3618 1029 3683 de
1046 3616 1195 3701 Dionysio
1214 3621 1245 3682 et
1257 3617 1464 3701 Philosopho,
1476 3619 1547 3700 jam
1567 3621 1654 3700 patet

63 3719 142 3785 Deus
156 3742 214 3787 sno
232 3723 333 3788 verbo
349 3723 559 3806 exprimatur,
575 3728 676 3807 potest
692 3726 830 3809 exprimi
884 3726 1057 3808 responsio,
1073 3743 1129 3808 per
1140 3725 1201 3790 hoe
1212 3725 1297 3807 quod
1307 3725 1447 3808 loquitur
1459 3724 1656 3790 denomina-

63 3847 136 3894 roce
150 3852 158 3895 ε
173 3830 229 3895 sed
243 3831 331 3913 quod
351 3834 453 3913 potest
472 3849 550 3896 voce
564 3831 714 3914 exprimi,
730 3837 831 3914 potest
883 3831 968 3897 tione
982 3833 1016 3895 in
1029 3850 1094 3914 qua
1106 3836 1153 3897 est
1166 3833 1302 3915 perfecta
1314 3832 1486 3915 expressio.
1683 3898 1685 3911 ,

63 3937 238 4016 nominari;
254 3955 344 4018 ergo,
360 3942 420 4001 etc.
923 3942 953 4001 l.
978 3937 1027 4002 tto
1048 3937 1128 4003 illud
1150 3937 1236 4020 qnod
1258 3937 1406 4019 obiicitur
1425 3937 1510 4020 quod
1534 3955 1601 4001 vox
1618 3935 1654 4001 in

101 4041 195 4121 item,
218 4044 306 4126 quod
328 4045 476 4109 convenit
496 4044 651 4126 intelligi,
679 4045 832 4111 mevenit
884 4044 1016 4109 bomine
1033 4049 1080 4108 est
1092 4043 1368 4127 proportionabilis
1380 4044 1479 4109 verbo
1495 4043 1652 4122 interiori,

63 4149 235 4231 significari
266 4150 334 4216 sive
364 4153 554 4217 enuntiari:
587 4152 642 4216 sed
674 4153 832 4234 contingit
884 4151 952 4216 sive
970 4150 1160 4233 significato,
1178 4150 1348 4216 dicendum
1367 4150 1452 4234 quod
1464 4152 1526 4215 hoo
1536 4149 1655 4215 intelli·
1739 4168 1743 4175 ·

63 4254 160 4321 Deum
182 4277 203 4321 a
222 4257 315 4322 nobis
336 4258 495 4340 cognosci,
517 4258 578 4323 hoc
591 4263 714 4323 certum
728 4262 785 4337 est,
800 4264 832 4324 et
884 4258 973 4339 gitur
984 4257 1024 4322 de
1038 4258 1257 4323 nominatione
1270 4276 1343 4340 quae
1353 4262 1454 4323 totam
1466 4257 1513 4322 rei
1526 4256 1655 4338 signiti-

64 4381 158 4445 supra
170 4364 343 4447 probatum
355 4369 424 4429 est:
440 4383 530 4447 ergo,
545 4370 604 4429 ete.
885 4366 1043 4430 cntionem
1058 4364 1211 4430 includit:
1235 4363 1326 4429 aliter
1344 4365 1520 4429 nonhabet
1535 4364 1655 4428 verita-

103 4472 192 4555 ltem,
213 4475 299 4558 quod
321 4474 469 4540 convenit
482 4474 623 4554 laudere,
639 4473 789 4539 convenit
801 4477 833 4540 et
884 4474 961 4552 tem,
976 4471 1040 4535 nisi
1060 4471 1256 4552 intelligatur
1273 4490 1340 4536 esse
1357 4471 1520 4555 proportio
1533 4469 1573 4535 ad
1586 4488 1655 4535 rem

67 4581 251 4646 nominare:
267 4582 321 4646 sed
335 4581 436 4645 ileum
450 4580 599 4645 convenit
611 4580 752 4661 laudare,
766 4581 832 4646 imo
885 4579 946 4643 sub
966 4577 1090 4643 ratione
1109 4578 1340 4660 cognoscibilis,
1359 4581 1391 4643 et
1409 4578 1454 4642 sio
1473 4580 1576 4660 potest
1589 4595 1656 4641 esse

67 4681 130 4765 ipse
142 4703 268 4750 summe
280 4684 447 4767 laudabilis
457 4701 466 4748 ε
477 4701 557 4765 ergo
571 4687 602 4748 et
615 4683 830 4749 nominabilis.
885 4684 1111 4750 nominabilis:
1127 4685 1275 4768 quamde
1287 4686 1375 4750 enim
1390 4685 1472 4750 Deris
1485 4686 1526 4750 sit
1545 4683 1656 4748 intini-

886 4797 950 4869 tus,
964 4796 1073 4857 tamen
1087 4792 1176 4857 finite
1189 4792 1391 4874 cognoscitur
1404 4812 1423 4858 a
1436 4792 1539 4858 nobis.
1634 4851 1636 4853 ,

333 4936 557 5006 CONCLUSIO·
927 4901 957 4962 b.
971 4899 1020 4963 Ad
1035 4898 1116 4964 iilud
1128 4899 1212 4982 quod
1227 4882 1375 4981 objicitur
1388 4900 1473 4982 quod
1489 4897 1572 4963 Deus
1589 4913 1652 4965 non

70 5098 146 5167 Dm,
161 5101 225 5158 ,im
236 5101 376 5159 amanen
384 5105 534 5176 mm„
546 5106 739 5175 ,mmm
752 5104 833 5158 „mc
919 5062 1655 5167 stat,itys..it.vm,001t.e‚aareaper,

65 5212 69 5217 .
102 5190 243 5248 minabat-3
256 5193 307 5259 Μ,
323 5192 465 5248 mudum
481 5196 571 5248 tamen
588 5193 763 5266 semiplenam
784 5208 833 5248 m,
889 5168 1364 5256 cont.5‘2.-²lug.,inloon.tract.
1380 5169 1654 5255 Xitittht.-¹l²sot.

883 5251 973 5303 μνη,
985 5243 1010 5288 5.
1019 5239 1072 5277 -t
1082 5240 1122 5289 Pr.
1134 5248 1180 5289 tin
1187 5275 1196 5302 ,
1209 5244 1232 5289 t.
1242 5264 1273 5276 -
1283 5240 1293 5274 ⁸
1303 5241 1394 5290 scotus
1408 5240 1463 5290 vult
1475 5242 1545 5305 quod
1560 5243 1656 5308 ahquid

103 5283 288 5351 'mmmm’
302 5282 480 5338 mmmm
494 5282 605 5340 dcitur.
888 5311 1031 5363 distinctius
1043 5311 1124 5376 possit
1134 5310 1283 5375 significari,
1297 5324 1373 5374 quam
1387 5311 1503 5377 intelligi.
1516 5314 1579 5367 bist.
1590 5327 1654 5380 xxm,

888 5396 943 5449 q.1.
957 5384 1102 5435 Concordut
1116 5397 1174 5433 curn
1190 5386 1215 5435 S·
1229 5383 1383 5447 iterarent,
1402 5384 1429 5435 S.
1441 5384 1544 5449 reem,
1558 5387 1567 5436 Ι
1583 5387 1655 5438 Conl.

110 5435 200 5523 Resp.
224 5440 263 5503 sd
280 5441 528 5522 Argumentum.
549 5439 720 5503 Dicendum
736 5438 832 5523 quod,
891 5457 974 5519 cent,
989 5455 1381 5520 e.r1r;p.1,·1.x1o‚art.i.
