4100 6300
527 473 624 540 [llSll
642 471 747 539 xxiv.
767 469 858 537 ΛΒΤ.
880 471 934 538 ΙΙΙ.
957 472 1106 560 QUAEST.
1129 475 1154 539 l.
1565 478 1624 539 395

898 613 928 673 2.
944 606 1039 688 Item,
1054 610 1080 673 si
1099 609 1219 677 Prinna
1234 614 1266 676 et
1288 611 1433 678 Trinitas
1453 610 1627 693 important

254 720 495 790 ARTICULUS
518 722 575 790 ΙΙΙ,
858 715 1072 797 pluralitatem
1092 721 1125 781 et
1144 718 1321 794 unitatem,
1339 736 1414 782 cum
1425 718 1553 782 nullum
1566 734 1625 780 no·

859 841 933 886 men
947 825 989 887 sit
1005 825 1230 889 distinctumet
1243 825 1461 889 indistinctum
1473 873 1482 903 ,
1496 842 1556 888 nec
1569 824 1628 887 ha-

82 935 178 1000 Tertio
197 932 413 1017 principaliter
434 933 592 1015 quaeritur
603 932 642 997 de
653 933 804 997 differen-
858 930 930 994 beat
948 931 1161 1013 pluralitatem
1180 931 1404 1012 distinctionis,
1422 934 1454 997 et
1472 932 1627 996 unitatem

47 1047 86 1110 lia
99 1043 261 1107 nominum
273 1041 500 1120 numeralium,
516 1042 597 1105 sicut
612 1046 660 1105 est
671 1042 732 1105 hoc
744 1058 804 1104 no·
857 1037 1117 1117 indistinctionis,
1141 1039 1180 1103 de
1199 1039 1288 1104 nullo
1305 1041 1435 1104 nomine
1451 1039 1486 1103 in
1511 1038 1628 1104 divinia

47 1147 634 1229 men,ll*iaua,vell²rtrtitoa;etclrca
644 1149 804 1231 hocquae-
858 1147 973 1228 poterit
986 1146 1064 1211 dici.

44 1263 152 1323 runtur
172 1256 236 1320 duo
250 1279 257 1319 ι
273 1256 396 1338 primo,
410 1260 521 1320 utrum
538 1255 725 1338 hujusmodi
743 1272 801 1319 no·
898 1259 928 1318 3.
945 1254 1035 1330 Item,
1051 1255 1077 1317 si
1095 1255 1250 1320 unitatem
1264 1255 1424 1339 importat,
1439 1272 1529 1335 ergo,
1551 1273 1627 1319 cum

44 1366 125 1429 mina
150 1365 321 1446 importent
348 1363 521 1442 unitatem;
545 1365 700 1444 secundo,
730 1364 804 1427 dato
857 1362 942 1427 idem
955 1380 1022 1426 non
1035 1361 1147 1426 debeat
1165 1361 1225 1426 sibi
1245 1363 1407 1445 copulari,
1423 1363 1505 1426 male
1518 1365 1550 1425 et
1563 1381 1628 1427 nu-

43 1470 121 1553 quod
139 1470 194 1547 sic,
209 1468 367 1552 quaeritur
382 1469 563 1551 cuiusmodi
577 1469 617 1532 sit
630 1470 803 1535 illaunitas
857 1469 979 1551 gatorie
1002 1469 1117 1535 dicitur
1135 1470 1171 1534 in
1196 1471 1319 1554 hymno
1344 1469 1627 1566 Confessorumuin

44 1594 135 1660 quam
147 1575 331 1659 important.
857 1579 944 1641 flue:

920 1728 969 1788 Qui
981 1743 1059 1794 supra
1072 1729 1130 1781 coeli
1148 1729 1263 1781 residens
1278 1743 1415 1795 cacumen,

298 1805 350 1885 QU
350 1805 475 1873 AEST10
496 1807 521 1872 1,
918 1800 1005 1851 Totius
1017 1801 1107 1883 mundi
1118 1801 1265 1853 machinam
1281 1801 1407 1866 gubernat

1011 1873 1103 1924 Trrnue
1116 1877 1142 1924 et
1154 1887 1230 1924 unus.

82 1959 126 2015 Ao
139 1960 251 2016 nomino
264 1961 418 2016 tumnultu
431 1964 566 2018 unitatem
576 1963 724 2034 importent
735 1965 756 2020 ¹.

77 2112 164 2186 liuod
176 2112 350 2196 importent
365 2113 681 2192 unitatem,videtur
698 2116 802 2198 primo
822 2161 824 2165 -
1114 2117 1374 2186 CONCLUSIO.
1450 2085 1455 2102 ι

42 2237 92 2300 per
114 2219 662 2391 ·ett³1m⁰l⁰glffit·stss‡ta8teglrfl
688 2222 804 2286 dmm
857 2295 974 2353 Nomina
987 2295 1141 2351 numuatia
1155 2296 1186 2351 c'o
1206 2293 1308 2350 diuinis
1327 2297 1627 2367 importantuottotem

42 2345 124 2406 {⁰³8¹
150 2345 236 2389 mum
249 2344 307 2446 unt
362 2346 458 2448 ,siml
473 2346 582 2449 iere,
614 2344 719 2394 ww&
740 2436 747 2450 ,
893 2388 919 2441 et
932 2385 1138 2456 pluralitatem
1153 2400 1208 2440 uon
1222 2388 1312 2441 tameo
1324 2386 1388 2440 aaut
1404 2386 1517 2442 uomina
1535 2385 1627 2441 colleo-

75 2433 152 2496 ltem
166 2433 229 2497 troc
244 2433 382 2514 videtur,
396 2436 803 2519 quramdrvrnrsrepeutur
893 2477 966 2542 tica,
980 2478 1013 2530 ,p
1030 2473 1099 2530 ,imp
1111 2474 1253 2545 Mam-„en
1343 2518 1346 2522 ¹

42 2557 242 2620 rocnomen,
263 2542 428 2620 mattae,
443 2542 578 2606 sednon
592 2543 801 2623 hocnomen,
1229 2596 1232 2602 .

42 2648 232 2713 lucarius:
249 2650 305 2712 sed
323 2649 393 2713 hac
406 2650 472 2714 duo
485 2650 802 2733 eamdempluralita-
898 2651 990 2734 Resp.
1011 2653 1052 2717 ad
1070 2653 1210 2734 Argum.
1232 2651 1406 2717 Dicendum
1428 2654 1536 2735 quod,
1550 2654 1627 2737 quia

43 2773 95 2818 ,em
109 2755 287 2838 important
303 2778 311 2834 ς
329 2775 408 2838 ergo
421 2756 483 2820 hoc
494 2775 627 2834 nomen,
645 2757 801 2836 Trinitas,
856 2761 892 2823 in
903 2760 1022 2825 divinis
1044 2759 1201 2841 singulari
1218 2759 1313 2825 modo
1331 2766 1378 2824 est
1390 2778 1555 2840 numerus,
1571 2764 1629 2826 aci·

42 2862 57 2923 i
81 2862 256 2944 recipiatur
271 2864 305 2926 in
322 2864 449 2944 divinis,
464 2865 525 2928 hoc
538 2883 603 2928 non
617 2868 665 2928 est
680 2867 804 2930 ratione
856 2866 930 2931 licet
943 2885 985 2931 ex
997 2867 1198 2931 distinctione
1213 2869 1450 2950 suppositorum
1464 2885 1538 2932 cum
1557 2869 1627 2933 uni-

42 2969 245 3048 )luralitatis:
262 2989 341 3053 ergo
353 2971 415 3035 hoc
427 2989 561 3050 nomen,
581 2972 738 3052 llinitaa,
752 2973 804 3037 ul-
857 2977 1054 3055 tateformae,
1068 2975 1197 3057 speciali
1209 2975 1317 3040 debuit
1334 2975 1471 3058 exprimi
1485 2976 1625 3056 nomine,

45 3094 78 3139 ra
102 3077 338 3161 pluralitatem,
352 3078 474 3163 aliquid
496 3079 649 3164 importat
665 3101 673 3143 :
688 3085 721 3144 et
736 3099 802 3145 non
857 3084 944 3169 quod
961 3083 1057 3148 simul
1076 3084 1151 3147 dicit
1168 3082 1382 3166 pluralitatem
1407 3088 1439 3148 et
1459 3084 1625 3150 unitatem.

43 3184 90 3246 sui
105 3184 265 3250 unitatem
280 3206 289 3251 :
305 3205 394 3268 ergo,
410 3191 473 3251 ete.
858 3193 937 3270 Quia
944 3211 1023 3274 ergo
1034 3192 1221 3275 hujusmodi
1234 3193 1366 3258 nomina
1376 3194 1549 3277 important
1558 3196 1628 3278 plu-

67 3296 171 3375 ltem,
199 3298 236 3361 in
261 3299 377 3363 divinis
405 3300 557 3381 recipitur
579 3300 641 3365 hoc
662 3319 801 3381 nomen,
857 3301 1015 3364 ralitatem
1037 3305 1068 3363 et
1088 3299 1255 3379 unitatem,
1269 3300 1341 3364 ideo
1354 3302 1628 3367 suntsimiliano·

42 3404 168 3485 trinua,
184 3406 243 3470 sed
256 3424 321 3469 non
334 3408 487 3491 recipitur
499 3409 561 3473 hoc
576 3428 710 3489 nomen,
729 3411 802 3476 Tri-
858 3408 1000 3472 minibus
1013 3407 1194 3471 collectivis.
1210 3407 1270 3472 Sed
1284 3408 1361 3490 quia
1375 3409 1481 3473 unitas
1494 3410 1627 3476 collecti-

42 3511 120 3580 πίω
136 3530 206 3576 non
222 3514 309 3577 enim
332 3514 448 3580 dieitur
470 3515 553 3579 lleus
571 3517 707 3599 triplex,
723 3517 805 3581 sicut
858 3533 975 3580 vorum
987 3517 1034 3578 est
1046 3513 1153 3578 unitas
1163 3514 1413 3595 aggregationis,
1430 3534 1503 3597 quae
1517 3535 1628 3582 conse·
1728 3544 1730 3549 ⁴

42 3620 143 3683 licitur
176 3620 397 3703 multipliciter
429 3624 464 3685 in
490 3623 595 3686 littera
615 3645 623 3687 :
646 3626 700 3688 sed
725 3626 805 3689 fides
858 3623 969 3705 quitur
987 3621 1225 3704 pluralitatem,
1249 3621 1300 3685 hic
1320 3627 1429 3686 autem
1451 3627 1499 3687 est
1522 3624 1628 3687 unitas

43 3728 246 3791 ommuniter
267 3728 343 3792 dicit
360 3729 461 3792 Deum
474 3729 615 3794 uinum:
632 3731 733 3812 igitur
746 3724 803 3795 aliss
858 3727 990 3803 torma,
1014 3743 1087 3807 quae
1110 3743 1177 3788 non
1205 3728 1252 3789 est
1277 3725 1490 3808 pluralitatem
1513 3744 1628 3792 conse-

42 3832 101 3913 juid
122 3833 204 3898 dicit
226 3835 311 3899 ultra
330 3836 407 3913 hoc,
421 3836 508 3918 quod
529 3841 576 3900 cst
594 3837 733 3919 triplex:
750 3839 805 3902 sed
858 3852 975 3917 quens3
988 3832 1058 3896 ideo
1070 3835 1193 3896 nonest
1206 3831 1405 3898 collectivum
1417 3834 1625 3898 talenomen:

42 3957 91 4001 ron
104 3942 325 4023 pluralitatem
342 3966 349 4006 ε
365 3943 467 4023 igitur
484 3944 649 4008 unitatem.
858 3944 890 4002 et
901 3939 972 4002 ideo
983 3937 1059 4001 dicit
1072 3935 1223 4017 Magister
1235 3936 1321 4018 quod
1332 3940 1379 4000 est
1391 3936 1480 4018 quasi
1494 3937 1628 4002 collecti-

63 4046 146 4113 ltem
168 4049 324 4131 Magister
340 4050 415 4114 dicit
432 4069 551 4133 supra:
571 4051 740 4119 «Trinitas
758 4057 805 4117 est
860 4063 951 4109 vum·

43 4174 144 4219 omen
180 4157 274 4239 quasi
305 4159 506 4222 collectivum
531 4181 539 4222 ε
563 4180 579 4218 a
605 4160 660 4224 sed
684 4178 803 4225 nomen
898 4158 929 4216 t.
942 4151 981 4227 Et
993 4170 1050 4235 per
1059 4151 1121 4215 hoc
1130 4152 1215 4234 patet
1223 4150 1625 4234 primuminoontrarium.

42 4262 235 4327 olleotivum
253 4281 319 4327 non
339 4270 463 4329 tantum
477 4267 629 4348 importat
639 4267 803 4349 pluralita-
859 4259 1101 4325 Concedendum
1114 4277 1193 4340 ergo
1206 4259 1448 4342 quodimportal
1461 4261 1627 4343 pluralita-

42 4387 99 4448 em,
110 4371 173 4433 scd
188 4371 288 4434 etiam
299 4372 455 4436 unitatem
470 4397 477 4436 :
492 4391 582 4455 ergo,
599 4379 658 4438 ete.
858 4370 924 4430 tem
936 4368 969 4429 et
980 4365 1147 4429 unitatem.

61 4476 186 4541 Contra
200 4500 209 4541 ε
228 4483 258 4541 i.
273 4478 322 4542 Ex
331 4479 435 4543 trihus
449 4481 591 4562 personis
604 4481 685 4544 nihil
699 4499 804 4545 nnnm
898 4477 929 4535 ἢ.
944 4471 993 4536 Ad
1004 4471 1085 4535 illud
1098 4470 1184 4553 quod
1198 4471 1368 4554 objicitur:
1387 4495 1402 4533 a
1418 4470 1551 4537 Nullum
1565 4494 1628 4562 no-¹

45 4588 57 4646 t
74 4605 81 4647 :
98 4585 158 4649 sed
180 4604 224 4649 ex
245 4586 392 4669 pluribus
416 4589 595 4652 unitatibus
609 4587 722 4653 creatis
744 4587 802 4651 ali-
859 4598 934 4644 men
952 4580 1104 4661 importat
1124 4579 1221 4643 simul
1244 4580 1399 4644 unitatem
1412 4585 1444 4644 et
1464 4581 1627 4663 pluralita-

42 4701 99 4763 uid
123 4697 185 4775 ut,
208 4696 278 4761 sive
304 4698 437 4761 resultat
457 4716 466 4763 r
485 4716 564 4780 ergo
584 4715 739 4763 numerus
769 4699 804 4763 in
857 4693 942 4767 lemi
964 4687 1167 4751 »dicendum
1189 4686 1275 4769 quod
1295 4687 1357 4751 hoc
1372 4705 1488 4753 terum
1505 4694 1553 4754 est
1573 4708 1628 4754 ra·
1663 4744 1667 4755 .

42 4805 184 4872 reaturis
198 4804 314 4883 dietus,
327 4804 434 4887 potius
446 4805 540 4871 debet
550 4807 722 4887 importare
732 4806 804 4869 uni·
858 4796 943 4859 ti⁰ne
964 4794 1077 4858 form&
1100 4816 1107 4858 t
1128 4794 1182 4858 sed
1201 4812 1277 4857 cum
1290 4792 1330 4857 sil
1343 4812 1448 4858 unum
1466 4795 1625 4878 informa,

42 4917 132 4992 rtem,
149 4930 255 4994 quam
275 4912 309 4974 in
327 4912 469 4977 divinis:
485 4912 803 4977 sedcumdiciturin
858 4904 960 4985 polest
970 4902 1089 4965 habere
1102 4900 1315 4983 pluralitatem
1333 4903 1582 4984 suppositorum,
1597 4910 1629 4970 et

42 5020 184 5085 reaturis
196 5019 344 5082 binarius
356 5021 409 5083 vei
426 5021 588 5099 trinarius,
598 5021 643 5084 ita
653 5020 805 5103 importat
859 5009 921 5073 hoe
935 5026 1002 5071 non
1015 5012 1064 5072 est
1075 5007 1303 5072 inconveniens
1316 5008 1367 5072 vel
1381 5009 1585 5090 impossibile.

43 5145 229 5205 umerum,
244 5126 330 5208 quod
353 5146 411 5191 nec
436 5129 593 5192 unitatem
613 5146 622 5191 ε
641 5147 720 5209 ergo
745 5146 804 5193 nec
899 5121 928 5181 3.
944 5117 993 5182 Ad
1015 5116 1095 5181 illud
1114 5115 1200 5198 quod
1223 5116 1373 5198 objicitur
1386 5117 1426 5182 de
1441 5119 1625 5201 nugatione,

42 5256 82 5301 oe
104 5252 256 5313 nomen,
282 5237 438 5317 Trinitas,
454 5237 546 5302 debet
556 5239 591 5301 in
603 5239 721 5303 divinis
735 5241 802 5303 im·
858 5222 1030 5289 diffindunt
1048 5220 1154 5305 quod,
1179 5222 1262 5287 ⁸1⁰1st
1280 5222 1342 5287 11⁰⁰
1362 5224 1509 5304 verbum,
1537 5224 1625 5303 Cede,

42 5340 166 5400 ortam
860 5395 963 5456 lSent.‚
977 5393 1036 5443 diat.
1055 5404 1128 5457 xxiv,
1142 5396 1189 5444 art.
1205 5395 1233 5453 3,
1253 5407 1278 5457 q.
1292 5405 1311 5443 11
1318 5409 1327 5457 ;
1346 5393 1475 5447 Francisc.
1488 5395 1520 5447 de
1535 5397 1626 5461 ltayr„

52 5466 62 5500 ¹
74 5466 120 5529 cs.
134 5466 217 5516 Alex
226 5464 333 5529 alensis,
345 5478 371 5529 p.
382 5465 402 5528 t,
414 5479 441 5529 q.
451 5476 512 5530 axv,
524 5465 618 5516 rrerub,
629 5469 644 5515 2
652 5480 661 5529 3
675 5465 804 5530 tlichard,
862 5470 869 5517 l
884 5468 963 5529 oenc,
978 5466 1037 5517 dist.
1048 5477 1111 5519 xxiv
1125 5468 1151 5517 et
1163 5477 1225 5531 xxv,
1239 5479 1265 5531 q.
1279 5477 1315 5516 rr.
