4100 6300
357 479 376 525 n
834 459 884 524 DE
906 455 1078 524 SCRIPTIS
1100 454 1132 522 S.
1155 453 1475 521 BONAVENTURAE.

398 674 450 739 lll.
468 674 615 779 Epistola
631 674 772 755 easdem
788 674 832 741 acl
847 675 997 741 Abbatern
1010 676 1046 739 Β.
1063 675 1177 739 Maria
1189 673 1356 739 Berensis.
1375 673 1441 737 luc.
1462 672 1651 739 Venerabili
1663 678 1693 739 et
1707 673 1867 755 Reliaiaso
1879 677 1941 742 Viro

439 782 567 848 domino
580 783 702 859 Abbati,
720 786 779 846 etc.
798 784 959 849 balearia
977 784 1075 847 anullo
1092 781 1361 860 desiderantem.

398 943 488 1008 Hauc
508 945 656 1009 omnium
676 945 772 1027 primi
786 945 910 1009 edidere
930 944 992 1008 viri
1013 942 1246 1026 praeclarissimi
1265 942 1300 1005 o.
1322 942 1509 1008 Edmundus
1530 943 1687 1023 Matiene,
1703 949 1736 1008 et
1760 943 1792 1006 [l.
1821 942 1942 1007 Ursinus

358 1051 487 1116 Duraud
498 1050 677 1135 Presbyteri
688 1057 720 1115 et
732 1052 879 1117 Monacbi
891 1072 909 1116 e
921 1051 1175 1133 congregatione
1190 1049 1222 1113 S.
1239 1048 1353 1129 Mauri,
1369 1051 1403 1114 iu
1419 1051 1575 1117 Thesauro
1597 1051 1828 1117 Anecdatarnm
1842 1056 1865 1113 ¹.
1883 1048 1943 1113 Nou

358 1163 421 1235 est,
444 1177 502 1222 cur
515 1177 586 1223 eam
599 1159 634 1223 in
647 1159 862 1241 suspicionem
875 1177 1038 1235 vocemus,
1052 1157 1230 1241 prasertim
1251 1174 1326 1221 cum
1340 1175 1380 1221 ex
1393 1158 1526 1240 antiquo
1540 1158 1651 1223 Codice
1669 1157 1759 1222 illam
1782 1158 1944 1240 depromp

357 1262 467 1325 senui.

1101 1478 1122 1568 ξ
1145 1477 1205 1548 lv.

780 1673 828 1741 Da
843 1673 933 1741 veris
946 1672 983 1742 in
997 1672 1033 1742 S.
1050 1672 1254 1767 Scripturam
1266 1675 1528 1745 Commentariis.

399 1869 423 1934 l.
440 1872 480 1936 ln
494 1869 611 1937 liliam
625 1871 814 1952 Sapientia.
829 1870 897 1934 lue.
910 1871 1042 1954 metelle
1055 1872 1175 1951 lunen,
1189 1878 1248 1937 ete.
1266 1874 1424 1947 aeonium
1438 1872 1546 1944 eadem
1555 1873 1648 1940 maer
1661 1890 1712 1940 res
1727 1875 1881 1955 sannam
1892 1880 1945 1940 etc.

397 2033 542 2098 Meminit
554 2031 747 2097 Ptolomaeus
759 2032 934 2098 Lucensis¹
949 2054 958 2096 ε
974 2035 1160 2101 Pastillanii
1178 2036 1274 2103 librae
1290 2037 1488 2115 Solomonia,
1505 2042 1564 2102 etc.
1587 2037 1692 2120 Atque
1706 2037 1805 2102 etiam
1820 2057 1864 2102 ex
1875 2056 1943 2102 ora·

357 2139 454 2205 tionis
466 2140 596 2218 ordine,
611 2140 713 2223 stylo,
728 2144 761 2205 ct
781 2141 980 2221 charactere,
1003 2141 1078 2206 licet
1096 2146 1330 2225 propemodum
1354 2146 1523 2227 colligere,
1547 2143 1783 2210 bonaventurae
1806 2146 1871 2210 hoc
1887 2164 1945 2211 esse

357 2248 538 2330 genuinum
553 2247 651 2330 Opus.

396 2354 481 2420 Vidit
494 2354 599 2419 lucem
612 2354 751 2420 Venetiis
772 2355 806 2418 iu
824 2355 947 2420 aedibus
966 2355 1122 2421 Francisci
1144 2356 1296 2440 Saluiam,
1318 2361 1400 2439 ind,
1416 2360 1575 2426 industria
1590 2359 1644 2424 Fr.
1669 2359 1803 2425 loannis
1823 2359 1947 2439 Baleini,

356 2461 525 2543 Minoritra
537 2481 590 2527 an.
605 2466 694 2527 ibin.

526 2734 564 2797 ll.
574 2736 615 2799 ln
629 2734 885 2800 Lamentationes
900 2733 1070 2799 Hieremia
1084 2734 1257 2817 Propheta.
1274 2735 1339 2800 lnc.
1361 2736 1494 2818 Tempus
1503 2736 1691 2819 panaenus,
1708 2742 1770 2803 etc.

400 2922 589 3006 Quanquam
609 2941 704 2987 nemo
717 2923 786 2988 site
804 2923 954 3003 vetustis,
968 2924 1024 3005 qui
1037 2922 1234 3004 Opusculum
1247 2923 1331 2988 istud
1343 2924 1429 2989 inter
1441 2922 1676 2990 Bonaveuturae
1694 2924 1799 3008 Opera
1815 2925 1947 3002 collocat,

359 3049 434 3095 eum
447 3035 556 3095 tamen
568 3032 719 3095 orationis
733 3033 898 3113 majestas,
915 3018 1076 3112 gravitas,
1098 3034 1130 3095 et
1142 3032 1235 3111 ratio,
1251 3032 1362 3096 eadem
1384 3032 1648 3113 nobisvideatur,
1662 3032 1767 3098 acilia
1783 3031 1947 3099 Bonaveu·

358 3141 452 3216 tura,
465 3139 542 3203 hinc
552 3158 619 3203 non
631 3140 788 3205 audemus
798 3137 879 3203 illud
892 3157 934 3203 ex
947 3138 1018 3221 ejus
1030 3137 1181 3221 Catalogo
1195 3157 1396 3223 expungere,
1412 3144 1444 3204 ct
1456 3140 1497 3205 ad
1510 3139 1713 3224 supposititia
1724 3141 1885 3223 relegare.

398 3245 465 3311 Hoc
476 3246 553 3311 item
572 3248 768 3330 opusculum
782 3246 898 3330 prodiit
916 3244 1056 3311 venetiis
1068 3265 1109 3310 cx
1124 3246 1251 3311 officina
1264 3246 1423 3311 Francisci
1436 3246 1578 3313 Saluiam
1590 3266 1643 3312 an.
1662 3251 1742 3311 atri
1756 3249 1844 3313 in-l.

979 3568 1130 3641 SESTIO
1152 3570 1339 3640 ALTERA.

822 3767 862 3812 DE
884 3763 1020 3813 masuris
1043 3765 1071 3812 S.
1095 3765 1325 3812 BONAVENTURAE
1346 3764 1488 3812 smmis.

1128 3941 1198 4032 gr.

924 4113 1156 4183 Discutiuniur
1181 4108 1392 4200 Theologica.

468 4309 492 4376 Ι.
508 4312 553 4377 lle
567 4309 751 4378 saltatione
763 4312 893 4377 Artium
911 4311 956 4377 ud
977 4311 1188 4394 Ttealapian.
1205 4308 1320 4393 Incipit
1335 4332 1342 4372 :
1369 4308 1591 4377 menolatum
1604 4312 1849 4392 apamaenum.

400 4472 436 4537 ln
449 4472 548 4556 hujus
563 4472 712 4555 Opusculi
726 4472 913 4537 stabiliendo
927 4473 1077 4550 Auctore,
1091 4471 1193 4552 nobis,
1208 4475 1245 4535 ut
1256 4472 1359 4549 aiunt,
1371 4471 1473 4537 baeret
1482 4491 1577 4556 aqua.
1593 4471 1660 4538 Hoc
1671 4478 1710 4538 ut
1719 4472 1943 4539 &neroniana

357 4581 549 4659 tribuamus,
562 4577 729 4643 Trithemii
743 4579 854 4643 suadet
868 4577 1045 4658 indiculum
1062 4580 1096 4642 id
1108 4585 1145 4643 ut
1156 4580 1186 4642 ei
1196 4579 1427 4662 abjudicemus,
1442 4581 1577 4663 simplex
1587 4580 1837 4663 inconditosque
1847 4581 1945 4645 mouet

357 4707 474 4753 sermo.
485 4689 631 4752 Alterum
644 4685 738 4750 nobis
751 4686 890 4769 suppetit
903 4691 1147 4769 argumentum,
1162 4687 1248 4768 quod
1257 4691 1324 4750 esto
1337 4687 1372 4749 in
1384 4705 1503 4767 genere
1512 4687 1573 4752 isto
1587 4688 1876 4754 demonstrativum
1887 4703 1943 4751 nou

358 4796 409 4872 sit,
420 4815 479 4860 sua
491 4801 599 4860 aman
612 4794 646 4859 vi
660 4811 768 4857 carere
781 4811 848 4857 nou
860 4794 998 4858 videtur.
1010 4795 1091 4858 Cum
1100 4793 1219 4858 Auctor
1233 4793 1295 4857 sibi
1305 4794 1452 4876 proponit
1464 4795 1573 4871 duces,
1586 4797 1712 4876 quasin
1724 4796 1787 4860 hae
1796 4793 1945 4878 opusculo

359 4903 554 4968 contexendo
568 4901 659 4984 sequi
672 4901 805 4980 debeat;
820 4901 925 4965 studio
940 4902 1082 4984 partium
1094 4901 1184 4966 velut
1204 4901 1369 4983 abreptus,
1387 4901 1529 4965 melioris
1546 4907 1630 4968 notae
1649 4901 1759 4967 Patres
1770 4901 1942 4984 posthabet,

358 5015 396 5075 ut
408 5009 555 5091 Hugonis
567 5008 709 5090 perinde,
726 5026 763 5071 aa
782 5007 928 5071 llichardi
947 5028 966 5072 a
980 5008 1013 5072 S.
1028 5007 1154 5073 Victore
1169 5009 1314 5090 vestigiis
1327 5008 1461 5073 insistat.
1485 5009 1630 5088 «Sacra,
1647 5009 1772 5092 inquit,
1789 5009 1944 5091 Scriptura

358 5117 428 5182 haeo
443 5117 505 5180 tria
515 5116 616 5192 docet,
630 5114 748 5179 scilicet
762 5114 878 5179 Christi
891 5119 1046 5180 aternam
1059 5116 1310 5197 generationem,
1325 5121 1358 5180 et
1371 5116 1638 5197 incarnationem,
1651 5115 1783 5181 vivendi
1795 5116 1941 5187 ordinem,

359 5230 391 5288 et
410 5223 464 5288 Dei
488 5227 519 5287 et
535 5222 652 5286 animae
672 5222 865 5286 unionem...
889 5222 1037 5288 Primum
1056 5223 1198 5287 maxime
1219 5222 1309 5287 docet
1327 5223 1548 5306 Augrrstinus3
1573 5224 1748 5289 secuudum
1768 5223 1859 5290 docet
1877 5220 1943 5285 Gre-

391 5389 484 5438 ¹i'am.
497 5386 506 5434 l
514 5423 523 5450 ‚
537 5383 630 5448 Paris,
645 5386 714 5448 llll,
728 5383 754 5433 in
768 5383 909 5434 Miscelluu.
922 5385 1005 5450 Epist.
1019 5389 1045 5434 et
1057 5384 1208 5450 Dr'plamat.,
1221 5385 1271 5436 ool.
1283 5387 1354 5436 1138.

389 5459 440 5509 ’lu
452 5458 520 5508 illst.
531 5454 617 5506 eccas.
628 5454 683 5519 jam
697 5454 759 5505 alius
771 5455 882 5518 madata,
896 5469 921 5507 c.
931 5468 1010 5510 mli.
