4100 6300
405 406 466 468 336
788 453 795 470 ,
976 400 1289 469 SENTENTIARUM
1310 400 1384 467 Llll.
1405 401 1432 467 l.

403 535 679 614 communicabile,
687 536 749 603 alio
755 536 1172 620 incommunicabilezergo,
1228 537 1364 602 cessario
1385 537 1479 620 ponit
1498 537 1768 604 convenientiam
1785 541 1817 603 et
1834 538 1964 607 disin&

404 665 479 713 cum
491 646 754 713 communicabile
768 646 807 711 sit
817 647 938 713 ratione
955 650 1025 731 ejm
1040 651 1171 730 quaest,
1229 661 1316 708 nem.
1332 643 1371 708 Et
1388 645 1465 727 quia
1486 645 1718 712 convenientia
1737 663 1810 709 non
1825 649 1868 709 est
1883 648 1965 713 imin

403 754 703 820 incommunicabile
713 754 835 818 ratione
844 756 914 837 elus
925 754 1013 837 quod
1025 758 1083 833 est,
1093 771 1173 834 ergo
1226 752 1485 816 communicabili
1507 752 1659 836 pluribus
1683 758 1720 818 et
1741 756 1910 834 communi,
1924 757 1966 820 is

403 881 468 946 quo
484 866 531 927 est
543 864 576 927 et
587 862 674 946 quod
687 862 781 926 estin
794 862 911 929 divinis
922 867 1001 927 sunt
1014 880 1071 945 per
1085 862 1174 926 dilie-
1227 858 1338 923 tinctio
1354 863 1461 924 autem
1476 878 1543 925 non
1564 864 1613 925 est
1634 861 1700 925 nisi
1716 861 1755 924 in
1770 860 1967 944 propriae}

402 970 558 1035 rentiam:
571 969 696 1034 sednhi
709 969 780 1033 haec
790 973 866 1033 suut
879 986 935 1051 per
947 967 1171 1046 differentiam,
1226 967 1504 1044 communicabili,
1519 967 1702 1032 necessario
1724 968 1763 1031 in
1781 967 1967 1051 divinispni—

403 1076 448 1139 ibi
463 1081 510 1141 est
521 1076 713 1156 universale,
734 1079 767 1141 et
779 1075 988 1160 particulare:
1005 1093 1096 1156 ergo,
1111 1080 1171 1141 etc.
1226 1075 1280 1137 tur
1294 1074 1377 1138 ratio
1390 1075 1573 1139 communis
1585 1079 1618 1140 et
1632 1075 1777 1159 proprii,
1793 1078 1967 1141 commmis

444 1188 475 1251 t.
493 1185 584 1266 ltem,
604 1190 724 1269 quanto
744 1184 864 1269 aliquid
879 1183 1065 1267 simplicius,
1084 1189 1173 1249 tento
1226 1180 1299 1243 bilis
1312 1186 1344 1245 et
1355 1181 1680 1246 incommunicabilis.
1695 1181 1763 1247 Sed
1774 1181 1966 1248 camisilae

404 1292 636 1358 universalius:
652 1292 707 1357 sed
720 1292 829 1356 divina
843 1290 979 1356 essentia
994 1294 1041 1355 est
1053 1290 1175 1375 simpli·
1226 1286 1260 1349 in
1272 1289 1427 1351 creaturis
1440 1288 1481 1353 sit
1494 1288 1655 1354 distinctio
1669 1289 1964 1372 suppositoruma'i

405 1399 550 1465 sissima:
566 1417 644 1482 ergo
662 1399 707 1464 ibi
721 1402 770 1464 est
786 1398 929 1463 maxima
943 1397 1023 1462 ratio
1042 1398 1175 1463 univer·
1227 1396 1276 1458 ter
1292 1399 1338 1459 est
1356 1395 1390 1459 in
1405 1394 1468 1460 ileo
1488 1414 1586 1479 quam
1601 1396 1638 1459 in
1656 1396 1835 1460 crentur-is.
1850 1394 1966 1460 Dimum

407 1506 494 1572 selis.
1231 1501 1318 1566 enim
1328 1503 1566 1586 suppositorum
1577 1504 1964 1586 majorestquamdffl

326 1626 354 1657 ¹¹³
371 1625 392 1657 ⁸·
446 1613 581 1680 Contra:
596 1612 741 1684 Boetius¹
759 1613 833 1680 dicit
853 1614 939 1698 quod
954 1631 1013 1679 nec
1031 1617 1077 1679 est
1097 1613 1174 1679 uni-
1227 1608 1272 1672 tio
1299 1609 1509 1674 accidentalis.
1536 1609 1625 1675 Unde
1649 1611 1811 1694 quamvis
1837 1611 1967 1675 inum

285 1686 335 1718 Μ
405 1720 538 1801 versele,
553 1721 824 1805 necparticulare.
1228 1734 1285 1800 per
1299 1716 1483 1795 accidentia,
1492 1721 1601 1781 mmen
1614 1735 1683 1781 non
1694 1718 1735 1780 lit
1749 1717 1967 1800 persertim

319 1893 323 1898 ,
445 1828 541 1906 llam,
564 1828 626 1893 hoc
647 1828 754 1912 ipsum
778 1829 906 1894 videtur
934 1829 1074 1909 ratione,
1099 1828 1176 1912 quia
1228 1823 1454 1888 Aecidentihus
1488 1823 1577 1888 enim
1602 1822 1882 1906 circumscriptis,
1900 1823 1971 1888 runc

405 1935 601 2019 ubicumque
614 1937 864 2017 estuniversale,
880 1937 925 2001 ibi
938 1941 1060 2002 estune
1073 1937 1176 2001 forma
1228 1935 1277 1995 est
1304 1930 1485 2014 intelligere
1514 1932 1682 2015 supposita
1708 1933 1860 2013 differre
1881 1938 1971 1998 απ
2021 2019 2022 2030 ¹

405 2043 664 2126 multiplicabilis,
677 2041 730 2108 vel
739 2043 967 2126 multiplicata3
980 2043 1017 2107 in
1025 2046 1119 2126 cujus
1129 2042 1176 2108 rei
1228 2058 1297 2104 non
1309 2039 1366 2103 liat
1378 2058 1436 2123 per
1445 2041 1620 2105 accidentia
1632 2041 1972 2124 consequenmpafl

404 2150 547 2233 signum,
562 2169 658 2217 omne
669 2150 756 2234 quod
768 2151 928 2232 significet
937 2150 1173 2228 universaliter,
1229 2147 1316 2230 quod
1328 2148 1386 2212 flat
1402 2148 1442 2212 ab
1457 2148 1584 2230 origine
1596 2147 1650 2214 vel
1663 2149 1825 2231 originali
1840 2148 1972 2232 punem

403 2261 506 2341 polest
528 2257 600 2323 addi
626 2258 716 2323 omni
736 2257 954 2324 universali¹:
976 2257 1032 2322 sed
1053 2258 1089 2321 in
1113 2257 1176 2322 lleo
1228 2254 1278 2318 Ab
1292 2255 1417 2338 origine
1432 2261 1490 2337 est,
1504 2256 1633 2340 quanm
1646 2274 1758 2321 unum
1778 2256 1886 2321 differt
1902 2255 1972 2320 alt·

405 2382 471 2429 non
484 2369 611 2431 esium
624 2367 737 2444 torma,
750 2366 802 2431 vel
816 2370 934 2431 natura
949 2365 1177 2449 multiplicahi-
1229 2365 1318 2442 tero,
1332 2362 1410 2446 quia
1430 2368 1558 2428 emanat
1578 2364 1619 2428 ab
1643 2381 1704 2444 eo;
1727 2364 1819 2428 idem
1832 2364 1972 2428 enimes

403 2470 454 2551 lis,
467 2490 527 2536 nec
540 2472 758 2556 multiplicate,
769 2492 828 2537 nec
841 2472 954 2556 recipit
962 2472 1096 2554 signum
1107 2471 1177 2535 uni·
1230 2483 1379 2534 emanare
1398 2489 1464 2535 non
1483 2474 1586 2554 potest
1600 2488 1610 2535 z
1624 2471 1698 2534 talis
1711 2470 1876 2535 distinctio
1886 2489 1972 2553 mppr

313 2639 317 2644 .
406 2580 540 2661 versele,
555 2579 936 2645 utdicaturomnislleus
950 2601 957 2642 :
972 2582 1136 2661 erg0,etc.
1230 2576 1365 2639 sitorum
1376 2576 1568 2654 estinlleo,
1585 2578 1641 2642 sed
1660 2577 1725 2642 hoc
1743 2581 1972 2661 nonpctmes

446 2686 540 2766 ltem,
562 2687 620 2752 ubi
641 2693 689 2752 est
707 2686 906 2770 particulare,
931 2686 975 2750 ibi
993 2691 1041 2751 est
1060 2687 1175 2765 forma,
1230 2681 1265 2746 in
1277 2689 1433 2760 creature,
1446 2683 1738 2749 seilicetdislinctio
1752 2684 1862 2749 solnm
1873 2684 1973 2768 parcre

405 2792 458 2860 vel
476 2796 603 2873 natura,
621 2798 659 2858 ut
679 2793 732 2858 hic
749 2797 782 2857 et
799 2812 887 2858 nune
898 2777 913 2858 :¹
924 2794 978 2858 sed
995 2792 1105 2858 divina
1122 2813 1178 2859 na·
1230 2790 1342 2871 gisem
1357 2812 1364 2853 :
1380 2808 1456 2854 nam
1468 2789 1558 2854 nmla
1569 2795 1719 2854 creatura
1734 2794 1843 2873 potest
1855 2790 1933 2855 anes
1941 2796 1970 2852 t>

406 2904 491 2980 tura,
510 2899 631 2965 sivein
651 2919 696 2981 se,
717 2900 837 2966 sivein
857 2900 1091 2984 hypostasibus,
1110 2919 1178 2967 non
1230 2902 1298 2961 tam
1317 2915 1409 2961 suam
1432 2897 1601 2962 essenfiam
1620 2897 1709 2962 dere.
1729 2897 1971 2981 Siergotatps·

406 3011 454 3072 est
464 3006 519 3072 hic
532 3010 564 3071 et
574 3025 673 3086 nunc,
688 3008 743 3073 sed
758 3025 883 3089 semper
896 3012 927 3071 et
939 3007 1060 3089 ubique
1073 3029 1081 3071 ε
1098 3026 1177 3089 ergo
1230 3013 1308 3088 tem,
1323 3028 1450 3075 neeesse
1462 3011 1609 3095 estquod
1622 3010 1685 3075 alia
1703 3010 1886 3075 differentia
1899 3010 1931 3073 sit
1944 3009 1972 3071 ii

406 3131 466 3180 nee
484 3115 518 3178 in
535 3131 580 3193 se,
596 3114 703 3181 necin
723 3114 947 3198 hypostasibus
959 3117 1006 3179 est
1018 3113 1064 3178 ibi
1077 3114 1177 3197 parti-
1231 3136 1330 3201 quam
1354 3118 1516 3200 originis:
1537 3122 1570 3185 et
1594 3117 1667 3183 ideo
1689 3122 1741 3183 est
1765 3114 1971 3183 muamus

406 3223 525 3289 culere.
1230 3225 1382 3307 originali
1408 3226 1577 3310 principio.
1614 3224 1692 3290 llaec
1728 3230 1843 3290 autem
1869 3242 1925 3288 nm
1942 3227 1971 3285 ct

446 3332 542 3412 ltem,
561 3333 617 3398 ubi
640 3337 687 3398 est
709 3333 899 3417 particulare
923 3337 955 3397 et
976 3331 1175 3411 universale,
1229 3333 1334 3398 torma
1346 3334 1382 3397 in
1400 3353 1445 3414 se,
1463 3334 1540 3417 quia
1556 3333 1632 3399 dicit
1644 3332 1969 3409 communicabilem

406 3441 585 3507 universale
610 3447 658 3507 est
677 3441 852 3525 simplicius
871 3440 1078 3525 particulari:
1098 3458 1177 3522 ergo
1230 3441 1365 3506 materie
1377 3441 1413 3505 in
1424 3460 1470 3518 se,
1486 3441 1563 3525 quia
1573 3441 1649 3505 dicit
1662 3440 1744 3524 quid
1758 3439 1967 3504 indistinctus:

407 3564 483 3611 eum
494 3548 529 3612 in
541 3547 605 3614 lieo
614 3567 681 3615 non
692 3549 732 3614 sit
744 3549 916 3633 simplicior
925 3548 1069 3626 essentia,
1079 3566 1177 3631 quem
1231 3566 1311 3630 ergo
1326 3548 1388 3613 hoe
1409 3549 1483 3613 iacit
1495 3549 1598 3612 torma
1610 3551 1647 3611 ut
1659 3548 1843 3613 adveniens
1852 3546 1967 3612 mnia

407 3672 554 3738 persona,
577 3656 654 3739 qnia
674 3656 708 3720 in
727 3675 864 3740 persona
884 3655 1012 3721 nullum
1033 3659 1081 3720 est
1098 3654 1178 3718 acci·
1232 3655 1313 3733 Quia
1332 3656 1419 3720 enim
1441 3654 1614 3720 adveniens
1635 3655 1781 3719 materiae
1799 3655 1907 3738 accipit
1919 3670 1967 3736 par

408 3763 501 3842 dens,
534 3763 662 3828 nullum
696 3764 890 3848 principium
921 3763 1175 3844 constitutivum,
1231 3769 1316 3843 tem,
1330 3781 1398 3827 non
1416 3761 1603 3840 materiam,
1622 3760 1699 3824 hinc
1720 3765 1770 3825 est
1795 3761 1882 3844 quod
1898 3761 1967 3843 ipffl

407 3888 497 3952 ergo,
512 3876 571 3935 etc.
1231 3870 1419 3953 distinguit,
1433 3874 1466 3935 et
1478 3869 1582 3952 ipsam
1602 3868 1845 3950 ceunguenno,
1860 3867 1966 3933 miili

447 3976 539 4058 ltem,
554 3978 660 4044 omnis
668 3983 794 4060 natura,
808 3979 844 4043 in
856 3997 922 4063 qua
934 3982 982 4043 est
994 3977 1177 4044 universale
1231 3982 1372 4063 partem,
1396 3981 1428 4043 et
1440 3977 1608 4056 limitatur,
1631 3981 1663 4041 el
1681 3978 1719 4041 lit
1731 3977 1832 4042 hicet
1843 3995 1932 4053 mna,
1946 3980 1965 4036 a

407 4088 439 4149 et
458 4085 662 4168 particulare,
684 4086 783 4153 estin
803 4103 922 4169 genere
943 4084 1174 4151 determinato:
1231 4104 1335 4151 unum
1362 4102 1518 4163 numero,
1547 4088 1580 4147 et
1613 4082 1817 4165 particulam
1845 4082 1964 4161 Ouonun

406 4195 438 4257 et
448 4192 555 4257 omnis
567 4193 638 4257 talis
650 4198 697 4258 est
708 4193 860 4259 limitata:
880 4212 958 4276 ergo
976 4211 1051 4257 cum
1069 4192 1178 4258 divina
1231 4210 1311 4273 ergo
1323 4191 1358 4255 in
1373 4190 1491 4257 divinis
1504 4207 1569 4254 nou
1580 4193 1629 4253 est
1639 4189 1760 4254 additio
1770 4190 1811 4255 ad
1822 4189 1964 4255 materici.

406 4303 522 4365 nature
536 4300 577 4365 sit
589 4299 725 4382 infinita,
737 4306 833 4385 patet,
848 4305 908 4366 etc.
1231 4298 1414 4362 nectrectio
1430 4296 1470 4361 ed
1490 4301 1627 4379 pmtem,
1644 4296 1717 4361 ideo
1730 4315 1797 4363 non
1815 4296 1964 4363 aeditui

1232 4406 1317 4473 vinis
1330 4405 1522 4485 universale,
1535 4404 1588 4469 vel
1601 4403 1803 4487 perticulam,
1812 4405 1966 4469 emtus}

660 4550 917 4620 CONGLUSIO·
1231 4513 1313 4579 (luni
1325 4514 1463 4579 rationes
1476 4512 1588 4577 adhoc
1603 4511 1744 4576 induciet
1756 4512 1791 4576 in
1802 4508 1964 4595 ΨΜ

1273 4627 1304 4686 l.
1319 4622 1368 4687 Ad
1384 4621 1464 4687 illud
1477 4639 1556 4702 ergo
1574 4620 1663 4702 quod
1680 4621 1784 4703 primo
1801 4616 1964 4704 objin'tnrtr

409 4712 567 4772 Universole
586 4714 630 4772 cel
648 4716 819 4788 particulare
837 4731 892 4773 noa
912 4715 987 4774 cadit
1003 4719 1036 4773 in
1054 4715 1177 4782 ἀεείείε,
1233 4729 1426 4794 nmmo
1452 4726 1623 4794 djoendum
1638 4726 1725 4809 quod
1736 4722 1964 4811 imm&-

440 4806 507 4877 aaa
520 4820 576 4862 non
585 4808 628 4862 esc
637 4804 744 4862 aucte
758 4803 796 4861 aa
806 4809 959 4874 morosam,
974 4821 1022 4863 nec
1034 4807 1132 4863 aare
1142 4803 1180 4861 aa
1232 4842 1287 4902 tur
1299 4778 1489 4920 puucuiare
1502 4851 1561 4918 pro
1576 4833 1874 4899 mmmmm

436 4898 559 4968 ΡΜ·
1272 4940 1961 5026 a.aoinuuqu0d0b5ietur,quodunre

445 5054 539 5140 llesp.
554 5056 595 5123 ad
611 5057 693 5139 Arg.
703 5056 986 5141 Adpraedictcrum
998 5055 1179 5139 intelligen·
1233 5052 1298 5119 sale
1308 5051 1453 5135 estquod
1466 5050 1710 5135 praedicaturus
1720 5050 1871 5135 pluribus3
1882 5048 1961 5111 ὤεα·

405 5162 485 5228 tiam
498 5166 546 5228 est
562 5164 758 5246 notandum,
774 5164 860 5248 quod
876 5183 951 5229 cum
970 5165 1050 5229 fides
1070 5166 1179 5228 nostra
1234 5160 1313 5227 rium
1334 5159 1422 5242 quod
1445 5158 1506 5223 ista
1528 5162 1577 5223 est
1599 5159 1683 5225 ratio
1709 5152 1958 5223 eommuninffit

405 5273 506 5353 ponat
516 5267 704 5335 Trinitatem
716 5273 748 5336 et
761 5268 920 5336 Unitatem
934 5271 969 5334 in
982 5270 1111 5352 divinis,
1124 5288 1180 5335 ue·
1233 5266 1422 5334 universalis
1446 5270 1557 5332 autem
1583 5285 1652 5332 non
1673 5270 1721 5332 est
1744 5265 1801 5331 nisi
1818 5258 1959 5329 mmuh

439 5394 585 5460 ¹eoet.,ae
600 5395 886 5464 reere.-¹arnc,ce
900 5397 1019 5464 recep,
1033 5396 1101 5462 nur,
1116 5407 1175 5450 ev.
1234 5377 1320 5461 quod
1339 5375 1465 5443 matter
1484 5374 1679 5460 intelligitur
1706 5365 1957 5458 mulfipintmil
