4100 6300
445 544 541 611 ntss.
563 545 642 613 utu.
666 545 782 612 PART.
805 545 829 612 1.
852 545 942 611 ΛΒΤ.
964 544 990 610 Ι.
1012 543 1162 623 Quasi.
1186 545 1236 611 lv.
1568 549 1624 609 331

59 677 133 758 talis,
147 676 318 742 secundum
338 678 423 761 quod
435 679 510 744 dicit
521 679 677 763 Hilarius,
693 685 725 746 ει
738 680 806 746 lla-
859 680 921 745 hoc
932 680 1018 764 quod
1032 684 1080 745 εει
1093 698 1160 746 εεεε
1172 681 1206 744 in
1220 679 1329 759 Patre,
1344 678 1514 745 dicendum
1527 678 1626 762 quod,

59 788 145 871 gister
156 783 273 848 inducit
284 784 318 849 in
330 784 444 851 littera.
858 787 941 853 sicut
954 787 1054 852 sancti
1069 788 1228 864 innuunt,
1243 786 1326 851 sicut
1338 784 1460 868 aequde
1473 785 1548 849 dicit
1559 802 1627 848 res-

37 875 46 968 ‚⁰
91 889 257 957 tddillud
266 909 344 974 ergo
353 892 438 975 quod
449 893 607 977 obJ'icItur,
620 896 704 980 quod
714 894 806 961 Pater
860 899 988 976 pactum
1004 895 1182 959 secundum
1197 894 1353 958 unitatem
1374 887 1576 975 quantitatis,
1595 896 1627 956 et

56 1008 96 1065 est
107 998 235 1075 quilio,
250 1003 281 1062 ει
292 998 390 1064 Filius
403 1001 438 1064 in
450 999 552 1082 Patre,
568 1020 646 1084 ergo
658 1001 750 1066 Pater
758 1007 806 1067 est
859 1000 961 1065 simile
981 1000 1158 1066 secundum
1171 1000 1328 1066 unitatem
1340 998 1519 1082 qualitatis,
1540 997 1627 1061 simi·

54 1109 85 1172 in
107 1125 152 1187 se;
176 1105 285 1171 dicunt
308 1107 438 1189 quidam
463 1109 548 1191 quod
574 1113 805 1192 argumentum
858 1107 1107 1191 literhoequod
1126 1111 1260 1171 estesse
1282 1107 1317 1170 in
1336 1104 1427 1169 Patre
1451 1103 1627 1169 secundum

51 1213 205 1291 convalet,
218 1212 294 1295 quia
306 1216 449 1278 mutatur
458 1214 611 1281 habitudo
624 1218 706 1299 eius,
719 1218 804 1300 quod
858 1214 1013 1278 unitatem
1038 1214 1234 1278 substantiae.
1262 1211 1370 1291 Unde,
1396 1211 1477 1275 sieut
1503 1209 1626 1292 aequala

51 1327 92 1388 est
108 1324 159 1400 in3
176 1320 251 1404 quia
263 1321 299 1385 in
312 1339 378 1386 uno
391 1322 466 1387 dicit
475 1322 698 1389 habitudinem
715 1326 804 1406 prin-
858 1321 955 1385 simul
967 1320 1119 1403 importat
1135 1318 1346 1383 substantiam
1366 1335 1441 1382 cum
1457 1316 1625 1392 relatione,

49 1428 145 1513 cipiati
156 1427 193 1492 ad
206 1428 417 1512 principium,
432 1431 466 1494 in
483 1431 543 1496 alia
555 1435 663 1497 antem
677 1432 803 1497 habitu-
857 1427 940 1491 sicut
953 1427 1072 1510 patebit
1081 1427 1172 1498 inira,
1187 1426 1271 1489 itaet
1281 1424 1435 1507 hocquod
1445 1428 1564 1491 estesse
1575 1426 1625 1490 in.

37 1538 147 1601 dinem
171 1535 319 1619 principii
346 1536 387 1601 ad
417 1538 654 1621 principiatnm.
684 1539 805 1602 Tamen
858 1534 897 1599 Et
909 1535 990 1598 sicut
1001 1534 1079 1610 hoc,
1094 1533 1179 1617 quod
1190 1536 1237 1596 est
1249 1530 1384 1614 (εᾳιιαιιε
1401 1533 1504 1609 Patri,
1520 1536 1626 1595 arcta-

37 1637 119 1708 'illud
132 1661 195 1706 non
207 1649 331 1725 oportet
343 1644 457 1724 dicere,
474 1645 560 1727 quia,
575 1646 656 1710 sicut
663 1647 733 1728 jam
747 1664 804 1729 pa·
857 1645 911 1706 tur
924 1642 964 1705 ad
980 1641 1129 1706 standum
1151 1659 1209 1724 pro
1227 1639 1297 1703 aliis
1314 1638 1477 1722 personis,
1492 1639 1536 1703 ita
1549 1643 1580 1703 ει
1593 1638 1628 1703 in

47 1751 132 1829 tebit,
154 1750 190 1816 in
210 1768 276 1814 non
298 1749 372 1815 dicit
395 1751 554 1816 diversam
571 1751 802 1817 habitudinem.
857 1748 1019 1832 proposito
1039 1748 1293 1830 intelligendum.

47 1857 104 1920 Nec
117 1862 220 1921 lamen
233 1857 392 1940 sequitur,
410 1858 511 1922 immo
526 1862 574 1922 est
586 1859 729 1922 accidens
741 1860 801 1939 ibi,
898 1858 927 1918 5.
952 1855 1001 1919 ild
1022 1854 1100 1919 illud
1122 1855 1209 1938 quod
1230 1853 1534 1937 sacrosantcum
1561 1853 1627 1916 im-

46 1982 80 2028 eo
95 1964 177 2047 qnod
195 1966 233 2030 in
251 1969 339 2029 notat
357 1966 610 2044 distinctionem,
631 1969 713 2032 sicut
725 1968 804 2032 acci·
857 1965 1004 2047 portetur
1025 1962 1137 2026 eadem
1160 1962 1334 2042 habitudo,
1361 1959 1531 2025 dicendum
1558 1960 1627 2025 sine

44 2071 115 2135 dens
131 2077 176 2137 est
192 2071 248 2136 hic
264 2091 273 2135 ι
297 2072 436 2138 «Petrus
453 2078 500 2138 est
517 2074 630 2138 similis
643 2073 758 2154 Paulo,
772 2079 804 2139 et
857 2068 1043 2153 prejudicio
1055 2069 1140 2150 quod
1154 2069 1209 2150 sic,
1225 2071 1382 2150 quantum
1394 2071 1440 2131 εει
1451 2068 1490 2133 (ιε
1505 2068 1628 2132 ratione

45 2177 264 2257 PanlnsPetro‚
276 2196 354 2261 ergo
363 2179 475 2246 Petrus
483 2185 529 2245 εει
539 2181 653 2245 similis
663 2180 799 2246 Petrczn
857 2174 996 2239 nominis
1006 2180 1031 2238 ¹.
1052 2175 1140 2240 Sicut
1152 2176 1240 2240 enim
1256 2194 1332 2239 cnm
1349 2174 1486 2239 dicitur:
1506 2174 1628 2240 «Pater

41 2284 79 2348 ita
94 2285 168 2349 etin
182 2286 343 2368 proposito
356 2287 610 2369 intelligendum.
857 2282 1034 2346 estsimilis
1053 2281 1148 2359 Filio,
1167 2306 1183 2343 n
1205 2287 1236 2346 ει
1255 2299 1460 2357 econverso,
1481 2299 1546 2346 non
1565 2284 1628 2345 im·

76 2396 105 2455 2.
128 2392 176 2456 Ad
195 2392 276 2456 illud
298 2393 384 2476 quod
408 2394 584 2477 objicitur:
604 2419 619 2455 c
642 2393 804 2478 Simplicia
856 2393 1001 2474 portatur
1015 2391 1077 2455 alia
1091 2391 1194 2455 etalia
1207 2391 1377 2469 habitud03
1389 2391 1623 2471 itanecinhoc,

40 2498 130 2562 simul
145 2499 314 2564 existentia
331 2501 571 2565 confunduntur
591 2502 626 2565 in
646 2521 798 2582 unum3a
857 2497 943 2582 quod
956 2502 1003 2562 εει
1021 2514 1085 2564 esse
1105 2499 1162 2579 in,
1178 2499 1254 2581 quia
1272 2500 1422 2581 importat
1439 2499 1626 2564 relationem

38 2605 201 2670 dicendum
226 2608 314 2692 quod
338 2608 417 2673 illud
443 2626 558 2674 verum
580 2614 645 2686 est,
674 2611 802 2693 quando
855 2606 1046 2686 identitatis,
1071 2607 1139 2671 sive
1166 2606 1506 2671 consubstantialitatis.
1536 2604 1625 2671 Unde

37 2712 186 2797 simplicia
214 2714 335 2779 habent
359 2714 515 2797 distingui
541 2734 638 2799 penes
664 2717 741 2780 illud
767 2718 802 2781 in
855 2714 939 2779 sicut
951 2714 977 2778 si
992 2715 1136 2779 dicatur:
1155 2712 1277 2778 «Pater
1296 2719 1343 2779 est
1358 2713 1470 2777 similis
1483 2712 1583 2792 Filio,
1605 2734 1621 2772 s

37 2838 95 2901 quo
114 2826 206 2902 sunt,
221 2822 306 2886 sicut
327 2823 465 2905 punctus
478 2825 510 2888 et
530 2823 637 2888 unitas
656 2824 696 2889 ab
714 2843 751 2889 eo
766 2826 801 2889 in
855 2825 887 2887 et
897 2841 916 2887 e
928 2841 1095 2902 converso,
1109 2840 1176 2886 non
1188 2822 1303 2887 dicitur
1317 2822 1379 2886 alia
1389 2820 1560 2899 babitud03
1576 2820 1622 2883 sic

37 2946 95 3010 quo
106 2932 169 3006 est;
180 2928 235 2992 sed
248 2928 377 3011 quando
392 2928 503 3012 seipsis
514 2929 758 3011 distinguuntur
770 2937 801 2996 et
854 2929 891 2993 in
911 2930 1089 3013 proposito,
1104 2930 1180 3013 quia
1193 2927 1351 3011 significat
1370 2929 1449 3008 hoc,
1470 2928 1556 3011 quod
1575 2929 1623 2991 εει

36 3034 65 3097 in
88 3035 197 3119 seipsis
221 3035 531 3113 substantificantur,
555 3040 633 3101 tunc
654 3038 802 3119 quamvis
854 3039 967 3104 esseio
981 3038 1096 3116 Putre,
1109 3036 1194 3101 idem
1208 3036 1294 3119 quod
1306 3040 1352 3101 est
1370 3051 1434 3102 esse
1446 3034 1538 3101 Petri
1549 3049 1622 3100 con·

37 3141 91 3205 sint
103 3140 220 3221 simul,
235 3161 304 3206 non
318 3142 572 3223 confunduntur,
592 3145 623 3208 et
637 3144 713 3208 tales
726 3148 802 3209 sunt
853 3142 1104 3211 substantialem.
1120 3142 1158 3210 Et
1171 3144 1371 3208 uuilormiter
1382 3142 1536 3226 accipitur
1546 3161 1620 3206 con·

37 3248 211 3330 hypostases
229 3249 363 3313 divinae.
374 3246 413 3313 Ει
425 3250 525 3333 hujus
536 3251 639 3316 simile
650 3252 801 3334 quamvis
854 3251 1084 3328 substantialis,
1097 3269 1172 3315 cum
1188 3251 1303 3315 dicitur
1314 3250 1353 3316 de
1365 3250 1455 3315 Patre
1467 3252 1500 3315 ct
1511 3248 1593 3314 Filio
1610 3272 1619 3314 ι

37 3356 160 3436 perlecto
185 3375 255 3422 non
279 3356 377 3439 possit
404 3357 439 3421 in
466 3361 612 3421 creatura
639 3358 797 3439 inveniri,
854 3361 885 3421 ει
898 3356 959 3421 hoc
970 3360 1070 3440 patet,
1086 3356 1163 3440 quia
1174 3356 1201 3420 si
1214 3374 1280 3421 non
1293 3358 1410 3422 diceret
1424 3356 1620 3420 consimilem

37 3480 133 3526 amen
153 3463 329 3546 llionysius
348 3464 358 3499 ¹
378 3463 468 3547 ponit
491 3464 676 3547 exemplum
691 3466 726 3529 in
745 3466 800 3530 lu·
852 3463 1161 3542 habitudinem,non
1173 3462 1621 3539 essetcircuminoessio,sicut

37 3569 179 3651 niuibus,
207 3589 285 3655 quar
312 3572 414 3636 multa
435 3576 511 3636 sunt
533 3572 568 3636 in
592 3573 704 3637 eodem
726 3592 798 3638 aare
852 3588 913 3634 nec
928 3570 1115 3652 estquando
1129 3569 1480 3635 diciturcmaturaesse
1493 3569 1615 3649 inlieo,

39 3678 188 3742 neonlusa
201 3697 210 3742 z
222 3682 258 3742 et
266 3677 365 3761 hujus
374 3678 506 3761 signum
515 3683 572 3758 est,
585 3679 661 3762 quia
672 3681 798 3762 quando
852 3682 884 3742 et
897 3677 980 3742 Deus
991 3696 1059 3742 esse
1071 3678 1105 3741 in
1120 3683 1275 3755 ereatura,
1295 3679 1370 3761 quia
1384 3678 1446 3743 alia
1466 3679 1620 3762 importa-

38 3783 181 3849 uminare
195 3785 356 3864 aufertur,
367 3785 464 3848 trahit
477 3785 587 3850 lumen
598 3804 707 3865 suum,
717 3787 799 3852 nibil
851 3788 906 3850 tur
917 3785 1073 3850 habitudo
1088 3786 1121 3850 in
1136 3789 1284 3869 uimque.

37 3889 61 3954 le
73 3892 144 3956 aliis
156 3892 346 3957 convellens
361 3915 369 3957 ε
383 3897 415 3957 ει
428 3892 510 3957 ratio
522 3892 624 3974 hujus
636 3898 699 3972 est,
719 3895 799 3977 quia
892 3896 922 3956 6.
937 3892 987 3957 Ad
1005 3891 1083 3956 illud
1097 3893 1183 3975 qnod
1200 3893 1356 3977 quaeritur
1375 3893 1414 3958 de
1433 3892 1514 3974 hoc,
1530 3895 1619 3976 quod

37 3997 145 4061 nmina
157 3997 194 4062 in
214 4016 291 4063 aere
303 4016 369 4063 non
388 3998 631 4081 distinguuntur
650 4018 748 4083 penes
765 4002 798 4066 id
851 3999 1011 4081 estcpud,
1025 4002 1098 4079 etc,
1110 4000 1277 4065 dicendum
1287 4001 1621 4084 quodquaedamprae·

37 4121 144 4186 uquo.
850 4107 1021 4190 positiones
1040 4108 1079 4190 (a)
1099 4108 1271 4191 important
1282 4107 1503 4173 habitudinem
1516 4126 1618 4192 repu-

60 4216 89 4275 3.
104 4212 155 4276 Ad
175 4212 260 4277 illud
273 4212 359 4295 qnod
378 4213 540 4295 objicitur,
557 4214 642 4296 quod
662 4215 797 4280 essentia
851 4214 1004 4296 gnuntiae,
1019 4218 1057 4278 nt
1069 4221 1194 4289 contre,
1217 4215 1365 4298 quaedam
1384 4215 1564 4295 distantiae,
1582 4219 1621 4280 ut

37 4335 82 4380 ion
106 4319 202 4383 estin
223 4319 362 4384 εεεειιιίε
380 4319 441 4384 nisi
459 4339 516 4402 per
533 4320 700 4404 illapsum,
715 4327 794 4403 etc.;
850 4320 912 4384 hcc
931 4320 1016 4402 quod
1030 4325 1076 4384 εει
1090 4320 1135 4386 od
1148 4326 1180 4385 ει
1192 4337 1308 4404 prope:
1325 4323 1473 4405 quadam
1493 4341 1619 4404 causas,

37 4425 189 4491 xicendum
204 4427 295 4510 quod
311 4445 378 4491 non
391 4431 438 4492 est
450 4427 569 4505 simile,
588 4428 666 4510 quia
678 4429 735 4493 ubi
750 4435 797 4494 εει
850 4431 888 4492 ut
898 4428 938 4494 de
951 4432 983 4492 ει
996 4442 1055 4498 een·
1070 4428 1218 4511 quaedam
1230 4431 1471 4511 convenientiae,
1483 4432 1521 4495 ut
1533 4432 1570 4497 to
1584 4433 1616 4496 et

37 4533 233 4598 ssentiarum
248 4534 434 4615 diversitas,
448 4535 476 4599 si
493 4552 559 4599 una
572 4538 619 4599 est
631 4534 666 4599 in
678 4535 793 4617 altera,
850 4551 934 4600 cum.
955 4534 1072 4600 Primae
1094 4540 1126 4599 ει
1146 4537 1293 4602 secundm
1311 4538 1403 4602 nullo
1421 4536 1516 4602 modo
1536 4538 1616 4602 reci-

38 4644 139 4720 portet
152 4642 246 4724 qnod
261 4659 329 4706 una
342 4641 382 4705 sit
392 4641 499 4725 aliquo
514 4642 610 4706 modo
625 4643 797 4707 materialis
850 4641 994 4725 piuntur,
1007 4643 1062 4707 sed
1075 4642 1174 4707 tertia
1188 4647 1220 4708 ει
1228 4649 1351 4727 quartae
1363 4645 1409 4709 sic
1422 4667 1430 4709 ι
1444 4629 1545 4710 tertiae
1557 4644 1615 4724 alc,

37 4748 121 4828 lteri;
136 4749 364 4832 sedquoniam
375 4768 520 4833 personae
531 4749 692 4824 differunt,
708 4751 796 4814 salva
850 4749 935 4831 quod
946 4768 1014 4814 non
1022 4749 1200 4814 conversim
1210 4769 1218 4829 ;
1229 4752 1416 4834 sedquartae
1425 4753 1614 4832 conversim,

37 4856 161 4920 ssentiae
175 4856 316 4936 mutate,
330 4875 398 4921 una
410 4860 457 4920 est
470 4856 504 4919 in
514 4856 588 4935 alia,
601 4856 676 4939 quia
688 4875 795 4922 essen-
850 4857 926 4939 quia
939 4858 1162 4922 convenientia
1172 4861 1220 4922 eat
1233 4859 1344 4923 relatio
1362 4859 1614 4943 aequiparantia.

37 4963 178 5029 annius
202 4966 254 5028 est
279 4963 414 5028 essentia
433 4963 586 5028 alterius:
607 4965 639 5027 ει
655 4962 699 5026 ita
714 4963 796 5028 sicut
890 4969 928 5028 7:
940 4964 990 5029 Ad
1007 4963 1161 5029 ultimum
1180 4966 1368 5031 solvendum
1388 4966 1474 5049 quod
1492 4966 1551 5031 iste
1571 4970 1619 5032 εει

37 5071 97 5135 Ιειιι
109 5091 180 5137 non
190 5071 339 5137 illabitur
351 5071 422 5151 sibi,
440 5070 600 5136 itannllus
614 5075 795 5155 potestesse
849 5069 1023 5152 singularis
1036 5071 1151 5135 modus
1166 5073 1289 5137 essendi
1307 5075 1346 5140 to
1359 5074 1415 5157 qui
1428 5091 1494 5137 non
1512 5075 1618 5139 conti-

37 5179 53 5242 ιι
68 5180 219 5265 illapsus.
849 5187 944 5246 netur
956 5182 1134 5263 interillos,
1150 5202 1210 5248 nec
1225 5188 1327 5267 potest
1338 5184 1473 5269 reperiri
1489 5185 1617 5269 proprie

51 5289 82 5350 l.
98 5287 148 5352 Ad
164 5286 251 5353 illud
265 5287 350 5370 quod
364 5287 533 5372 quaeritur,
548 5288 626 5372 quid
638 5289 796 5372 significet
849 5288 884 5352 in
896 5288 1061 5352 creaturis.

44 5449 142 5502 ¹Dion.
157 5452 306 5514 ιιι-εοεαε,
324 5447 355 5498 de
367 5449 426 5500 Dio.
440 5450 526 5501 Nom..
545 5464 601 5515 cap.
616 5461 645 5514 11,
659 5464 686 5516 p.
700 5454 710 5503 l
727 5451 793 5503 circa

39 5519 81 5573 ed.
91 5523 149 5564 -2
163 5524 193 5576 S.
202 5521 303 5574 Thom.
314 5521 436 5574 convenit
449 5535 507 5573 cum
521 5523 548 5575 S.
561 5522 658 5575 Bonas.
881 5521 913 5588 (a)
929 5521 990 5574 Cal.
1001 5520 1062 5574 edit.
1081 5519 1281 5587 propositiones.
